3916 6204
257 248 317 311 543

258 422 498 484 cognoscamus
519 405 555 467 in
581 406 912 484 praesentissimum,
939 422 1049 483 quan·

257 507 328 568 tum
348 504 464 566 33133
486 503 660 565 devotione
676 519 811 579 sperare
826 504 861 563 in
882 508 1049 581 posterum

258 603 449 673 debeamus,
492 617 597 677 eoque
624 601 781 662 libentius
812 602 869 661 tua
905 605 1050 677 tempore

258 702 443 777 opportuno
454 698 672 759 exaudiamus
684 699 885 775 precamina,
895 715 958 775 quo
972 716 1051 759 nos-

257 801 310 858 tra
326 796 573 856 meminerimus
588 797 651 856 313
667 795 769 856 luisse
784 796 935 857 devotius
946 814 1052 857 exau-

258 895 337 954 dita.
370 893 420 954 Ne
444 894 554 953 autem
580 894 756 954 occasione
782 910 989 964 excessuum,
1021 894 1051 953 si

259 991 316 1067 qui
335 991 448 1051 forsan
470 991 617 1067 ipsarum
634 994 824 1065 treugarum
849 995 995 1068 tempore
1015 991 1049 1051 in

258 1088 488 1166 praeiudicium
502 1088 695 1149 alterutrius
711 1089 854 1163 partium
870 1090 1051 1149 33313331-

258 1185 364 1255 missi,
390 1184 594 1245 disturbetur
619 1186 810 1261 prorogatio
846 1185 1048 1256 carumdem,

257 1298 414 1357 rogamus
430 1282 556 1353 31,3131
571 1283 605 1342 tu
628 1298 667 1343 ac
682 1282 754 1357 ipse
769 1297 830 1342 rex
841 1283 970 1357 Angliae
988 1298 1049 1342 su-

257 1396 318 1457 per
340 1380 393 1439 his
412 1379 590 1440 convenire
615 1380 765 1455 poteritis
787 1395 925 1456 pervus
948 1381 1047 1456 ipsos,

258 1477 390 1553 eligatis
404 1477 622 1537 communiter
632 1477 762 1552 aliquos
775 1476 878 1537 bonos
891 1477 995 1547 viros,
1009 1478 1050 1537 ad

258 1591 398 1651 quorum
426 1574 615 1639 ,arbitrium
657 1590 816 1634 excessus
860 1574 1050 1651 hujusmodi

258 1672 474 1733 emendentur
498 1668 557 1749 (t).
583 1672 702 1732 Datum
724 1672 896 1743 Laterani,
921 1674 952 1731 X
980 1671 1048 1733 kal.

259 1769 382 1841 martii,
399 1785 487 1830 anno
503 1771 632 1830 octavo.

586 2036 720 2122 CXXX

376 2191 428 2250 Ad
439 2192 479 2249 Β.
498 2188 657 2249 comitem
671 2191 929 2248 Posooteosem.

510 2320 542 2376 ²1
563 2317 696 2375 februarii
717 2317 795 2374 tati.

422 2442 513 2507 [Fejen
527 2441 588 2493 cod.
603 2440 719 2505 diplom,
731 2441 773 2499 111,
786 2440 806 2497 l,
819 2439 886 2505 tao]

259 2570 443 2629 Menelaum
466 2574 496 2622 31
513 2567 541 2622 13
566 2565 621 2622 333
642 2572 670 2622 31
689 2564 840 2622 devotione
867 2565 942 2623 Belca
972 2567 1050 2639 regis

499 2654 631 2728 persistat
645 2653 808 2710 immobilis.

297 2778 474 2848 Honorius,
501 2792 617 2837 servus
647 2791 818 2836 servornm
840 2776 910 2846 Dei,
930 2777 1049 2837 dilecto

259 2876 327 2937 11113
348 2874 459 2936 comiti
480 2872 687 2944 Posonieusi,
709 2873 850 2933 salutem
863 2875 1051 2950 31333313-

258 2974 357 3035 licam
372 2972 645 3032 beneuicttonem.

297 3074 343 3132 Eo
365 3070 443 3130 fidei
465 3071 529 3130 tuae
554 3068 740 3129 constantia
756 3069 861 3143 magis
877 3068 1049 3144 splendere

258 3167 463 3244 dignoscitur
496 3181 559 3242 333
593 3165 628 3224 13
662 3167 787 3242 majore
820 3165 986 3226 carissimi
1014 3167 1048 3226 in

257 3266 387 3326 Christo
409 3262 522 3324 fratris
542 3262 648 3323 nostri
665 3264 701 3322 B.
716 3262 815 3337 regis,
838 3262 1050 3337 primogeniti

258 3360 422 3423 carissimi
451 3360 487 3419 in
511 3359 641 3419 Christo
675 3358 788 3419 fratris
820 3360 926 3420 nostri
960 3361 1048 3434 regis

294 3518 335 3591 (1)
356 3516 427 3585 Quid
450 3515 486 3572 ad
505 3515 622 3571 Honorii
641 3521 767 3571 mentem
787 3516 873 3571 etiam
892 3517 985 3589 egerit
999 3532 1048 3573 rex

259 3590 408 3654 liodricus,
424 3586 560 3643 discimus
574 3600 609 3641 ex
623 3585 752 3657 ejusdem
771 3586 872 3643 litteris
890 3601 962 3658 quas
980 3589 1049 3644 reci·

258 3667 299 3717 tat
311 3662 343 3716 F.
360 3661 474 3732 Rymer,
485 3664 504 3713 t.
517 3659 539 3721 1,
557 3665 627 3727 part.
641 3672 661 3723 1,
675 3671 702 3727 p.
715 3657 767 3712 11οι

296 3731 379 3787 «Rex
392 3727 601 3784 constabulario
617 3726 765 3793 Dovreusi‚
782 3726 911 3782 salutem.
928 3726 1045 3783 Manda-

258 3816 323 3858 mus
336 3799 386 3857 tihi
420 3799 475 3856 uod
489 3797 644 3854 denuncies
654 3796 807 3852 baronibus
817 3797 962 3853 nostrisde
971 3799 1049 3869 3313

258 3886 312 3944 333
332 3815 458 3943 portiXtus
483 3876 513 3925 et
540 3866 744 3924 mercatoribus
765 3874 846 3923 13333
868 3867 1049 3933 3331313133-

257 3940 407 4014 questibus
431 3941 503 4001 13133
530 3939 618 4009 ipsos,
635 3944 709 3993 3133
736 3938 813 4008 ipsos
835 3938 991 3994 3331133331
1018 3941 1047 3994 13

277 4012 402 4068 uibuset
419 4010 449 4065 13
465 4010 578 4081 3333113
597 4014 626 4062 31
648 4023 698 4078 per
717 4022 788 4078 quos
807 4007 842 4064 de
862 4022 947 4078 posse
970 4009 1048 4081 regis

258 4028 385 4140 Xranciae
404 4078 577 4136 damnificati
595 4075 699 4133 luerint
713 4083 811 4133 contra
829 4077 904 4134 hano
918 4079 1047 4135 ultimam

257 4161 387 4234 treugam
412 4159 532 4222 quatuor
552 4162 701 4215 annorum,
722 4155 836 4219 captam
855 4149 928 4204 iuter
947 4163 999 4205 nos
1019 4158 1048 4206 et

258 4223 416 4293 Philippum
431 4218 574 4291 quondam
590 4232 688 4289 rogem
704 4218 841 4284 Francis,
856 4234 918 4288 333
939 4220 1048 4276 33111331

257 4301 357 4364 treuga
375 4289 507 4347 duratura
525 4295 568 4345 est
586 4286 725 4358 3333333
746 4288 855 4344 instans
872 4288 1002 4358 Pascha3
1020 4297 1048 4345 et

257 4362 425 4437 provideant
440 4361 494 4431 ipsi
509 4359 631 4416 barones
645 4364 672 4414 31
689 4366 872 4425 mercatores,
889 4366 920 4415 ut
931 4359 967 4415 de
982 4373 1045 4417 om·

256 4434 340 4491 nibus
355 4430 497 4505 predictis
510 4430 602 4486 sciant
618 4428 774 4485 certificare
790 4429 909 4486 nuncios
924 4438 1046 4499 nostros,

257 4520 329 4578 3333
355 4502 503 4558 mittemus
532 4498 607 4571 apud
631 4500 659 4555 S.
682 4498 816 4565 Ademar,
840 4500 868 4554 in
897 4514 1047 4556 occursum

255 4574 425 4633 nunciorum
453 4573 531 4643 regis
555 4570 681 4626 Francius
700 4569 735 4625 ad
754 4569 927 4625 dominicam
951 4571 1045 4641 proxi·

256 4660 333 4704 mam
350 4651 415 4700 ante
428 4641 537 4699 Pascha
554 4640 695 4705 floridum,
711 4654 761 4711 pro
773 4640 876 4695 talibus
891 4640 1048 4713 interprisis

256 4715 445 4774 communiter
468 4709 665 4776 emendandis,
684 4717 713 4765 et
732 4708 807 4781 3333
828 4718 926 4765 333133
949 4712 1045 4767 termi-

256 4802 324 4844 num
343 4785 422 4841 illum
449 4781 629 4855 probationes
649 4793 717 4835 suas
736 4788 850 4851 paratas
869 4780 1001 4847 habeant,
1018 4790 1047 4838 et

255 4856 296 4914 illi
315 4854 435 4928 prompti
455 4854 513 4909 sint
527 4850 562 4908 ad
581 4849 810 4923 prosequendum
827 4857 855 4906 31
870 4852 1045 4921 responden·

255 4928 322 4985 dum
338 4927 401 4983 aliis
420 4923 455 4980 de
479 4936 569 4994 reguo
592 4921 768 4985 1133313331
785 4935 857 4992 3333
876 4920 1047 4978 ollenderint

254 5005 351 5056 contra
370 5004 500 5066 treugam
516 4991 689 5062 praedictam.
703 4991 786 5046 Teste
803 4993 835 5047 E.
855 4991 1046 5049 Londonieusl

253 5071 399 5198 gpisfcobpo,
407 5063 481 5147 apud
487 5062 782 5129 westmonasterium,
793 5063 929 5118 vicesimo
944 5070 1045 5133 quarto

274 5155 300 5195 te
324 5154 341 5195 e
362 5151 485 5192 ructu.»

287 5210 391 5266 Eodem
410 5204 489 5261 modo
505 5201 641 5259 scribitur
655 5200 755 5272 maiori
780 5210 808 5258 et
829 5202 1045 5261 vicecomitibus

254 5277 393 5344 London,
413 5282 479 5341 ete,
494 5270 551 5328 hoc
569 5278 677 5327 mutato
697 5270 771 5342 3333
786 5272 960 5330 certificandi
981 5282 1047 5330 sunt

254 5350 350 5406 nuncii
363 5345 472 5403 domini
491 5344 579 5424 regis,
594 5356 666 5413 3333
685 5343 778 5398 mittet
793 5345 821 5399 in
835 5343 970 5400 marchiis
982 5346 1046 5401 Pic-

253 5420 337 5478 taviae
349 5426 378 5474 et
391 5415 578 5487 3133333133,
591 5413 666 5469 circa
680 5412 789 5469 instans
800 5412 920 5470 Pascha.

289 5491 368 5554 itero,
384 5487 493 5542 1313331.
510 5505 521 5533 ι
537 5484 597 5539 Rex
608 5481 741 5539 omnibus
753 5482 870 5555 333333
889 5492 1045 5556 presentes

176 5612 180 5619 ,
255 5558 354 5625 litterae
377 5555 569 5628 pervenerint,
589 5546 721 5610 salutem.
747 5553 889 5610 Noveritis
908 5568 961 5611 nos
979 5568 1045 5611 con·

873 247 1050 309 HONORII
1071 249 1117 307 111
1137 248 1286 310 OPERA.
1834 254 1880 315 511

1104 407 1285 483 1133333133
1305 405 1445 471 illustris
1467 406 1682 482 adversitate,
1698 409 1810 486 inqua
1823 413 1879 475 sola

1105 504 1337 581 comprobatur
1354 505 1498 577 dilectio,
1520 522 1579 582 pro
1598 507 1673 583 ipso
1692 507 1846 584 intrepide
1856 514 1880 570 et

1104 603 1280 678 pecuniam
1295 604 1328 662 et
1349 618 1403 663 res
1424 607 1498 663 1333
1519 604 1704 680 exposuisti
1730 605 1878 680 periculis,

1105 700 1137 760 ei
1158 699 1356 760 adhaerendo
1378 700 1532 772 fideliter,
1553 702 1587 762 et
1605 701 1759 762 babendo
1779 703 1878 779 ipsius,

1105 798 1140 857 ut
1155 796 1280 857 domini
1294 797 1343 858 131
1361 797 1556 867 custodiam,
1574 799 1608 859 et
1628 813 1744 858 curam
1756 800 1790 859 et
1804 800 1882 860 solli·

1105 894 1286 954 citudinem
1310 895 1508 956 exercendo.
1530 896 1613 967 Quia
1629 911 1710 956 vero
1730 898 1881 957 3331331-

1106 990 1271 1066 pientibus
1293 992 1348 1051 sed
1373 992 1663 1067 perseverantibus
1689 1008 1811 1053 corona
1835 994 1883 1055 de-

1105 1083 1210 1156 betur,
1248 1084 1454 1146 nobilitatem
1489 1086 1579 1146 tuam
1616 1102 1803 1157 monemus
1835 1103 1882 1164 per

1104 1180 1293 1256 apostolica
1335 1182 1458 1257 scripta
1496 1182 1693 1244 mandantes
1729 1184 1879 1257 attenlins

1105 1278 1320 1354 3331333313
1338 1279 1402 1340 tide
1417 1281 1450 1339 et
1462 1279 1637 1341 devotione
1657 1280 1763 1357 ipsius
1775 1281 1882 1357 persis-

1105 1376 1177 1435 lens
1192 1374 1383 1447 immobilis,
1401 1376 1507 1451 magis
1522 1392 1562 1437 ac
1577 1378 1684 1452 magis
1699 1378 1740 1438 ad
1754 1382 1822 1454 ejus
1833 1395 1880 1440 ac·

1105 1472 1259 1533 cendaris
1283 1474 1455 1534 servitium
1479 1476 1512 1534 et
1538 1473 1720 1548 bonorem;
1742 1474 1794 1534 his
1809 1477 1880 1536 enin

1105 1569 1263 1630 Dominus
1279 1570 1378 1629 linem
1391 1570 1492 1641 dabit,
1505 1572 1539 1632 et
1550 1571 1585 1631 in
1602 1587 1759 1632 serenum
1771 1573 1881 1633 tandem

1105 1666 1255 1726 nubilum
1270 1668 1492 1728 convertetur·
1502 1669 1621 1729 Datum
1632 1669 1801 1738 Laterani,
1809 1686 1880 1730 nono

1107 1762 1267 1824 kalendas
1282 1765 1404 1837 martii,
1418 1779 1506 1825 anno
1521 1766 1651 1827 octavo.

1206 2195 1256 2253 Ad
1270 2195 1447 2255 Attdrecm
1460 2208 1580 2270 333313
1592 2197 1631 2255 H
1631 2197 1800 2270 onacrtae.

1363 2323 1542 2383 1113113333ἰί
1558 2325 1638 2383 tati.

1274 2448 1366 2513 [Fejen
1379 2449 1439 2499 333.
1451 2448 1568 2513 diplom,
1583 2448 1736 2513 11131311]

1106 2574 1247 2630 Honorius
1268 2573 1361 2630 Buzad
1383 2574 1528 2642 comitem,
1551 2574 1680 2646 31133333
1701 2574 1785 2641 Belae,
1806 2582 1881 2646 patna

1140 2663 1269 2728 extorris,
1277 2661 1497 2719 socioslludreae
1506 2662 1579 2735 regi,
1588 2677 1625 2718 ne
1634 2661 1662 2718 id
1670 2661 1881 2735 propterdamna

1140 2751 1293 2822 patiantur,
1309 2749 1501 2807 commendat.

1145 2876 1323 2946 Honorius,
1342 2875 1465 2936 illustri
1480 2875 1551 2951 regi
1567 2876 1763 2951 Hungariae.

1145 2976 1250 3045 Quum
1271 2972 1393 3033 nobilis
1412 2973 1465 3033 vir
1484 2975 1521 3033 B.
1538 2988 1649 3033 comes
1668 2972 1710 3033 de
1730 2976 1843 3043 Poson,
1857 2972 1884 3032 31

1105 3070 1238 3147 quidam
1261 3069 1320 3130 alii
1342 3086 1417 3130 curn
1437 3070 1612 3130 carissimo
1627 3070 1663 3129 in
1679 3070 1808 3131 Christo
1826 3067 1884 3128 11113

1105 3168 1219 3228 nostro
1230 3170 1266 3227 B.
1279 3183 1368 3241 rege,
1384 3167 1603 3244 primogenito
1618 3168 1723 3228 13313
1736 3169 1822 3229 terra
1833 3183 1886 3227 no-

1104 3264 1181 3324 bilis
1195 3264 1271 3335 viri,
1293 3264 1388 3324 ducis
1402 3263 1544 3325 Austriae
1565 3279 1624 3340 pro
1640 3267 1713 3340 ejus
1728 3263 1849 3325 honore
1859 3264 1886 3323 et

1104 3360 1254 3421 custodia
1274 3363 1530 3431 commorentur,
1549 3375 1650 3435 grave
1670 3360 1773 3421 nimis
1792 3362 1823 3421 et
1840 3360 1886 3419 in·

1103 3518 1224 3575 cessisse
1250 3525 1279 3574 et
1300 3517 1418 3574 tirmiter
1443 3525 1616 3583 ereautasse‚
1640 3517 1717 3589 3333
1742 3533 1778 3574 33
1802 3518 1885 3574 onnia

1103 3596 1300 3659 3333331333
1315 3589 1458 3654 attornati,
1481 3588 1538 3644 duo
1554 3587 1688 3645 videlicet
1700 3603 1737 3644 ex
1752 3597 1829 3660 parte
1841 3587 1884 3643 do·

1104 3659 1172 3714 mini
1188 3659 1265 3731 regis
1280 3661 1463 3725 Francorum,
1477 3667 1505 3714 et
1517 3657 1573 3714 duo
1588 3672 1623 3714 ex
1639 3666 1720 3730 parte
1737 3666 1839 3725 nostra,
1848 3656 1885 3712 rel

1103 3736 1159 3785 tres
1174 3744 1282 3797 eorum,
1300 3743 1350 3799 per
1368 3737 1579 3785 sacramentum
1596 3743 1680 3785 suum
1696 3728 1818 3785 dixerint
1830 3741 1884 3800 per·

1103 3799 1238 3856 solvenda
1253 3813 1339 3868 super
1353 3799 1466 3863 debitis,
1481 3798 1595 3856 damnis
1608 3806 1637 3855 et
1649 3798 1806 3880 deperditis
1821 3812 1885 3854 mer·

1102 3877 1229 3926 catorum
1244 3877 1272 3925 et
1290 3870 1408 3925 allorum
1428 3867 1577 3924 homiuum
1591 3869 1700 3925 domim
1714 3872 1796 3941 regis
1809 3871 1885 3925 Fran·

1087 3954 1210 4008 ¹corum,
1227 3938 1309 3995 lactis
1328 3937 1399 3995 inira
1421 3937 1496 3994 hanc
1516 3939 1645 3995 ultimam
1665 3946 1810 4011 treugam,
1822 3939 1886 3995 bona

1102 4008 1279 4067 1133131313
1303 4024 1364 4064 rum
1384 4010 1594 4080 persolvemus;
1618 4017 1647 4065 31
1669 4011 1694 4065 31
1719 4025 1779 4065 333
1800 4018 1886 4081 potue

1102 4081 1157 4136 rint
1180 4024 1345 4136 concorXari
1365 4079 1419 4150 ipsi
1438 4086 1558 4150 3331333
1575 4080 1622 4137 vel
1641 4088 1701 4136 tres
1722 4094 1761 4136 ex
1774 4082 1824 4147 eis,
1845 4092 1888 4151 pet

1102 4158 1312 4208 sacramentum
1327 4164 1410 4205 suum
1424 4150 1533 4221 eligent
1545 4150 1674 4220 quintum
1686 4150 1756 4206 dicti
1765 4158 1886 4223 quatuor,

1102 4228 1130 4278 31
1144 4221 1219 4292 3333
1234 4220 1281 4275 1113
1295 4220 1410 4291 3313133
1428 4234 1493 4276 cum
1513 4218 1624 4276 duobus
1646 4220 1760 4276 illorum
1780 4229 1888 4292 quatuor

1102 4291 1137 4348 de
1157 4289 1437 4362 33331311331333131
1457 4289 1687 4360 persolvendum,
1708 4291 1836 4362 plenarie
1853 4289 1886 4346 si·

1102 4362 1204 4418 militer
1238 4363 1423 4417 ersolvemus.
1440 4359 1645 4432 1333133333,
1661 4363 1814 4417 31313313

1103 4432 1177 4504 apud
1212 4376 1513 4489 Xllestmonasterium.
1547 4430 1683 4487 vicesimo
1719 4373 1889 4502 quinuoeffe

1102 4501 1206 4568 martii,
1223 4515 1299 4556 anno
1325 4501 1407 4572 regni
1432 4506 1545 4569 octavo,
1569 4514 1666 4557 coram
1686 4499 1887 4558 3333331133-

1103 4572 1237 4630 tuariensi
1264 4570 1480 4642 archiepiscopo
1504 4568 1629 4628 liuberto
1643 4570 1679 4629 de
1699 4572 1796 4643 Burgo
1812 4570 1888 4643 justi·

1101 4642 1204 4724 ciario,
1238 4648 1266 4697 31
1300 4641 1485 4698 Bathouiensi
1513 4647 1543 4697 31
1573 4639 1786 4699 saresberiensi
1820 4643 1888 4713 epis·

1101 4728 1135 4769 co
1159 4729 1221 4769 vs.»
1761 4748 1768 4755 -

1136 4729 1214 4849 Xteoc
1232 4782 1341 4849 ibidem,
1371 4781 1460 4854 391.
1482 4804 1493 4832 ι
1513 4782 1635 4838 Domino
1649 4796 1713 4849 suo,
1736 4779 1892 4853 quandoei

1120 4853 1253 4919 iacuerit,
1285 4853 1445 4921 badurico,
1477 4853 1529 4909 Dei
1561 4852 1668 4925 gratia,
1699 4853 1804 4909 illustri
1836 4851 1891 4923 regi

1101 4869 1286 4990 Xrancorum,
1310 4924 1450 4979 113331333
1475 4922 1577 4979 33333
1600 4923 1767 5004 3331133311
1793 4922 1893 4995 Anglo

1102 5009 1174 5061 rum,
1191 4995 1311 5051 salutem
1326 5001 1354 5049 31
1369 4992 1560 5049 dilectionem.
1576 4992 1714 5049 Mittimus
1729 4992 1765 5049 ad
1780 5009 1837 5050 voa
1852 4992 1890 5049 di·

1101 5066 1190 5121 133133
1209 5062 1290 5119 nohis
1312 5063 1341 5119 in
1363 5062 1484 5131 Christo,
1501 5062 1616 5119 lrntrem
1639 5064 1763 5119 Alanum
1785 5064 1890 5128 1133131,

1101 5135 1270 5261 3333131333
1286 5133 1395 5190 militiae
1413 5134 1522 5206 Templi
1539 5133 1569 5188 iu
1586 5133 1701 5205 Anglia,
1722 5140 1752 5189 et
1770 5135 1892 5205 priorem

1101 5205 1136 5261 de

1100 5274 1279 5336 donieusem,
1296 5273 1398 5346 331333
1412 5273 1496 5330 iidem
1508 5272 1617 5331 habere
1631 5273 1725 5330 velitis
1744 5290 1836 5346 super
1854 5274 1894 5328 his

1100 5360 1162 5416 quta
1176 5345 1257 5402 vohis
1273 5344 1395 5401 dixerint
1412 5358 1448 5400 ex
1464 5351 1543 5416 parte
1564 5351 1673 5412 nostra,
1683 5343 1720 5400 de
1732 5352 1777 5401 tre
1821 5346 1847 5400 is
1859 5345 1894 5400 in

1100 5422 1142 5472 133
1165 5430 1217 5472 vos
1238 5422 1267 5472 et
1290 5429 1343 5471 333
1367 5412 1555 5487 prorogandis
1573 5429 1608 5470 us
1628 5426 1664 5470 ue
1684 5412 1721 5469 ad
1742 5430 1800 5487 333
1838 5415 1891 5471 ien-

1099 5486 1221 5551 nium,a
1245 5484 1355 5543 Pascha
1370 5499 1447 5541 anno
1465 5484 1565 5556 gratie
1587 5428 1777 5543 uchxtv:
1800 5483 1893 5563 scituri

1099 5555 1173 5628 3333
1193 5564 1284 5613 ratum
1308 5562 1337 5612 et
1357 5563 1471 5627 gratum
1495 5553 1664 5611 habebimus
1682 5554 1825 5627 33133313
1845 5556 1894 5627 ipsi

1178 5212 1275 5260 33133.
1294 5212 1324 5260 31
1346 5205 1515 5276 magistrum
1538 5204 1572 5259 11.
1593 5204 1799 5260 cancellarium
1823 5207 1891 5261 Lon·
