3886 6214
89 328 143 390 311
692 331 924 394 EPffiTOLAE.
945 332 1026 397 Lis.
1049 336 1120 398 VII.
1364 388 1377 409 ,
1670 343 1735 405 ata

88 486 274 550 eorumdem
307 487 449 551 excitari
481 489 675 553 sanderum
701 494 737 556 et
762 504 879 555 eorum
932 483 1130 569 iufringere,
1145 494 1200 557 rel
1214 494 1246 557 ei
1261 511 1346 559 ausu
1360 497 1542 561 temerario
1550 498 1729 565 contraire.

90 583 277 662 patrociniis
297 585 516 660 communitur
531 588 685 650 omnibns
698 604 779 651 rere
802 605 877 667 poe-
934 588 969 650 Si
982 591 1177 667 quiseutem
1193 591 1257 654 hec
1284 593 1448 656 attentare
1467 598 1728 674 praesumpserit,

90 681 263 744 nitentibus
278 682 313 744 et
326 682 500 757 confessis,
522 685 580 762 qui
594 686 649 748 die
662 687 769 763 ipsius
784 687 880 749 dedi-
933 685 1197 763 indignationem
1222 691 1457 767 omnipotentis
1483 692 1554 764 Dei,
1569 693 1603 755 et
1615 693 1732 758 beato-

91 779 225 840 cationie
248 780 481 843 anniversario
508 783 549 844 ad
573 784 749 846 ecclesiam
769 785 878 862 ipsam
932 800 1006 845 rum
1021 786 1113 847 Petri
1128 788 1161 848 et
1176 786 1272 848 Pauli
1287 789 1519 864 Apostolorum
1534 793 1606 867 ejus
1622 806 1659 852 se
1673 807 1731 871 no·

90 893 158 939 cum
193 867 370 939 deuotione
405 880 623 954 accesserint,
656 883 875 960 quadraginta
931 882 1018 943 verit
1032 883 1256 947 incursurum.
1273 885 1366 946 Datis
1379 888 1547 956 Laterani,
1565 890 1596 949 X
1609 888 1730 950 kalen-

90 974 154 1036 dies
168 973 209 1036 de
222 974 383 1053 injunctis
396 974 461 1037 sibi
475 979 691 1054 poeuitentiis,
708 980 749 1041 de
767 980 879 1042 omni·
932 978 991 1039 das
1017 979 1115 1051 maii,
1140 978 1351 1057 pontificatus
1382 984 1487 1045 nostri
1514 1000 1602 1046 anno
1631 985 1726 1048 sexto

90 1072 225 1153 potentis
241 1073 374 1135 Domini
393 1075 637 1148 misericordia,
652 1079 686 1139 et
702 1076 877 1141 beatorum
933 1071 1110 1157 [septimol.

90 1169 173 1233 Petri
200 1171 234 1232 et
260 1170 358 1233 Pauli
381 1172 608 1249 apostolorum
629 1177 702 1252 ejus
725 1176 876 1238 auctori-

89 1268 282 1332 tatecoudsi
293 1269 556 1333 misericorditer
569 1271 772 1334 relaxamus.
782 1273 876 1335 Datis
1280 1298 1380 1389 CXX

89 1367 249 1441 Laterani,
278 1368 339 1428 xi·
352 1365 514 1430 kalendas
538 1369 635 1443 maii,
664 1369 875 1449 pontificatus

90 1465 399 1530 nostriaunosexto
416 1462 595 1547 [septim0].
1050 1451 1103 1513 Ad
1120 1452 1314 1514 Henmm
1330 1466 1449 1530 Pedem
1463 1454 1606 1530 Addit&-

1213 1581 1249 1641 27
1266 1582 1365 1655 aprilis
1379 1582 1459 1642 lita.

1133 1702 1249 1771 [llymen
1268 1705 1383 1766 Fundere,
1398 1705 1418 1766 1,
1435 1718 1454 1765 t,
1465 1704 1519 1773 θλ]

419 1818 539 1907 CXIX
877 1862 880 1867 ·
944 1827 1060 1887 Mandat
1070 1835 1169 1889 utnon
1182 1837 1403 1903 extorqueantur
1418 1831 1712 1907 pelagianam.

1190 1920 1289 1993 gnatis
1306 1921 1334 1977 in
1350 1920 1465 1994 Augus.

122 1995 603 2060 Mabbaoemet⁰⁰⁷wemum
617 1998 832 2061 ommam·
970 2035 1639 2114 Honoriusepiscepus,eerrusserrorum
1647 2037 1743 2113 Dei,.

356 2137 503 2211 stamus
517 2138 597 2197 litt.
931 2132 1105 2193 carissimo
1123 2132 1159 2194 iu
1180 2133 1310 2196 Christo
1332 2134 1405 2197 illio
1424 2135 1580 2208 Henrico‚
1595 2135 1723 2199 illustri

169 2268 324 2334 mmo,
335 2267 448 2319 Me,
461 2268 702 2330 mmmmm
713 2266 782 2335 Μ
929 2230 1002 2305 regi
1014 2229 1317 2305 Angliae,salutem,
1334 2232 1397 2294 etc.

86 2392 268 2468 ffismdulget
278 2402 309 2452 ut
323 2393 462 2468 quosdam
477 2394 676 2467 possessiones
689 2409 706 2452 e
726 2393 875 2468 cujuslibet

102 2481 855 2557 alteriusjurisdictiouebebeeutliberasetimmunes.
929 2423 1110 2489 munium
1121 2425 1188 2487 ahs
1203 2425 1329 2488 numm
1344 2425 1497 2503 fflaw’
1508 2441 1618 2503 ⁴1⁰¹⁰¹2
1628 2442 1726 2504 “W

928 2520 1067 2599 pedibus
1078 2522 1192 2584 omnia
1207 2524 1285 2585 sunt
1298 2522 1459 2601 subjecta,
1466 2523 1613 2587 fideliter
1624 2523 1724 2589 obse·-

119 2619 189 2680 Etsi
204 2633 410 2696 nequeamus
422 2619 599 2697 quicquam
618 2619 759 2683 Domino
773 2619 875 2681 retri-
929 2619 987 2696 qui
1007 2619 1212 2694 affectantes,
1237 2620 1280 2681 ad
1301 2620 1538 2685 vindicandam
1560 2621 1722 2699 injurium

86 2711 181 2779 tuere
206 2731 268 2794 pro
296 2715 460 2790 omnibus,
486 2732 561 2794 quae
582 2715 624 2780 de
647 2732 716 2779 suae
740 2717 873 2795 pietatis
928 2717 1038 2780 crucis
1059 2720 1143 2796 ejus,
1166 2719 1201 2779 et
1227 2720 1364 2791 terram
1380 2733 1455 2797 quae
1482 2717 1653 2781 murculns
1671 2717 1724 2783 eet

85 2811 283 2876 abundantia
300 2813 418 2877 tribuit
439 2814 512 2891 ipse
535 2813 642 2886 nobis,
658 2829 719 2892 pro
730 2830 771 2877 eo
785 2815 872 2892 quod
928 2814 1722 2892 haereditatisipsius,abbcstibusvindicandam,

85 2924 146 2973 uon
158 2913 212 2995 est
225 2910 364 2977 facture
372 2911 500 2974 vicaria
511 2912 737 2990 compensatio
751 2912 793 2974 ad
807 2913 874 2976 iac·
928 2913 1089 2989 cognatis,
1101 2913 1137 2975 et
1160 2912 1261 2984 notis,
1280 2927 1322 2974 ac
1335 2912 1604 2990 possessionibus
1621 2912 1724 2975 dere-

84 3009 198 3071 toreau:
224 3009 369 3075 scientes
394 3009 508 3073 umen
533 3009 779 3087 beneplacitum
798 3025 873 3073 esse
927 3008 1026 3083 lictis,
1056 3009 1270 3075 laudabiliter
1294 3010 1533 3085 acdngnutur3
1554 3009 1726 3075 excellen-

85 3105 190 3180 illi,ut
214 3107 357 3169 mundos
383 3123 463 3170 suos
485 3107 776 3186 qui-abnegantes
804 3125 872 3171 uon
927 3106 1008 3168 dam
1023 3107 1114 3169 tuam
1128 3122 1296 3183 rogamus,
1305 3109 1339 3170 et
1350 3106 1724 3171 hortamurinuomino

84 3205 185 3267 solum
202 3221 274 3277 sua,
299 3206 357 3267 sed
380 3205 482 3268 etiam
507 3205 705 3283 semetipsos
724 3205 789 3268 sibi
808 3206 872 3269 soli
927 3204 1091 3281 quatenus
1104 3220 1124 3266 a
1138 3204 1390 3280 crucesignatis,
1406 3204 1442 3265 in
1463 3207 1576 3267 Terrae
1590 3204 1724 3267 Sanctae

84 3299 267 3366 desiderant
279 3302 446 3375 famulari,
461 3319 619 3379 geramus
634 3303 670 3365 iu
684 3304 871 3367 visceribus
926 3301 1110 3363 subsidium
1125 3301 1336 3379 proiecturis,
1362 3301 1433 3365 sire
1445 3300 1486 3363 ab
1497 3301 1579 3372 illis,
1590 3301 1647 3379 qui
1661 3316 1725 3365 ne·

84 3399 238 3473 cariutis,
252 3400 286 3462 et
298 3401 348 3461 eis
363 3416 499 3462 manum
512 3400 632 3465 auxilii
642 3401 869 3478 porrigamus,
927 3400 1074 3461 cessaria
1100 3399 1250 3461 delerent
1271 3399 1475 3473 eorumdem,
1496 3400 1531 3462 iu
1546 3414 1650 3477 reguo
1664 3400 1724 3462 tuo

85 3497 279 3559 monasterio
291 3498 404 3559 uestro
417 3498 543 3559 comam
557 3498 754 3560 donavimus
769 3515 872 3576 pecu·
926 3497 1117 3575 extorqueri
1127 3496 1268 3575 pedagia
1278 3513 1345 3559 non
1358 3497 1542 3574 permittas,
1554 3496 1597 3559 ab
1607 3499 1724 3559 extor-

85 3592 146 3655 niae
156 3594 383 3673 quantitatem,
399 3594 618 3656 utexiudead
630 3611 713 3673 opus
726 3597 759 3658 et
773 3596 870 3658 utili-
925 3595 1020 3657 siene
1046 3594 1237 3672 hujusmodi
1261 3595 1535 3673 praesumptores,
1559 3595 1724 3672 potestate

85 3691 178 3755 tatem
191 3693 296 3770 ipsius
307 3692 506 3770 praemuni
516 3708 572 3755 res
582 3693 668 3754 alias
682 3694 870 3757 immobiles
925 3692 987 3756 tibi
1013 3692 1148 3765 traditu,
1175 3691 1424 3769 compescendo.
1448 3693 1612 3753 Caeterum
1644 3692 1723 3769 quia

85 3791 239 3852 emeretis.
270 3790 334 3862 Qui
362 3788 431 3852 dati
457 3790 683 3853 conditionem
700 3792 870 3855 studentes
924 3790 1076 3867 generali
1104 3790 1245 3852 Domino
1267 3789 1436 3864 generalis
1456 3785 1722 3850 debetexhlberi

84 3885 224 3964 implere,
238 3892 307 3966 jam
323 3887 365 3950 de
380 3889 475 3966 parte
496 3888 604 3965 ipsius
626 3889 778 3966 pecuniae
792 3905 871 3967 pos-
925 3887 1110 3959 subreutio,
1123 3885 1256 3964 eoquod
1266 3886 1353 3948 siout
1365 3883 1722 3947 nullusbeneflciorum

85 3984 241 4047 sessiones
255 3985 396 4057 emistis,
412 3987 447 4049 et
461 3985 573 4047 adhuc
591 3986 677 4047 alias
687 3986 727 4048 de
737 3987 869 4065 reliqua
925 3987 998 4064 ejus
1011 3985 1063 4046 est
1076 3999 1207 4061 expers,
1237 3983 1286 4045 sic
1310 3984 1345 4045 et
1368 3982 1481 4044 nullus
1495 3998 1534 4044 se
1553 3983 1662 4059 potest
1676 3980 1721 4043 ab

86 4096 186 4144 emere
206 4083 375 4146 laboratis.
402 4083 496 4145 Unde
524 4082 621 4145 nobis
655 4082 868 4161 supplicastis
924 4080 1176 4160 elusobsequiis
1197 4093 1370 4153 excusare,
1384 4079 1721 4142 interaliossubven-

86 4178 248 4254 instanter,
263 4182 388 4242 uicum
414 4195 465 4253 ea,
489 4197 562 4258 quae
582 4181 622 4243 de
641 4181 868 4244 munificentia
923 4180 1024 4242 tionis
1052 4179 1167 4241 modos
1196 4178 1232 4239 iu
1260 4193 1363 4255 reguo
1396 4178 1527 4254 Angliae
1553 4177 1719 4239 serenitas

87 4277 252 4355 principali
283 4279 396 4340 vestm
422 4279 625 4340 monasterio
645 4279 866 4356 applicentur,
923 4277 1017 4353 regia
1030 4276 1164 4349 statuat,
1190 4275 1227 4337 ut
1245 4274 1401 4354 quaelibet
1429 4275 1556 4347 domus,
1574 4274 1717 4351 singulis

89 4376 168 4435 omui
177 4376 316 4438 debeant
329 4375 482 4438 libertate
495 4375 635 4444 clarere,
650 4391 711 4453 pro
726 4392 765 4438 eo
780 4377 868 4455 quod
923 4372 1103 4444 mensibus,
1118 4371 1460 4450 usqueadtrieunium
1473 4371 1602 4444 saltem,
1615 4385 1718 4432 unum

89 4468 246 4549 indiguum
261 4475 326 4545 est
342 4472 517 4551 utquaeab
532 4488 583 4546 eo,
606 4474 663 4551 qui
677 4475 868 4551 assumptus
922 4473 1162 4542 Turonensem,
1191 4469 1245 4530 rel
1273 4467 1527 4545 aequlralentem
1553 4469 1720 4530 monetam

89 4569 168 4630 estin
178 4570 415 4648 plenitudinem
423 4570 607 4648 potestatis,
614 4571 868 4647 pietatisamore
922 4566 1090 4642 exsolvat3
1103 4566 1260 4645 quoniam
1268 4582 1312 4628 ex
1324 4565 1464 4627 collecta
1474 4565 1720 4628 contributione

89 4663 249 4742 donantur,
266 4668 344 4730 aliis
359 4668 556 4745 subjaceant
575 4669 610 4729 in
632 4668 756 4746 aliquo,
768 4686 867 4746 quam
921 4663 1124 4743 hujusmodi,
1140 4663 1214 4725 sine
1228 4666 1424 4740 cujusquam
1443 4663 1639 4738 manamine
1652 4677 1718 4738 ag-

88 4760 192 4839 datori,
228 4765 455 4844 possessiones
490 4766 532 4828 de
573 4767 715 4844 pecunia
751 4767 866 4830 nostra
921 4764 1077 4841 gregata,
1100 4760 1268 4840 provideri
1301 4759 1424 4837 poterit
1443 4762 1557 4822 Terra
1586 4761 1717 4822 saumas

88 4864 213 4937 emptas,
235 4864 289 4925 uel
306 4863 465 4925 emendas
478 4863 636 4940 uuquam
652 4878 673 4923 a
691 4862 788 4925 nobis
802 4864 866 4926 de·
921 4859 1105 4923 subsidium
1113 4857 1346 4934 opportunum.

87 4958 171 5019 natas
196 4961 330 5023 omniuo
352 4959 514 5022 exhibere
547 4959 773 5036 dignaremur.
797 4961 867 5022 Nos
960 4961 1040 5021 Haec
1053 4957 1153 5019 etiam
1166 4954 1207 5017 ab
1222 4954 1299 5016 aliis
1310 4953 1445 5031 regibus
1457 4956 1493 5017 et
1511 4952 1717 5031 principibus

88 5050 185 5132 itaque
198 5057 318 5120 vestris
343 5056 646 5135 supplicationibus
666 5059 863 5130 annuentes,
920 5053 1120 5117 Christianis
1143 5053 1378 5129 exposcimus3
1393 5066 1460 5112 non
1483 5051 1717 5117 erubescentes

88 5156 267 5218 ancuntate
287 5155 382 5217 vobis
408 5154 622 5231 praesentium
643 5153 865 5230 indulgemus,
920 5168 980 5230 pro
994 5152 1054 5213 illo
1069 5150 1157 5227 apud
1166 5150 1252 5212 alios
1265 5148 1340 5210 iteri
1350 5149 1518 5226 petitores,
1529 5148 1586 5225 qui
1605 5147 1715 5224 parati

90 5248 121 5310 ut
129 5253 347 5326 possessiones
358 5253 449 5330 ipsas
458 5252 615 5329 tanquam
627 5252 668 5313 ad
682 5254 865 5314 Romanam
921 5262 1034 5311 sumus
1049 5249 1090 5310 de
1104 5247 1169 5319 luis,
1186 5262 1260 5325 quae
1282 5246 1383 5309 habet
1402 5244 1564 5317 Ecclesia,
1579 5247 1615 5306 et
1626 5245 1715 5319 aliis,

89 5344 254 5410 Ecclesiam
267 5349 459 5411 immediate
475 5350 718 5425 exspectantes,
731 5352 867 5428 acidus·
920 5365 993 5426 quae
1005 5347 1048 5409 ad
1062 5361 1257 5409 succursum
1272 5348 1384 5406 Terrae
1405 5342 1573 5420 praedictao
1591 5358 1717 5419 prore·

89 5438 159 5506 libel
169 5446 300 5515 alterium
309 5445 546 5525 jurisdictione
563 5445 714 5508 babeatis
729 5446 863 5521 liberas,
920 5445 1043 5514 norint,
1076 5444 1218 5506 libenter
1243 5442 1276 5504 et
1299 5440 1486 5502 liberaliter
1523 5439 1714 5503 subvenire.

89 5537 118 5597 et
135 5538 302 5605 immunes.
325 5541 419 5604 Nulli
434 5557 515 5618 ergo
534 5542 671 5604 omniuo
694 5541 865 5605 bominum
920 5545 1038 5605 Datum
1061 5540 1229 5611 Laterani,
1248 5540 1277 5600 V
1291 5537 1452 5600 habendas
1464 5537 1560 5612 maii,
1577 5539 1716 5618 pontid·

88 5630 269 5702 liccatbanc
281 5639 439 5719 pagiuam
461 5642 584 5703 nostrae
599 5639 865 5704 confirmationis
919 5644 1014 5705 catus
1028 5639 1134 5705 nostri
1147 5652 1235 5700 auno
1247 5634 1398 5713 septimo.

970 2327 1133 2398 Quumsit
1150 2341 1218 2390 nou
1237 2328 1345 2391 solum
1369 2329 1520 2406 impium,
1536 2328 1595 2391 sed
1618 2329 1721 2393 etium
1845 2366 1848 2377 ι
