3930 6206
1689 382 1750 445 sot

108 384 171 445 663
713 381 943 447 EPISTOLAE.
968 381 1045 442 LIB.
1069 382 1154 451 virt.

105 539 202 604 lectis
223 540 304 605 tiliis
318 542 548 605 Ferrariamm
566 542 600 605 et
614 541 729 603 Sancti
748 539 901 602 severint
995 539 1078 612 Quia
1088 540 1191 616 igitur
1201 541 1301 603 nimis
1311 540 1475 604 essetnon
1483 540 1590 604 solum
1600 541 1748 620 impium,

105 639 375 701 castricantonis
389 637 564 702 abbatibus
580 639 612 701 et
626 637 813 700 camerario
825 640 902 698 Fer-
955 636 1012 697 sed
1028 636 1128 698 etiam
1143 636 1372 712 inhumanum,
1390 640 1418 700 si
1434 638 1556 702 dictum
1568 640 1751 716 imperato-

104 736 275 797 rariarum
291 737 493 797 senonensis
514 736 678 807 dioecesis‚
700 735 824 797 nostris
841 734 901 795 da·
954 747 1025 794 rem
1041 734 1074 796 et
1087 735 1220 809 gentem
1245 735 1407 797 Gallicam
1435 736 1477 797 ab
1504 737 1650 798 inimicis
1679 736 1768 841 Dei,N

105 848 181 894 mus
194 832 231 894 in
253 833 429 905 mandatis,
451 834 486 895 ut
501 833 623 895 dictam
644 833 846 895 comitissam
859 832 900 892 ad
955 831 988 891 et
1005 831 1200 891 Latinorum
1226 834 1374 894 omnium
1398 833 1504 896 dictus
1528 850 1599 904 rex,
1627 834 1749 912 perire,

105 929 350 993 restituendum
374 930 483 993 terras
511 931 604 1007 ipsas
627 946 701 991 cum
735 929 901 1006 perceptis
955 925 1033 986 dum
1048 927 1079 988 ei
1092 931 1201 1003 p'otest
1211 945 1416 998 succurrere,
1429 931 1751 1008 pateretur3magni·

103 1025 184 1089 inde
206 1027 315 1089 medio
342 1028 490 1104 tempore
516 1025 689 1099 fructibus,
719 1026 901 1087 monitione
957 1023 1123 1084 ocentiam
1147 1041 1240 1085 suam
1268 1027 1425 1086 atten'ins
1451 1027 1633 1103 rogandam
1648 1029 1750 1089 duxi-

103 1122 291 1200 praemissa,
321 1140 381 1202 per
418 1140 592 1185 censuram
627 1123 899 1194 ecclesiasticam,

104 1218 331 1294 appellatione
343 1222 481 1288 remota,
486 1220 618 1298 justitia
626 1219 803 1286 mediante,
816 1234 902 1279 com-

103 1314 213 1392 pellas
225 1314 285 1395 (1).
300 1318 418 1379 Datum
439 1317 608 1388 Laterani,
622 1318 699 1377 Xlll
719 1315 787 1376 kal.
799 1315 898 1393 junii,

103 1426 194 1473 anno
209 1413 339 1476 octavo.

399 1673 609 1761 ccxxvtt

185 1835 239 1894 Ad
252 1835 450 1905 Butuetam,
475 1835 635 1894 mammea
648 1834 818 1909 recinam.

397 1964 433 2022 20
447 1964 516 2021 maii
532 1963 609 2022 itti.

224 2087 361 2153 [Bcnquet
378 2088 437 2140 Rec.
451 2088 496 2139 das
510 2087 586 2150 illst,
597 2088 665 2147 xlx,
680 2102 706 2152 p.
728 2086 783 2138 tm.

315 2168 425 2232 aegest,
436 2168 481 2219 lib.
498 2168 563 2226 Vlll,
575 2183 615 2233 ep.
630 2166 698 2232 tta]

102 2282 231 2342 heberto
248 2282 284 2341 de
298 2284 469 2353 curtiniaco,
485 2283 533 2355 qui
551 2283 794 2355 Constantinopoli
810 2285 897 2343 Fran·

137 2373 184 2430 cis
208 2378 238 2430 et
253 2372 361 2429 Latinis
382 2370 550 2444 imperabat,
568 2385 585 2428 a
604 2373 710 2429 Grecis
733 2372 847 2429 redacto
863 2372 899 2430 ad

140 2459 300 2534 angustias,
318 2458 450 2517 Blenchae
474 2460 578 2516 excitat
597 2459 731 2531 pietatem
746 2462 897 2529 Honorius,

138 2556 173 2606 ut
187 2550 327 2609 instanter
340 2562 439 2621 regem
451 2547 625 2605 ludovicum
636 2546 796 2605 inducatad
811 2546 900 2605 leren-

136 2637 209 2696 dum
221 2636 314 2694 eidem
328 2636 461 2694 festinum
473 2643 501 2693 et
515 2644 705 2711 opportunum
716 2636 861 2694 auxilium.

142 2771 315 2834 Honorius
355 2771 531 2848 episcopus
534 2814 593 2843 .....
637 2770 821 2833 carissimae
862 2770 898 2831 in

101 2868 325 2931 Christofiliae
338 2869 460 2930 nostrae
468 2867 590 2933 illustri
599 2869 723 2945 reginae
733 2867 896 2937 Franciae,

101 2967 261 3040 salutem,
274 2967 336 3029 etc.

141 3064 248 3125 Novit
261 3064 354 3139 regia
377 3062 537 3125 celsitudo
564 3061 707 3139 qualiter
725 3061 895 3134 Dominus,

100 3161 138 3222 in
152 3164 251 3237 cujus
273 3177 374 3222 manu
397 3161 475 3222 sunt
500 3159 647 3221 omnium
673 3150 850 3235 potestates
865 3160 898 3220 et

99 3259 253 3325 omnium
264 3260 343 3335 jnra
357 3272 545 3333 regnorum,
561 3257 596 3317 in
612 3255 812 3317 Gallicorum
826 3271 899 3316 ma-

99 3355 204 3419 nibus
231 3353 368 3416 tradidit
390 3353 565 3430 imperium
600 3351 783 3424 Romaniae,
811 3351 897 3429 quod

99 3467 164 3529 per
177 3450 311 3513 eosdem
325 3450 375 3512 est
385 3449 482 3527 quasi
494 3448 723 3527 principaliter
737 3446 897 3511 hactenus

99 3548 335 3625 gubernatum,
362 3546 474 3624 ibique
513 3547 643 3608 noviter
682 3547 778 3622 quasi
810 3562 897 3609 nova

99 3644 248 3707 Francia
262 3645 314 3706 est
332 3646 464 3719 creata3
492 3658 553 3705 nec
579 3643 721 3719 ignorat,
738 3644 775 3706 ut
788 3644 898 3705 credi-

99 3757 189 3814 mus,
210 3741 354 3819 qualiter
377 3756 474 3813 nunc,
504 3740 677 3802 carissimo
704 3741 741 3801 in
766 3741 896 3807 Christo

98 3838 173 3900 tilio
188 3838 303 3901 nostro
318 3837 442 3899 illustri
454 3837 818 3914 Constantinopolitano
832 3838 898 3898 im-

96 3935 261 4014 peratori,
287 3933 486 3996 consobrino
514 3934 680 3996 carissimi
706 3934 741 3994 in
765 3934 895 3996 Christo

96 4033 163 4094 dlii
180 4031 285 4093 nostri
298 4030 458 4094 Ludovici
481 4030 622 4094 illustris
643 4031 732 4107 regis
745 4033 895 4093 Franco-

96 4144 188 4201 rum,
210 4128 277 4190 viri
297 4128 358 4199 tui,
382 4128 488 4189 eidem
516 4128 657 4205 imperio
682 4127 892 4204 praesidente,

95 4225 267 4287 diminuta
289 4225 384 4287 estet
405 4225 603 4287 diminuitur
625 4225 773 4301 potentia
788 4224 895 4287 Galli·

95 4338 230 4395 corum,
245 4320 448 4383 adversariis
461 4321 740 4383 invalescentibus
750 4322 896 4398 graviter

95 4421 221 4482 contra
235 4433 303 4491 eos,
317 4418 364 4482 ita
376 4418 475 4495 quod,
492 4418 559 4479 nisi
573 4418 681 4479 eidem
701 4418 896 4496 imperatori

94 4517 259 4581 celeriter
273 4516 497 4587 succurratur,
518 4516 652 4577 timetur
665 4530 708 4576 ne
722 4516 894 4593 irrepara-

93 4613 169 4677 bile
196 4613 325 4677 Latinis
350 4627 569 4690 personarum
597 4613 767 4673 atrorum
793 4613 897 4675 detri-

93 4712 249 4774 mentum
264 4708 446 4782 immineat,
458 4710 492 4770 et
502 4708 705 4785 generaliter
718 4711 809 4785 genti
823 4709 897 4771 Gal·

93 4809 178 4871 licae
192 4808 349 4869 damnum
361 4805 589 4868 inextimabile
598 4803 754 4885 (2)‚.sicut
766 4805 896 4883 plenius

94 4904 246 4981 intelligi
262 4904 369 4982 potest
381 4918 479 4981 quam
495 4901 612 4965 deceat
623 4916 683 4963 nos
695 4902 822 4964 reterre
835 4902 893 4982 (3).

149 5059 180 5132 l)
194 5063 265 5134 Lepe
278 5061 464 5134 compellunt.

148 5138 182 5206 2)
196 5134 267 5204 lepe
281 5131 489 5189 inestimabile.

957 1135 1028 1179 mus
1041 1121 1074 1181 at
1086 1121 1294 1194 hortandam,
1309 1123 1584 1184 inremissionem
1598 1124 1660 1185 sihi
1672 1140 1751 1202 peo-

956 1216 1122 1276 caminum
1138 1217 1359 1294 injungentes
1375 1220 1420 1291 ut,
1436 1220 1615 1296 prudenter
1629 1221 1749 1282 adver-

955 1314 1028 1374 tens
1044 1313 1130 1390 quod
1146 1314 1269 1375 dictum
1294 1315 1470 1393 imperium
1484 1316 1553 1388 vix,
1568 1316 1640 1378 sine
1654 1318 1749 1393 gravi

956 1410 1168 1486 negligentiae
1194 1428 1263 1474 suae
1291 1415 1381 1485 nota,
1398 1413 1506 1490 potest
1526 1414 1645 1486 amitti,
1663 1415 1749 1491 quod

954 1507 1103 1584 tempore
1115 1510 1220 1585 patris
1235 1509 1288 1570 sui
1303 1526 1376 1571 cnm
1392 1511 1510 1586 grandi
1523 1511 1657 1573 virtutis
1677 1511 1750 1587 glo-

955 1603 1006 1665 ria
1021 1605 1150 1667 exstitit
1176 1606 1387 1682 acquisitum,
1409 1607 1516 1668 eidem
1542 1608 1748 1685 imperatori,

955 1701 1033 1762 dum
1047 1702 1156 1764 adhuc
1171 1704 1251 1765 satis
1267 1705 1437 1765 commode
1458 1706 1574 1782 potest,
1592 1704 1748 1767 festinum

955 1800 989 1861 et
998 1801 1219 1876 opportunum
1230 1801 1533 1863 studeatdestinare
1542 1819 1747 1874 succursum,

954 1897 1001 1959 ita
1016 1897 1101 1974 quod
1117 1898 1225 1974 gentis
1240 1899 1386 1972 Gallicae,
1399 1900 1500 1961 immo
1512 1900 1572 1961 Dei
1594 1903 1626 1963 et
1651 1917 1749 1961 suum

954 1994 1056 2055 zelari
1068 1995 1226 2072 probetur
1249 1997 1420 2068 honorem,
1437 1998 1471 2059 et
1494 1997 1581 2075 apud
1598 2000 1699 2059 Deum
1715 2003 1749 2059 et

954 2091 1106 2154 homines
1121 2092 1232 2169 dignis
1255 2094 1376 2155 exinde
1402 2096 1570 2156 mereatur
1594 2095 1748 2158 laudibus

888 2166 897 2191 ¹
954 2191 1189 2252 commendari.
1200 2191 1359 2263 Quocirca
1369 2191 1747 2267 magnificentiamtuam

953 2302 1120 2363 rogamus,
1144 2304 1318 2351 monemus
1338 2291 1371 2351 et
1384 2288 1559 2351 hortamur
1576 2291 1746 2361 attentius,

954 2385 1116 2462 quatenus
1132 2386 1255 2447 dictum
1277 2402 1389 2463 regem
1404 2388 1513 2448 virum
1535 2389 1628 2449 tuum
1652 2388 1747 2448 adid

953 2482 1436 2545 solliciteanimesetinducas.
1450 2486 1568 2546 Datum
1578 2485 1746 2557 Laterani,
1787 2562 1792 2569 ⁶

952 2581 1029 2640 Xlll
1044 2579 1113 2641 kal.
1125 2581 1226 2657 junii,
1250 2596 1338 2642 anno
1353 2583 1482 2643 octavo.

1234 2856 1463 2944 ccxxviii

971 3006 1023 3066 Aet
1036 3006 1192 3067 abbatem
1213 3005 1248 3067 et
1259 3009 1416 3080 priorem
1438 3010 1480 3069 cte
1502 3010 1723 3071 camberone.

1241 3134 1275 3193 at
1291 3136 1359 3193 maii
1375 3136 1454 3195 1224.

967 3255 1137 3321 [Monuments
1148 3271 1215 3323 pour
1233 3258 1313 3309 servir
1326 3258 1427 3309 ti'hist.
1440 3259 1485 3311 des
1494 3275 1565 3325 prov.
1581 3261 1613 3313 de
1624 3262 1730 3322 Numer,

1239 3338 1270 3397 11,
1284 3352 1302 3396 1,
1310 3338 1350 3399 ts,
1361 3353 1387 3388 ιι.
1405 3339 1457 3404 ta]

951 3443 988 3501 Ut
1000 3442 1036 3499 de
1050 3450 1153 3525 cetero
1165 3459 1216 3517 per
1230 3443 1338 3503 litteras
1352 3445 1524 3518 apostoticae
1538 3446 1620 3505 Sedis
1629 3446 1743 3506 decau-

985 3532 1026 3588 sis
1037 3546 1214 3605 cognoscere
1231 3533 1350 3590 minime
1365 3534 1524 3604 teneantur,
1551 3536 1606 3593 nisi
1620 3534 1691 3595 torte
1711 3537 1747 3596 ds

985 3616 1149 3691 hujnsmodi
1164 3618 1291 3678 lacerent
1304 3620 1482 3696 indulgentia
1494 3625 1680 3682 mentionem

990 3745 1169 3818 Honorius,
1200 3747 1263 3809 etc.

990 3843 1034 3902 Ut
1058 3841 1278 3904 observantiae
1304 3842 1432 3904 ordinis
1460 3843 1563 3906 vestri
1593 3859 1743 3907 commo-

950 3937 1024 3998 dius
1044 3937 1217 4001 intendere
1250 3940 1401 4012 valeatis,
1437 3940 1651 4017 praesentium
1684 3959 1746 4005 vo·

949 4034 1001 4095 his
1026 4035 1223 4098 auctoritate
1247 4037 1475 4109 concedimus,
1497 4039 1534 4100 ut
1559 4038 1599 4099 de
1622 4041 1744 4101 caetaro

949 4147 1009 4209 per
1039 4132 1169 4210 aliquas
1194 4133 1324 4195 litteras
1356 4134 1479 4206 advos,
1515 4132 1744 4212 impetrandas

950 4229 1102 4301 anobis,
1130 4230 1309 4292 decausis
1346 4246 1548 4307 cognoscere
1586 4248 1654 4295 non
1687 4234 1743 4297 te·

950 4326 1109 4397 neamini,
1136 4325 1204 4388 nisi
1227 4326 1311 4388 forte
1328 4326 1369 4389 de
1384 4327 1573 4404 hujusmodi
1597 4329 1745 4394 iacerent

950 4422 1159 4499 indulgentia
1174 4423 1386 4485 mentionem.
1410 4425 1503 4486 Nulli
1516 4441 1595 4502 ergo
1608 4428 1744 4490 omnino

950 4519 1121 4580 hominum
1136 4519 1236 4581 liceat
1247 4519 1333 4581 hanc
1347 4522 1504 4597 paginam
1518 4526 1642 4585 nostrae
1657 4540 1742 4586 oon-

950 4616 1112 4678 cessionis
1126 4615 1319 4693 intringere,
1343 4619 1396 4679 vel
1415 4619 1446 4679 ei
1467 4635 1552 4680 ausu
1565 4622 1743 4682 temerario

951 4712 1127 4774 contraire.
1145 4713 1181 4774 Si
1196 4713 1269 4790 quis
1280 4715 1389 4775 autem
1400 4714 1464 4776 hoc
1477 4717 1641 4779 attentare
1656 4733 1744 4794 praa-

950 4810 1139 4886 sumpserit,
1149 4810 1210 4871 etc.
1223 4810 1340 4871 Datum
1349 4812 1516 4886 Laterani,
1529 4816 1590 4875 Xll
1605 4814 1739 4876 kalend.

947 4906 1048 4983 junii,
1065 4922 1153 4967 anno
1169 4907 1297 4969 octavo.

950 5062 1132 5145 imperatoris
1149 5061 1243 5144 stolidi
1263 5062 1464 5148 detrimentum
1486 5080 1621 5147 magnam
1633 5073 1742 5150 partem

952 5148 990 5189 ιιιι
1011 5133 1075 5201 erit,
1090 5133 1215 5206 expulsis
1236 5140 1264 5190 et
1280 5148 1384 5192 occisis
1404 5136 1521 5203 Latinis,
1543 5151 1596 5193 suo
1615 5135 1743 5195 dominio

150 5204 293 5279 apicum
308 5202 448 5261 Robertus
469 5199 729 5272 Constantinopolis
743 5200 899 5274 imperator
952 5219 967 5260 s
1003 5203 1157 5277 ingerunt3
1172 5211 1200 5260 et
1218 5204 1273 5261 nisi
1292 5205 1356 5277 pius
1375 5212 1402 5261 et
1426 5205 1588 5263 misericors
1606 5208 1745 5266 Dominus

96 5275 210 5350 (inquit
238 5286 406 5399 ‚anonKmus
440 5270 614 5328 Turonensis
649 5269 897 5397 chronographus,

94 5356 182 5406 tomo
196 5352 296 5401 ssssstl'ss

953 5280 1066 5330 assueto
1081 5273 1193 5345 pietatis
1207 5273 1290 5330 oculo
1305 5282 1368 5347 post
1389 5274 1501 5347 flagella
1512 5290 1594 5332 suum
1647 5278 1744 5348 pulum

346 5343 424 5408 Vlll,
441 5355 507 5413 pag.
526 5340 590 5412 310)
608 5338 760 5413 juvenilia
782 5340 898 5398 modum
953 5351 1133 5415 respexisset,
1150 5351 1179 5400 et
1194 5343 1295 5416 religio
1304 5344 1466 5402 christianae
1481 5344 1545 5401 fidei
1565 5345 1593 5401 in
1621 5347 1663 5403 llis
1678 5363 1742 5420 par·

95 5420 201 5477 animo
214 5422 244 5471 et
258 5419 354 5481 miste,
373 5426 477 5469 uxores
489 5414 651 5468 Graecorum
666 5417 694 5467 et
708 5411 781 5469 dliss
794 5413 900 5483 sepius
953 5413 1027 5471 tibus
1045 5413 1212 5485 deperisset,
1232 5424 1260 5472 et
1282 5415 1342 5488 ipsa
1364 5416 1621 5497 Constantinopolis
1643 5417 1745 5476 civitas

94 5491 249 5553 violasset,
267 5491 428 5555 terramque
439 5495 549 5537 necnon
565 5489 593 5537 et
611 5480 747 5538 ecclesias
766 5483 896 5538 innume-

954 5483 981 5538 in
997 5485 1158 5541 Grecorum
1174 5484 1306 5541 manibus
1319 5484 1490 5541 devenisset.
1502 5486 1571 5553 Quia
1586 5486 1654 5545 dum
1669 5488 1746 5546 idem

95 5561 141 5617 ris
162 5559 363 5616 thesaurorum
391 5552 481 5625 copiis
504 5549 686 5619 denudasset,
706 5551 805 5623 eisque
825 5552 899 5609 male
953 5554 1159 5626 imperatoriis
1175 5553 1747 5685 dissimulateviveret,intantumquam·

94 5626 253 5701 dispersis,
281 5623 370 5680 durni
392 5630 421 5680 et
443 5622 521 5679 luxui
551 5619 673 5689 deditus,
694 5621 898 5689 mendicasset3

953 5624 1020 5680 dam
1030 5624 1186 5680 Graculum
1195 5623 1350 5693 adamavit,
1362 5632 1417 5681 etc.
1432 5645 1444 5674 ι
1457 5626 1526 5693 Qua
1536 5626 1651 5697 quidem
1669 5644 1746 5703 nuga

96 5700 207 5767 Graeci,
226 5702 260 5752 ut
282 5692 435 5762 credimus,
463 5691 558 5749 divina
584 5691 691 5749 subulti
711 5693 846 5764 potentia,
870 5694 899 5749 in
954 5696 998 5752 est
1013 5693 1140 5763 historia,
1153 5695 1279 5765 satisque
1288 5695 1431 5767 spurcitiis
1446 5697 1539 5769 plena.
1555 5698 1719 5773 (ttouquet.)
