3930 6206
125 292 175 352 ola

126 449 206 511 detur
217 441 399 509 famulatus,
418 440 554 502 domum
565 440 710 501 vestram
733 439 768 500 in
788 439 895 516 ipsius

125 541 252 618 Virginis
265 540 390 600 honore
404 538 640 608 constructam,
654 535 756 599 debiti
771 535 895 597 favoris

124 636 322 720 prerogativa
340 634 466 713 fovere,
483 649 522 696 ac
537 634 577 694 de
592 635 705 696 nostro
722 633 816 695 robis
835 632 895 694 ad·

119 738 210 816 jicere
228 733 365 810 gratiam
386 732 577 809 specialem,
601 746 696 807 aquae
722 731 892 802 molinum,

123 836 151 897 et
166 830 369 895 tenimentum
391 828 530 906 praelata
545 844 619 889 cum
632 828 786 889 omnibus
803 828 896 889 utili-

121 930 227 993 tatibus
241 927 309 988 suis
322 926 428 998 vobis,
443 927 476 987 at
491 925 598 987 eidem
609 925 760 987 ecclesiae
774 926 894 987 vestrae

120 1027 168 1105 pia
183 1022 373 1086 liberalitate
392 1022 613 1094 concedimus,
630 1024 664 1085 et
682 1023 843 1084 donamus
858 1022 893 1082 in

119 1123 294 1201 perpetuum
324 1120 534 1199 possidenda.
568 1119 661 1181 Nulli
694 1136 788 1196 ergo,
817 1121 891 1190 etc,

119 1218 337 1289 muressionis,
352 1220 414 1280 etc.
432 1217 467 1278 Si
482 1217 567 1294 quis,
584 1219 646 1278 etc.
661 1218 779 1279 Datum
791 1217 892 1278 Late-

119 1315 193 1387 rani,
208 1317 249 1376 IV
260 1313 334 1375 idus
344 1313 446 1392 junii,
461 1329 549 1376 anno
564 1315 693 1376 octavo.

424 1616 572 1704 dcxli

148 1752 194 1829 rid
211 1768 366 1830 abbatem
379 1769 414 1828 et
427 1768 633 1829 conceptum
650 1766 854 1828 monasterti

200 1866 316 1927 Sancti
330 1864 433 1927 Petri
447 1868 488 1927 dc
502 1867 678 1939 superiori
692 1864 779 1926 Alter

389 1995 424 2053 ro
438 1994 512 2068 runo
532 1994 611 2053 rann.

246 2118 425 2183 [bonomonte
437 2118 523 2175 Boios,
535 2123 553 2167 t.
566 2117 623 2177 xli,
634 2132 661 2182 p.
678 2116 743 2182 lin]

111 2210 301 2291 donasterium
326 2235 356 2292 S.
381 2234 456 2321 Petri
481 2232 517 2291 de
538 2232 677 2305 superiori
696 2232 760 2290 Alta
774 2231 828 2289 sub
842 2246 894 2290 sua

226 2328 255 2379 et
267 2321 345 2381 beati
360 2322 436 2380 Petri
450 2321 626 2394 protectione
641 2320 768 2394 suscipit.

142 2427 305 2511 Honorius
316 2444 504 2526 episcopus,
513 2461 629 2510 servus
640 2462 812 2508 servorum
820 2448 892 2519 Dei,

106 2543 225 2607 diluam
240 2546 333 2620 filiis,
346 2545 456 2608 abbati
468 2547 500 2606 et
510 2545 687 2607 conventui
699 2544 893 2605 monasterii

108 2638 137 2700 S·
150 2644 235 2704 Petri
249 2642 290 2705 de
303 2643 469 2721 superiori
482 2642 568 2714 Alta,
586 2642 726 2704 salutem
741 2643 775 2704 et
788 2644 894 2719 ipos*

105 2736 521 2802 tolicambenedictionem.
883 2818 885 2823 Ι

139 2837 215 2897 cum
236 2854 257 2900 a
279 2838 378 2900 nobis
397 2838 521 2914 patitur
539 2837 625 2915 quod
636 2838 764 2915 justum
785 2839 836 2898 est
862 2840 894 2899 et

103 2929 271 2996 honestum
292 2938 363 2997 tam
385 2935 480 3011 vigor
504 2935 671 3011 requitatis
693 2950 792 3012 quam
812 2935 892 2996 ordo

103 3029 198 3105 exigit
210 3031 365 3104 rationis,
382 3032 420 3094 ut
435 3032 466 3092 id
487 3048 548 3109 per
561 3032 822 3093 sollicitudinem
837 3032 891 3092 oi*

101 3122 160 3188 licii
174 3130 280 3192 nostri
294 3129 338 3192 ad
351 3128 495 3191 debitum
512 3129 712 3206 perducatur
724 3129 891 3191 effectum.

102 3223 285 3303 Bapropter,
312 3226 427 3287 dilecti
452 3226 488 3286 in
513 3227 652 3287 Domino
679 3227 752 3298 dlii,
771 3226 893 3288 vestris

96 3318 187 3394 iustis
218 3322 501 3400 postulationibus
529 3324 624 3398 grato
656 3323 892 3385 concurrentes

99 3430 242 3492 assensu,
262 3435 426 3498 personas
442 3421 474 3482 et
488 3420 726 3481 monasterium
748 3425 892 3482 vestrum

98 3504 165 3574 cur'n
182 3516 341 3578 omnibus
359 3516 456 3578 bonis
477 3534 552 3595 quae
575 3518 611 3579 in
637 3517 892 3593 praesentiarum

95 3611 336 3676 rationabiliter
363 3614 556 3691 possidetis,
582 3614 702 3676 autin
731 3613 890 3687 futurum,

95 3712 270 3783 praestante
284 3711 438 3784 Domino,
449 3706 551 3789 justis
567 3711 672 3773 modis
685 3713 806 3790 poterit
819 3714 892 3773 adi-

95 3799 181 3880 plsci,
202 3809 265 3895 sub
286 3808 379 3871 beati
394 3810 486 3871 Petri
505 3810 538 3872 et
557 3811 671 3871 nostra
687 3809 891 3887 protectione

92 3904 889 3984 suscipimus.Specialiterantemdeditcrbouen,

91 3996 260 4065 demente
284 4004 418 4065 Sanotoe
440 4002 557 4064 Mariae
578 4002 619 4063 de
637 4003 890 4065 chrissenchir-

91 4094 179 4171 chen,
202 4101 237 4163 et
256 4100 300 4162 de
320 4099 506 4162 Mittervels
521 4096 680 4162 ecclesias
693 4117 768 4162 cum
782 4101 890 4178 perti-

91 4196 207 4259 nentiis
229 4200 318 4267 suis,
342 4213 492 4259 necnon
516 4199 745 4275 possessiones
769 4201 803 4261 et
823 4199 891 4261 alia

87 4287 171 4355 bona
183 4298 314 4367 vestra,
329 4295 417 4356 sicut
431 4311 471 4356 ea
484 4295 597 4356 omnia
613 4298 713 4372 juste,
730 4298 890 4358 canonice

88 4401 124 4449 ac
134 4391 277 4467 pacifice
290 4392 481 4470 possidetis,
494 4391 587 4453 vobis
599 4393 632 4479 et
642 4408 701 4469 per
711 4409 770 4454 nos
783 4394 890 4456 eidem

87 4480 295 4552 monasterio
330 4488 440 4552 restro
474 4490 673 4552 auctoritate
700 4492 890 4568 Apostolica

87 4586 339 4657 confirmamus,
349 4589 382 4649 et
392 4587 566 4663 praesentis
577 4588 693 4665 scripti
704 4589 889 4665 patrocinio

85 4685 347 4746 communimus.
364 4685 458 4745 Nulli
472 4700 552 4760 ergo
567 4686 702 4746 omnino
717 4686 888 4748 hominum

84 4772 285 4844 liceathanc
302 4782 460 4859 paginam
482 4783 605 4843 nostrae
627 4783 888 4871 confirmationis

81 4875 112 4938 et
125 4878 353 4954 protectionis
368 4878 563 4955 infringere,
576 4880 630 4941 vei
645 4880 676 4941 ei
689 4893 774 4941 ausu
788 4884 888 4943 tome

82 4975 169 5036 renio
183 4977 373 5039 contraire.
387 4977 423 5038 Si
433 4977 508 5053 quis
523 4978 633 5039 autern
646 4977 708 5038 hoc
724 4980 888 5039 attentare

79 5074 352 5151 presumpserit,
370 5073 632 5149 indignationem
652 5075 887 5153 omnipotentis

77 5167 136 5230 Dei
149 5174 184 5232 et
198 5170 383 5257 beatorum
398 5172 490 5233 Petri
503 5172 535 5232 et
550 5171 645 5233 Pauli
660 5174 886 5248 apostolorum

75 5267 146 5342 ejus
169 5284 207 5330 se
231 5269 372 5330 noverit
393 5268 619 5329 incursurum.
642 5272 760 5331 Datum
783 5272 885 5333 Late-

73 5366 158 5437 rani,
176 5368 223 5427 lV
238 5365 324 5426 idus
334 5365 434 5442 junii,
451 5366 662 5441 pontificatus
680 5368 784 5429 nostri
797 5384 886 5429 anno

71 5461 201 5525 octavos

232 5758 357 5803 rumor..
379 5757 454 5803 noun
474 5747 523 5806 lv.

701 279 932 340 EPISTOLAE.
957 280 1035 339 LIB.
1059 279 1144 338 vill.
1206 266 1209 271 ’

1262 445 1430 532 ccxlii

1009 599 1061 659 Ad
1078 599 1382 678 archiepiscoppm,
1403 595 1683 659 archidiaconum

1108 693 1141 754 cl
1160 693 1340 767 officiatem
1356 696 1581 755 Turonenses.

1239 815 1271 870 it
1288 813 1359 883 junii
1380 814 1459 871 1224.

965 920 1083 985 [aegest.
1099 919 1143 970 lib.
1157 919 1223 977 Vlll,
1231 919 1304 983 epist.
1315 917 1370 971 ton.
1383 921 1440 970 diss.
1454 921 1489 970 La
1498 921 1573 971 Porto
1583 921 1618 972 du
1632 922 1726 987 nisit]

949 1026 1064 1085 Mandat
1085 1035 1115 1084 ut
1134 1040 1251 1083 causam
1274 1025 1347 1083 inter
1370 1025 1501 1084 abbatem
1528 1035 1556 1085 et
1584 1027 1743 1086 monachos

984 1115 1121 1173 Dotenses
1135 1129 1170 1170 ex
1185 1123 1346 1187 pantenus,
1357 1123 1386 1171 et
1399 1116 1571 1185 capellanos,
1585 1115 1676 1188 quide
1692 1130 1743 1188 pa·

984 1211 1097 1260 tronatu
1117 1201 1283 1260 monasterii
1299 1204 1430 1264 Dolensis
1443 1205 1576 1275 existunt,
1592 1220 1627 1262 ex
1642 1205 1741 1275 altera,

985 1292 1170 1350 amicabiliter
1185 1295 1347 1354 terminent.

988 1402 1165 1469 Honorius,
1190 1404 1265 1477 etc,
1291 1403 1475 1491 venerabili
1493 1403 1588 1465 fratri
1606 1404 1742 1466 archie2

948 1498 1093 1575 piscopo,
1124 1498 1253 1577 dilectis
1271 1498 1418 1581 [tiliis]...
1446 1501 1684 1563 archidiacono
1710 1505 1745 1564 et

949 1593 1084 1677 oidoiall
1098 1597 1358 1657 Turonensibus.

988 1693 1202 1755 Attendentes
1217 1694 1324 1771 qualis
1339 1696 1431 1772 pacis
1446 1696 1596 1772 qualisve
1614 1697 1743 1758 discor-

949 1788 1013 1849 diae
1022 1788 1148 1851 tructus
1159 1791 1291 1864 existat,
1302 1808 1376 1854 cum
1384 1808 1428 1854 ex
1438 1809 1503 1854 uno
1514 1793 1698 1870 spiritualis
1709 1794 1743 1857 ot

948 1885 1140 1963 temporalis
1160 1888 1297 1961 utilitas,
1314 1906 1357 1951 ex
1374 1889 1501 1967 reliquo
1514 1906 1593 1951 vero
1617 1893 1743 1953 anima-

948 1998 1022 2044 rum
1036 1985 1069 2045 et
1082 1992 1195 2045 rerum
1212 1987 1385 2063 proveniat
1400 1985 1644 2055 detrimentum,
1661 2004 1741 2050 con-

889 2114 895 2123 ·
947 2081 1155 2155 troversiarn,
1170 2086 1264 2160 cujus
1278 2085 1434 2161 estlonga
1445 2085 1534 2146 retro
1545 2086 1660 2157 series,
1674 2087 1742 2162 agi·

948 2177 1050 2241 tatam
1065 2179 1186 2240 dudum
1202 2180 1327 2242 inter...
1343 2181 1495 2244 abbatem
1512 2182 1545 2243 et
1562 2180 1742 2244 monachos
1772 2236 1776 2249 ,

949 2276 1062 2337 Dolen.
1084 2293 1126 2338 ex
1149 2278 1244 2356 parte
1264 2295 1341 2347 una,
1364 2280 1397 2341 et
1418 2279 1619 2356 capellanos,
1634 2281 1742 2357 quide

949 2374 1124 2450 patronatu
1138 2377 1331 2438 monasterii
1342 2377 1456 2438 bolen.
1469 2378 1626 2448 existunt,
1640 2378 1741 2455 super

948 2471 1743 2551 provisioneipsumexaltera,nonsinegravibus

948 2570 1119 2647 utriusque
1132 2573 1237 2648 partis
1249 2571 1430 2645 laboribus,
1444 2575 1477 2634 et
1489 2560 1645 2650 expensis
1657 2574 1744 2634 arni-

948 2666 1100 2730 cabiliter
1119 2670 1269 2746 cupimus
1285 2671 1469 2732 terminari.
1491 2672 1653 2742 Quocirca
1673 2671 1744 2732 dis*

948 2765 1089 2827 cretioni
1102 2768 1221 2829 vestrae
1236 2780 1297 2844 per
1308 2767 1497 2845 Apostolica
1511 2768 1633 2846 scripta
1653 2778 1744 2830 man=

947 2861 1076 2934 damus,
1093 2864 1254 2940 quatenus
1276 2864 1318 2926 ad
1336 2864 1545 2926 formandum
1561 2867 1648 2928 inter
1662 2883 1744 2944 prae·

947 2959 1051 3021 dictos
1085 2961 1297 3023 concordiam
1339 2963 1560 3040 interponatis
1596 2964 1741 3026 sollicite

947 3058 1058 3135 partes
1069 3061 1211 3135 vestram
1224 3060 1449 3121 venerabilem
1461 3077 1591 3137 qnoque
1604 3060 1741 3122 fratrem

947 3156 1095 3217 nostrum
1115 3157 1252 3218 Bituric.
1270 3157 1557 3235 archiepiscopum
1578 3160 1742 3220 moneatis

947 3252 1081 3325 attente,
1106 3255 1141 3316 ut
1163 3251 1318 3315 laborare
1340 3255 1458 3316 debeat
1477 3256 1517 3318 ad
1538 3256 1601 3318 hoc
1620 3257 1741 3334 ipsum.

946 3351 986 3410 Et
1008 3365 1083 3411 cum
1102 3351 1310 3429 interipsum
1332 3352 1618 3432 archiepiscopum
1634 3355 1667 3416 et
1680 3363 1742 3416 oa‘

946 3446 1107 3524 pellanos,
1130 3450 1163 3511 et
1182 3450 1319 3523 eosdem
1340 3450 1486 3522 abbates,
1506 3452 1539 3514 et
1562 3452 1743 3513 monachos

946 3544 1087 3607 diversae
1105 3548 1175 3623 jam
1193 3548 1337 3623 querelae
1356 3551 1423 3610 sint
1448 3549 1556 3619 motae,
1580 3549 1744 3610 amicabi-l

946 3641 1093 3705 litoreas
1113 3644 1224 3721 sopire
1239 3646 1372 3718 curetis,
1390 3646 1579 3707 relaxantes
1598 3647 1639 3707 ad
1656 3656 1740 3707 caua

946 3739 1046 3802 telam
1060 3742 1240 3803 sententias
1255 3742 1453 3805 auctoritate
1464 3743 1652 3819 apostolica
1664 3742 1743 3804 binc'

946 3837 1023 3898 indo
1040 3837 1198 3914 prolatas,
1216 3838 1433 3916 eumdemque
1455 3840 1742 3918 archiepiscopum

946 3934 1123 4008 inducatis,
1148 3937 1184 3998 ut
1209 3936 1391 3998 sententias
1414 3950 1495 4014 quas
1516 3938 1664 4014 qualibet
1686 3948 1745 4000 oc-“

946 4033 1081 4094 casione
1105 4034 1221 4095 contra
1237 4034 1327 4111 ipsos
1347 4036 1527 4097 monachos
1546 4037 1744 4099 auctoritate

946 4130 1081 4207 propria
1105 4131 1343 4208 promulgavit,
1365 4132 1438 4193 sine
1462 4148 1523 4194 suo
1545 4135 1578 4196 et
1599 4137 1744 4211 partium

945 4228 1141 4307 praeJudicio
1160 4229 1278 4292 debeat
1294 4229 1461 4291 relaxare.
1477 4230 1631 4293 Partibus
1644 4234 1745 4296 etiam

945 4325 1139 4403 injungatis
1152 4328 1218 4388 uta
1234 4328 1357 4389 mutuis
1370 4326 1515 4406 injuriis,
1533 4332 1566 4391 et
1580 4330 1742 4393 molestiis

945 4421 1194 4498 conquiescant.
1216 4423 1307 4494 Quod
1331 4424 1360 4483 si
1382 4424 1652 4503 archiepiscopus
1671 4426 1743 4504 ipse

945 4519 1092 4597 prolatas
1130 4521 1327 4583 auctoritate
1362 4538 1422 4582 sua
1458 4524 1639 4585 sententias
1675 4530 1741 4588 don

944 4616 1160 4687 relaxaverit,
1171 4617 1269 4678 etvos
1285 4618 1325 4678 ad
1342 4618 1582 4682 relaxationem
1599 4621 1740 4683 aliarum

944 4713 1185 4775 sententiarum
1201 4713 1393 4776 nuliatenus
1404 4717 1600 4794 procedatis:
1616 4719 1650 4779 Si
1661 4734 1740 4782 vero

944 4811 1121 4872 concordia
1142 4812 1319 4888 provenire
1341 4829 1408 4873 non
1430 4817 1560 4891 poterit,
1582 4817 1739 4893 adquam

943 4908 1575 4986 tamen,sicutpoteritis,laboretis,vos¹
1587 4915 1738 4990 proximo

943 5007 1119 5067 venturum
1134 5005 1253 5067 testum
1267 5008 1459 5070 Nativitatis
1479 5011 1655 5072 Dominicae
1670 5011 1738 5072 tam

943 5102 1195 5180 archiepiscopo
1219 5106 1252 5165 et
1272 5105 1488 5181 cappellanis,
1512 5122 1610 5183 quam
1627 5107 1739 5171 abbati

942 5201 975 5261 et
995 5201 1178 5271 monacbis,
1192 5201 1372 5262 terminum
1391 5202 1580 5279 praefigatis,
1598 5220 1662 5281 quo
1680 5222 1740 5283 per

943 5313 990 5365 se,
1001 5298 1055 5359 vel
1066 5301 1298 5375 procuratores
1314 5299 1452 5377 idopeos
1467 5303 1582 5362 nostro
1597 5317 1633 5363 se
1646 5319 1740 5365 cons-

942 5394 1053 5469 pectui
1072 5396 1321 5471 repraesentent
1339 5396 1624 5472 compositionem,
1641 5401 1670 5461 si
1685 5402 1740 5463 de·

941 5507 1041 5568 super
1055 5492 1167 5552 datum
1181 5491 1291 5561 tuerit,
1302 5492 1355 5552 vel
1367 5492 1528 5569 judicium
1542 5510 1642 5573 snper
1652 5513 1740 5575 prae-

940 5589 1052 5650 missis
1072 5588 1238 5660 omnibus,
1255 5588 1432 5666 recepturi.
1450 5592 1611 5655 Caeterum
1627 5612 1742 5674 snper·
