3916 6204
204 250 264 309 459
824 250 1000 312 HONORll
1022 250 1068 310 111
1087 250 1234 312 OPERA.
1357 290 1374 309 ·.
1783 248 1837 308 lot

207 408 343 485 capituli
358 410 391 472 et
405 410 584 473 multorum
599 411 741 472 aliorum
756 410 887 472 litteras
899 424 999 471 rece-
1053 424 1135 484 grue
1159 408 1338 485 provideri.
1372 409 1487 485 Nuper
1518 408 1629 469 sutem
1655 408 1782 469 vertras
1805 406 1834 469 ct

207 504 565 584 pimuscnntinentes,
585 507 671 584 quod
691 508 849 584 praelatus
869 506 1001 584 episco-
1054 506 1231 567 multorum
1244 506 1387 567 aliorum
1401 505 1532 567 litteras
1550 505 1746 580 recepimus,
1762 519 1834 564 con-

207 620 270 681 pus
285 620 351 665 non
364 606 475 680 posset
487 605 550 665 hoc
563 606 713 681 tempore
728 606 800 665 sine
812 605 908 680 gravi
918 606 1002 665 Cra·
1053 604 1208 673 tinentes,
1225 604 1301 675 etc„
1318 618 1425 676 usque
1446 618 1506 679 per
1519 602 1704 663 cessionem
1726 601 1833 677 hujus·

207 702 374 763 coviensis
388 701 539 762 ecclesiae
558 701 757 763 detrimento
771 701 920 779 ejusdem
938 715 999 762 re-
1054 700 1142 761 mcdi
1156 702 1299 762 vestram
1314 700 1446 760 viduari
1460 715 1500 760 ac
1512 698 1655 760 desolari
1670 697 1833 759 mensium

207 798 317 875 gimen
336 798 503 869 abdicare,
522 799 655 875 propter
676 799 762 876 quod
789 799 885 860 nubis
910 813 1000 859 una·
1055 800 1253 874 pateremur.
1269 798 1338 858 Nos
1354 797 1458 872 igitur
1468 795 1747 866 commendantes,
1757 795 1833 872 qnod

207 895 341 956 nimiter
375 895 603 972 supplicastis,
638 912 681 956 ne
714 912 773 973 per
814 896 1000 957 cessionem
1054 893 1485 955 talemvirumdesideratis
1501 893 1624 953 habere
1643 891 1832 968 pontificem,

208 992 397 1068 hujusmodi
433 992 582 1054 eamdem
618 993 749 1054 viduari
787 996 821 1056 et
855 992 1000 1053 desolari
1054 993 1230 1077 vestroque
1253 990 1379 1052 salubri
1395 990 1561 1052 desiderio
1577 991 1773 1060 annuentes,
1788 989 1834 1049 ei-

208 1089 384 1150 ecclesiam
400 1092 598 1166 pateremun
612 1092 681 1151 Nos
703 1090 806 1166 igitur
826 1090 1002 1152 abendon·
1055 1088 1128 1148 dem
1139 1089 1294 1164 episcopo
1305 1087 1455 1148 dedimus
1465 1085 1834 1162 tirmiterinpraeceptis,

207 1189 269 1259 tes,
284 1187 371 1263 qnod
387 1188 449 1248 etsi
464 1187 589 1249 Rachel
602 1190 635 1248 et
647 1188 738 1248 clara
751 1187 856 1249 oculis
869 1189 901 1249 et
914 1186 1000 1248 iacie
1055 1186 1092 1245 ut
1101 1201 1202 1262 quum
1212 1184 1400 1260 regularem
1412 1183 1560 1246 habitum
1569 1186 1640 1260 jam
1650 1183 1834 1259 susceperit

208 1282 353 1344 formosa
378 1284 588 1350 describitur,
616 1285 653 1345 in
678 1285 926 1361 comparatione
948 1285 1002 1346 ta-
1055 1297 1115 1358 per
1126 1282 1212 1359 quod
1226 1281 1393 1343 desiderio
1407 1297 1469 1343 suo
1487 1281 1692 1343 satisfecisse
1702 1280 1835 1349 videtur,

208 1397 285 1442 men
299 1381 523 1443 ioecnnditatis
538 1381 637 1459 lippae
656 1382 781 1443 sororis
801 1381 927 1443 sterilis
941 1397 1002 1457 ap-
1055 1380 1204 1454 regimen
1220 1380 1325 1457 ipsius
1335 1379 1486 1440 ecclesiae
1501 1378 1597 1456 quasi
1610 1378 1651 1439 de
1665 1390 1752 1439 novo
1766 1393 1837 1438 auc

206 1478 368 1556 pellatur;
391 1479 639 1540 considerantes
658 1481 769 1550 etiam,
791 1480 878 1556 quod
901 1494 1001 1556 quum
1055 1477 1189 1538 toritate
1216 1478 1332 1539 nostra
1354 1477 1526 1553 suscipiat,
1558 1477 1634 1542 etc„
1666 1489 1774 1548 rcsqae
1800 1474 1835 1534 ad

208 1576 405 1652 saepedictus
429 1575 605 1653 episcopus
634 1575 823 1652 regularem
852 1574 1001 1637 habitum
1055 1574 1212 1651 populum
1241 1574 1471 1637 memoratum.
1490 1573 1618 1634 Idcirco
1637 1572 1834 1633 universitati

203 1676 276 1751 jam
303 1675 496 1750 susceperit,
529 1689 589 1749 per
623 1674 708 1750 quod
750 1674 916 1735 desiderio
940 1688 1001 1733 sno
1056 1672 1176 1732 vestrae
1196 1686 1256 1748 per
1277 1670 1468 1749 Apostolica
1494 1671 1618 1747 scripta
1638 1668 1831 1740 mandamus,

208 1770 411 1832 satisfecisse
424 1771 566 1841 videtur,
583 1770 689 1831 eidem
709 1771 832 1832 nostris
851 1770 1001 1831 dedimus
1056 1770 1219 1844 quatenus
1230 1768 1337 1829 eidem
1346 1769 1503 1844 tanquam
1515 1767 1639 1843 pastori
1651 1766 1831 1842 etepiscopc

208 1868 329 1929 litteris
358 1868 498 1929 tirmiter
520 1869 555 1928 in
583 1868 769 1944 praeceptis,
798 1869 833 1929 ut
852 1867 1002 1942 regimen
1056 1865 1244 1926 animarum
1267 1865 1455 1925 vestrarum
1479 1862 1671 1933 intendatis,
1699 1864 1732 1923 et
1762 1862 1830 1923 obe-

209 1964 438 2027 Cracoviensis
451 1964 603 2029 ecclesiae
620 1965 716 2040 qussi
733 1964 773 2025 de
787 1980 874 2025 novo
886 1966 1003 2027 aucto-
1057 1962 1157 2023 diatis
1180 1962 1352 2023 humiliter
1370 1961 1403 2022 et
1426 1960 1554 2022 devote.
1582 1962 1701 2021 Datum
1721 1961 1828 2030 Roma,

208 2062 307 2124 ritate
334 2063 448 2123 nostra
472 2061 643 2136 suscipiat,
669 2062 703 2122 et
725 2077 798 2122 eam
824 2061 1003 2136 vigilanter
1056 2061 1116 2119 XV
1130 2058 1290 2120 kalendas
1307 2057 1502 2130 decembris,
1515 2056 1727 2135 pontificatus
1739 2056 1828 2118 nostri

209 2175 302 2220 more
317 2159 416 2219 sclito
430 2159 539 2234 regat;
554 2174 654 2235 quum
672 2160 771 2221 etiarn
784 2158 818 2217 in
834 2158 1001 2235 episcopio
1057 2172 1146 2218 anno
1168 2158 1296 2218 octavo.

208 2257 314 2337 possit
339 2256 372 2317 et
395 2256 560 2317 interdum
583 2254 729 2330 pulchrae
750 2255 906 2317 Rachelis
925 2271 1001 2316 am-

209 2352 362 2430 plexibus
387 2367 446 2428 per
471 2352 615 2413 studium
636 2352 924 2428 contemplationis
946 2351 1002 2412 in-

209 2452 338 2521 sistere,
354 2452 389 2510 et
399 2448 566 2511 interdum
587 2463 647 2525 per
665 2448 914 2524 praedicationis
930 2464 1004 2510 ver·

209 2547 288 2608 bum
311 2547 344 2608 et
366 2546 681 2622 honaeoperationis
698 2544 887 2622 exemplum
901 2546 1004 2622 spiri·
1389 2521 1519 2608 XLIII

208 2642 318 2723 ¹⁰⁸¹⁰⁸
336 2643 377 2704 ‘¹⁰
397 2642 457 2704 L¹³
482 2642 569 2703 “5⁰⁸
587 2656 760 2717 generare,
774 2656 902 2703 menos
916 2641 1002 2720 ΨΜ
1059 2684 1111 2743 nc
1134 2682 1289 2743 annalem
1310 2684 1343 2745 et
1385 2684 1518 2743 rerem
1537 2683 1579 2742 ce
1605 2681 1785 2742 vestierat
1802 2678 1828 2739 ec

211 2739 402 2817 patriarcha
416 2739 519 2802 Jacob
534 2741 608 2817 post
628 2737 754 2801 Rachel
773 2738 947 2815 amplexus
961 2738 1003 2801 ad
1206 2698 1433 2857 praecelsum
1447 2782 1488 2841 de
1501 2779 1705 2841 Normmn·

213 2838 306 2899 Liam
336 2836 476 2898 rediisse
508 2836 674 2908 narratur,
703 2838 736 2899 et
758 2838 892 2914 Moyses
915 2851 1005 2900 nunc

211 2935 384 2996 delimisse
399 2935 435 2995 in
449 2933 674 3006 tabernaculo,
688 2948 777 2994 nunc
790 2934 879 2995 toras
893 2933 1004 2995 exisse
1306 2937 1341 2993 lb
1359 2934 1494 2993 novemb.
1515 2935 1597 2993 lia&

212 3033 253 3094 ad
280 3032 437 3109 populum
460 3035 688 3092 memoratum.
715 3030 859 3108 Ideoque
878 3030 1003 3092 discre-

211 3129 297 3191 tioni
308 3131 428 3191 vestrae
443 3144 503 3206 per
515 3128 707 3206 apostolica
722 3128 847 3205 scripta
865 3127 1005 3188 manda-

211 3242 302 3305 mns,
316 3227 480 3303 quatenus
505 3226 546 3286 ad
570 3224 799 3301 recipiendum
820 3226 1006 3289 cessionem
1060 3210 1109 3273 Εἰ*
1126 3225 1244 3271 Wlfflin
1267 3217 1428 3269 ⁰⁰¹¹l0¹⁸¹¹¹⁸
1442 3208 1692 3283 Mflblidfflss
1706 3215 1736 3267 ἃ
1751 3206 1830 3271 Μ·

213 3324 319 3400 ipsius
335 3323 482 3400 episcopi
506 3322 697 3383 nullatenus
719 3321 917 3399 procedatis.
934 3325 1007 3383 Da-
1094 3300 1192 3401 'limi
1207 3298 1343 3400 ¹¹¹⁰P⁰0ffl
1357 3299 1670 3399 itffldefflffllfflwffi
1687 3298 1743 3357 flffl
1758 3311 1832 3357 ⁰⁸⁰⁰·

210 3423 281 3489 tum
297 3422 421 3491 Romae,
434 3421 494 3480 XV
509 3418 673 3481 kalendas
686 3418 882 3489 decembris,
894 3419 1006 3496 pontt-
1094 3402 1159 3447 ”¹⁰⁰
1175 3386 1384 3447 mmmm
1396 3392 1557 3447 ⁰⁰¹¹¹¹¹²¹⁸¹¹²

211 3511 329 3597 beatus
342 3516 448 3578 nostri
461 3530 551 3577 anno
563 3516 692 3577 octavo·
1100 3520 1836 3600 Hononusepisccpus,servusmmcmmnci,

1063 3620 1193 3683 dilectis
1207 3619 1285 3680 tiliis
1301 3618 1413 3681 abbati
1432 3621 1465 3681 et
1479 3619 1584 3696 priori
1603 3619 1645 3680 de
1660 3616 1838 3680 Walhinrld

1061 3719 1094 3779 et
1112 3718 1291 3794 praeposito
1309 3716 1351 3777 de
1372 3716 1568 3787 Northnsin,
1584 3716 1841 3792 maguntinensis

1062 3813 1225 3885 dioecesis,
1240 3813 1429 3875 salutemet
1448 3811 1676 3890 Apostoltcam
1689 3812 1843 3874 benedic-

1060 3911 1281 4067 beggam
1296 4003 1398 4067 abbas
1413 4006 1447 4066 et
1466 4005 1650 4067 conventus
1664 4004 1847 4068 llsenebnr·

1232 3076 1388 3145 [chronicon
1402 3074 1494 3127 Montis
1507 3075 1599 3136 Sereni,
1614 3075 1682 3143 isa]

214 4042 267 4119 dd
287 4032 453 4100 decaitum
477 4039 511 4101 et
533 4039 721 4115 capitulum
748 4040 1004 4101 Cascantenses.
1256 4103 1289 4117 ,,

1061 4104 1174 4179 gensis
1198 4104 1358 4179 petitione
1380 4102 1618 4173 monstrarunt,
1639 4102 1728 4179 quod
1754 4116 1848 4179 quum

467 4187 501 4244 ¹⁷
519 4185 654 4245 ¹¹⁰V0mh·
675 4187 755 4245 ¹2²3·
1063 4199 1472 4275 Rochmannusquondam
1481 4198 1849 4275 monachusipsiusmc·

325 4327 454 4392 [Thoinen
466 4328 578 4377 honum.
590 4326 712 4386 Polonie,
725 4328 746 4386 l,
762 4327 801 4389 15,
812 4341 837 4377 n.
853 4326 906 4393 ἢ]
1062 4296 1201 4359 ”asterii
1222 4295 1306 4359 falso
1335 4294 1431 4357 ¹¹⁰hi⁸
1458 4310 1654 4371 sagmen&
1677 4296 1766 4372 (Ιῦοᾶ
1789 4293 1848 4371 51³⁸i

1063 4393 1339 4457 excommunicati
1354 4394 1387 4454 et
1401 4392 1574 4469 degradati
1596 4392 1711 4453 divina
1731 4395 1849 4455 mnam

216 4472 331 4546 990Μο
350 4478 380 4529 θῑ
399 4470 523 4544 0³l¹l²¹¹0
541 4470 776 4536 &imminui
802 4484 887 4543 '¹¹⁰0‘
905 4470 1008 4531 θοὼω
1062 4491 1285 4559 celebrabant,
1302 4505 1437 4552 causam
1452 4504 1554 4566 super
1571 4489 1625 4549 his
1644 4491 1679 4551 et
1697 4489 1775 4551 aliis
1794 4487 1850 4550 ab·

521 4566 702 4631 flmmeum·
1062 4591 1131 4652 bati
1144 4591 1177 4651 et
1188 4589 1293 4666 priori
1306 4588 1346 4648 de
1359 4587 1497 4662 Pigavia
1512 4587 1545 4648 et
1560 4587 1739 4663 praeposito
1754 4590 1848 4648 Bran·

255 4693 425 4754 Honorius
440 4693 626 4769 episcopus,
639 4694 715 4764 etc,
733 4691 863 4752 dilectis
877 4690 1006 4755 filiis...
1063 4686 1286 4761 deuburgensi
1301 4684 1499 4746 obtinuisset
1515 4699 1535 4745 a
1558 4683 1645 4745 Sede
1664 4683 1845 4761 apostolica

216 4789 341 4853 decano
368 4794 401 4851 et
431 4789 575 4868 capitulo
602 4787 890 4860 maceriensibus,
917 4788 1009 4851 salu·
1062 4782 1210 4861 delegari
1233 4781 1312 4859 quia
1345 4780 1432 4841 dicto
1460 4778 1580 4841 abbate
1602 4781 1740 4842 interim
1763 4780 1845 4840 viam

213 4887 291 4959 tem,
308 4890 371 4951 etc
1063 4882 1228 4943 universae
1239 4880 1350 4941 carnis
1363 4879 1526 4954 ingresso,
1538 4878 1731 4941 Hartvricus
1743 4890 1844 4939 mona·

255 4986 404 5056 modam
440 4986 568 5056 nuntio,
604 4985 679 5055 etc,
713 4997 821 5059 acque
858 4982 1008 5043 invidere
1063 4979 1156 5048 chus,
1173 4979 1229 5054 qui
1253 4993 1289 5038 se
1312 4977 1348 5036 in
1369 4976 1477 5036 locum
1499 4977 1572 5052 eius
1587 4976 1745 5052 proponit
1757 4975 1841 5035 eleo

215 5083 331 5159 quieti,
357 5081 541 5147 venerabili
563 5081 658 5142 iratri
677 5083 829 5142 nostro...
850 5078 1007 5157 episcopo
1061 5077 1141 5147 tum,
1156 5080 1190 5136 et
1204 5073 1360 5151 praetatus
1375 5073 1467 5150 prior
1481 5072 1635 5133 contente
1653 5074 1751 5134 tertio
1765 5085 1839 5132 con-

215 5179 486 5256 Wratizlaviensi
501 5180 535 5239 et
555 5178 691 5253 collegis
713 5180 784 5253 ejus
804 5177 954 5238 dedimus
971 5177 1008 5237 in
1058 5172 1171 5249 judice
1185 5169 1340 5235 volebant
1362 5170 1396 5231 in
1419 5169 1533 5231 eadem
1556 5184 1659 5231 causa
1673 5167 1841 5246 precedere

214 5276 397 5351 mandatis,
421 5277 459 5335 ut
484 5274 669 5336 cessionem
697 5290 808 5347 suam,
837 5274 866 5333 si
895 5276 1006 5336 tamen
1062 5269 1210 5346 exparte
1224 5268 1386 5329 dictorum
1399 5265 1530 5328 abbatis
1543 5267 1577 5327 et
1590 5267 1770 5327 conventas
1785 5260 1841 5323 init

215 5375 304 5435 esset
336 5372 535 5443 voluntaria,
566 5371 753 5448 reciperent
781 5370 856 5432 vice
878 5371 1004 5441 nostra,
1061 5366 1257 5443 excipiendo
1293 5364 1506 5442 praepositum
1533 5378 1646 5425 coram
1674 5363 1735 5435 eis,
1762 5356 1839 5438 quod

215 5486 279 5541 usu
306 5471 339 5530 ei
366 5469 606 5546 pontificalium
631 5468 813 5539 reservato,
845 5466 1006 5528 iacientes
1062 5478 1163 5541 quum
1177 5461 1438 5539 praenominatus
1447 5458 1684 5521 Rechmannus
1694 5458 1839 5521 essetex-

216 5565 282 5646 ipsi
306 5565 347 5626 de
372 5565 468 5628 bonis
497 5565 728 5629 cracoviensis
754 5563 904 5627 ecclesiae
926 5579 1007 5625 con·
1036 5610 1040 5617 .
1060 5559 1322 5623 communicatus
1345 5557 1493 5633 tempore
1519 5571 1586 5632 quo
1613 5555 1700 5617 tales
1721 5554 1838 5615 litteras
