4014 6224
241 297 301 367 tlh
853 289 1031 359 nemean
1051 290 1098 354 ΠΙ
1118 288 1268 355 orm
1822 295 1884 359 lit
1995 240 1996 251 ἵ

241 456 370 528 nostra,
391 450 525 532 proviso
544 448 634 530 quod
657 464 711 524 ea,
731 464 806 528 quaa
824 448 1032 524 mandarunt,
1088 447 1263 529 ahimaas
1287 446 1614 530 monialeslnclud13
1638 449 1687 516 lia
1709 452 1798 531 quod
1816 467 1882 517 ex·

241 552 421 617 restituant
434 551 469 611 in
481 552 593 611 Terra
608 547 739 609 Sanctae
754 545 939 609 subsidium
954 562 1035 609 con-
1088 546 1188 608 eundi
1211 546 1405 609 monasterii
1424 550 1518 625 septo
1539 548 1681 612 facultas
1698 550 1741 612 da
1761 552 1884 615 caetera

240 649 410 714 vertenda.
433 648 551 710 Datum
570 646 742 722 anaante,
763 647 794 707 li
812 642 887 733 idus
907 645 1031 717 martii,
1088 643 1264 715 adimatur,
1285 643 1381 705 bonis
1404 645 1533 721 praefati
1552 648 1746 709 monasterii
1768 649 1883 711 Sancti

240 763 329 811 anno
344 745 454 809 sexto,
1088 740 1258 818 Hippolyti
1277 740 1343 818 ipsi
1364 743 1567 805 monasterio
1582 745 1696 807 Sancti
1710 747 1883 809 Lamentii

1088 836 1306 914 applicandis,
1323 839 1461 916 excepta
1473 840 1584 918 aliqua
1600 856 1718 903 eorum
1732 858 1884 919 congrua

1087 935 1250 1011 portione,
1266 934 1307 997 de
1322 951 1386 1013 qua
1401 937 1554 1015 personis
1565 940 1636 1015 jam
1649 938 1736 1002 dicto
1753 955 1886 1002 monas·

521 1036 756 1127 CXXXVIII
1088 1031 1173 1093 terio
1185 1032 1298 1095 Sancti
1312 1032 1482 1111 Hippolyti
1494 1035 1669 1098 servituris
1681 1037 1793 1099 valeat
1806 1053 1885 1115 pro·

366 1194 419 1257 aa
433 1194 683 1255 corocensem
698 1190 904 1264 enemo·
1088 1129 1205 1287 iil
1218 1130 1557 1307 illibatis
1571 1132 1886 1306 althena

519 1329 555 1389 ti
567 1328 662 1388 martti
678 1327 757 1386 1222.
1089 1325 1324 1401 oporteatcum
1338 1326 1441 1388 multa
1452 1326 1647 1390 maturitate
1657 1328 1889 1404 procedidis-

389 1463 475 1530 [1³⁸7ss
475 1462 501 1514 al
502 1462 529 1523 d,
539 1462 604 1514 m
616 1461 650 1513 m
662 1474 703 1513 m
717 1460 813 1526 ,m
829 1459 882 1525 δ’]
1005 1460 1012 1473 ,
1089 1422 1229 1483 crationi
1241 1422 1360 1485 vestrae
1371 1438 1433 1501 per
1445 1424 1635 1501 apostolica
1647 1426 1771 1503 scripta
1785 1442 1887 1488 man-

1088 1517 1215 1592 damus,
1235 1521 1397 1598 quatenus
1414 1522 1581 1584 universis
1598 1523 1722 1598 negotii
1736 1523 1887 1586 circum-

1088 1615 1221 1678 stantiis
1243 1616 1421 1694 diligenter
1442 1618 1611 1696 inspectis,
1628 1620 1657 1681 si
1682 1620 1783 1682 saluti
1808 1622 1888 1682 ani·

1087 1730 1217 1776 marum
1237 1714 1388 1778 videritis
1411 1716 1581 1794 expedire,
1606 1718 1641 1779 et
1665 1717 1739 1781 lieri
1760 1719 1887 1796 poterit

239 1589 375 1664 indulget
388 1595 420 1647 ut
433 1586 614 1657 Eustachius,
628 1585 793 1660 capellanus
808 1583 944 1642 Demetrii
958 1583 1037 1658 regis

276 1677 540 1739 Thessalonicensis
553 1674 681 1733 obtineat
693 1671 808 1749 aliquod
816 1670 997 1731 beneficium.

281 1813 459 1885 Honorius,
476 1814 538 1874 etc.
1088 1811 1213 1890 absque
1232 1814 1390 1879 scandalo
1404 1814 1534 1893 etjucis
1551 1816 1743 1892 praejndieio
1763 1816 1884 1890 alieni,

167 2002 170 2009 Δ
279 1914 361 1973 (lum
384 1910 578 1972 carissimus
599 1908 634 1970 in
656 1907 788 1971 Christo
808 1906 899 1968 tillus
921 1906 1035 1968 noster
1088 1912 1249 1974 moniales
1273 1911 1365 1989 ipsas
1387 1913 1422 1973 in
1442 1914 1514 1990 jam
1539 1913 1628 1976 dicto
1652 1914 1766 1978 Sancti
1787 1917 1885 1977 Lau-
1995 1922 1996 1969 t

239 2009 426 2072 Demetrius
439 2022 502 2069 rex
515 2005 824 2068 Thessalonicensis
838 2003 1033 2075 illustris,in
1088 2009 1189 2070 rentii
1205 2010 1406 2071 monasterio
1430 2009 1561 2072 iaciaiis
1581 2011 1720 2084 includi,
1740 2012 1887 2074 alterius
1995 1998 1996 2067 l

239 2107 354 2170 nostra
382 2104 582 2168 constitutus
614 2103 804 2183 praesentia,
838 2101 1034 2179 supplicarit
1088 2107 1281 2168 monasterii
1301 2107 1399 2169 bonis
1419 2108 1594 2184 applicatis
1609 2108 1888 2186 eidem,excepto

239 2204 415 2274 instanter,
438 2202 476 2264 ut
488 2201 609 2263 dilecto
629 2199 698 2262 illio
719 2199 906 2262 Eustochio.
916 2197 1033 2276 capel·
1088 2205 1175 2265 unde
1190 2203 1294 2282 aliqui
1308 2205 1465 2268 servituri
1481 2206 1515 2266 in
1532 2204 1648 2269 eadem
1667 2207 1811 2269 ecclesia
1826 2224 1890 2269 ra·

239 2302 318 2364 lano
333 2316 394 2363 suo
413 2297 588 2377 providere
607 2298 642 2359 in
664 2297 776 2375 aliquo
793 2296 966 2368 beiieioio,
982 2295 1037 2356 di.-
1088 2300 1179 2363 leaut
1213 2302 1405 2374 sustentari,
1443 2303 1500 2380 qui
1534 2304 1569 2366 et
1601 2304 1666 2381 ipsi
1702 2303 1888 2381 saepedicto

240 2398 319 2462 vino
335 2400 442 2460 etsuo
460 2395 583 2458 intuitu
601 2394 834 2472 dignaremur,
859 2410 921 2456 nos
942 2392 1035 2456 deie-
1089 2399 1201 2461 sancti
1217 2401 1387 2462 Laurentii
1403 2402 1607 2464 monasterio
1627 2402 1829 2479 respondere
1843 2401 1889 2465 de
1946 2380 1954 2387 ’
1995 2420 1996 2439 ³

208 2498 353 2558 xrentes
378 2494 481 2571 ragiae
505 2492 669 2570 dignitati,
692 2508 732 2555 ae
753 2493 926 2570 sperantes
947 2490 1039 2568 quod·
1088 2496 1326 2574 temporalibus
1337 2498 1525 2561 teneantur.
1536 2498 1629 2571 Quod
1643 2499 1673 2560 si
1686 2514 1755 2561 noo
1767 2514 1889 2561 omnes
1995 2508 1996 2533 ¹

239 2592 328 2655 idem
343 2607 404 2654 nex
417 2591 543 2654 imitari
558 2590 676 2653 debeat
687 2589 935 2668 progenitorum
949 2603 1033 2650 suo·-
1089 2594 1141 2659 his
1156 2595 1379 2673 exsequendis
1394 2597 1570 2673 potueritis
1585 2596 1759 2668 interesse,
1770 2598 1806 2660 tn
1819 2596 1891 2660 lra-

238 2707 316 2752 rum
341 2688 484 2765 vestigia
507 2687 565 2766 qui
592 2702 723 2764 semper
745 2686 861 2749 devoti.
876 2685 1035 2749 Ecclesia
1091 2696 1140 2754 ter
1169 2692 1430 2770 archiepiscope,
1458 2709 1533 2756 cum
1568 2709 1685 2757 eorum
1710 2696 1817 2757 altero
1843 2710 1891 2759 ea
1923 2738 1931 2751 .

241 2789 401 2851 Romanas
427 2786 572 2858 fuerunt,
600 2786 674 2862 ejas
700 2783 855 2861 precibus
879 2782 1034 2852 dusinus
1089 2789 1307 2851 nihilominus
1337 2793 1543 2868 exsequaris.
1570 2793 1688 2853 Datum
1707 2790 1887 2867 magniae,

238 2884 464 2956 annuendum,
493 2884 556 2946 etc.
583 2884 702 2944 Datum
735 2881 908 2958 Anagniae.
932 2882 962 2943 Π
986 2880 1041 2951 id.
1088 2886 1165 2950 idus
1180 2887 1305 2961 martii,
1325 2888 1538 2967 pontificatus
1553 2888 1659 2951 nostri
1672 2904 1762 2952 anno
1775 2890 1888 2952 sexto.

240 2983 363 3057 martti,
379 2981 591 3060 ponhdeatus
601 2980 709 3042 nostri
724 2994 812 3042 anno
822 2978 940 3047 sexto„

1086 3376 1329 3441 mansorem
1351 3380 1658 3453 archiepiscopum,
1678 3379 1888 3455 apostolico}
1944 3382 1951 3397 '

542 3301 742 3394 cxliiii

239 3456 293 3516 Ad
311 3456 489 3516 diaconem
514 3454 810 3527 archiepiscopum
833 3450 1035 3524 apostolicae
1344 3476 1443 3538 ,504ss
1458 3477 1621 3553 pamm,

277 3551 377 3613 Sedis
407 3548 763 3625 aequinoctialium
783 3561 827 3610 ac
854 3547 1034 3609 castiorem

279 3648 526 3710 miciacenses,
1367 3604 1401 3663 ld
1411 3605 1506 3663 martii
1521 3606 1600 3665 lm.

1221 3726 1355 3793 martene,
1367 3728 1513 3780 Thesaurus
1523 3729 1629 3789 Anecd,
1642 3730 1663 3789 l,
1677 3729 1745 3793 aba]

517 3775 660 3834 lameriti
676 3773 756 3833 llll.

671 3895 880 3961 uo

240 4027 357 4091 Mandat
371 4035 403 4084 ut
415 4027 444 4084 in
463 4025 638 4084 monasterio
654 4023 750 4083 Sancti
768 4022 911 4082 Laurentii
927 4019 1032 4081 includi
1122 4020 1315 4080 habitantibus
1333 4022 1472 4092 instituat,
1488 3948 1692 4082 dummodoffltd
1708 4023 1770 4080 lieri
1787 4023 1891 4084 valeat

274 4115 381 4175 iaciant
392 4115 533 4175 moniales
544 4113 639 4173 Sancti
655 4112 809 4186 Hippolyti,
823 4112 848 4169 sl
860 4111 889 4169 id
903 4110 965 4169 fleri
979 4125 1032 4185 po·
1122 4109 1230 4184 absque
1244 4108 1380 4169 scandalo
1394 4117 1423 4167 et
1434 4111 1507 4185 juris
1518 4110 1683 4185 proeJudiclo
1696 4112 1791 4170 alieni.

273 4210 329 4262 test
345 4202 452 4276 absque
465 4201 601 4261 mandale
614 4209 643 4259 et
654 4201 771 4259 lesione
780 4200 852 4272 iaris
867 4199 962 4258 aliani.

1126 4236 1295 4298 Ilonorius
1306 4236 1617 4313 episcopusservus
1626 4251 1800 4299 servorum
1809 4237 1889 4311 Dei,
1994 4228 1995 4249 ³

278 4338 949 4419 Honoriusepiscepus,servassemorum
959 4333 1031 4407 Dei,
1087 4332 1272 4395 venerabili
1291 4332 1388 4395 trahi
1400 4333 1603 4396 Bituricensi
1618 4334 1890 4412 archiepiscopo,
1994 4378 1995 4393 ,

237 4435 422 4501 venerabili
442 4435 538 4498 tratri
560 4433 811 4511 archiepiscopo
833 4432 1032 4510 apostolica
1087 4430 1288 4509 apostolica
1302 4430 1530 4507 sedislegato,
1545 4431 1731 4494 salutemet
1743 4432 1891 4509 aposto-
1994 4420 1995 4469 ἶ

239 4535 334 4599 Sedis
349 4534 458 4612 legato
473 4534 507 4597 et
523 4531 654 4596 dilectis
672 4531 749 4593 dlii<
766 4524 893 4595 decaho
907 4531 940 4592 et
952 4545 1034 4592 can-
1087 4528 1186 4590 licam
1198 4526 1476 4591 benedictionem

236 4633 303 4696 tori
328 4631 539 4705 Bituricensi,
567 4630 708 4692 salutem
744 4635 778 4692 et
814 4627 1033 4706 apostolicam
1125 4627 1195 4686 'lua
1221 4625 1336 4702 petitio
1366 4622 1463 4686 nohis
1490 4622 1640 4686 exhibita
1673 4624 1890 4702 continebat,

236 4729 512 4794 benedictionem.
1086 4722 1172 4802 quod
1197 4721 1331 4784 abbatia
1352 4722 1398 4783 de
1414 4719 1516 4784 cellis
1537 4722 1651 4784 Sancti
1673 4722 1795 4783 Eusicii
1817 4723 1892 4788 tuae

276 4829 444 4905 Experto
466 4828 535 4899 tua,
561 4824 668 4888 irater
687 4822 949 4901 archiepiscope,
970 4820 1034 4885 tuit
1087 4819 1251 4892 dioecesis,
1277 4820 1312 4880 in
1333 4834 1398 4897 qua
1422 4819 1500 4881 sunt
1520 4818 1673 4881 emonioi
1696 4819 1891 4895 regulares,

236 4925 441 5006 propositum
466 4939 578 4987 coram
601 4922 709 4996 nobis,
733 4920 819 4999 quod
838 4921 874 4982 in
897 4920 1033 4982 civitais
1086 4933 1147 4997 per
1169 4916 1332 4980 malitiam
1353 4915 1574 4979 habitantium
1592 4916 1629 4979 in
1652 4915 1779 4989 eadem
1799 4917 1893 4983 adeo

237 5023 437 5090 Bituricensi
448 5022 527 5084 sunt
537 5021 603 5083 duo
612 5019 815 5082 monasteria
825 5016 1030 5087 monialium,
1088 5017 1138 5078 est
1152 5015 1310 5093 collapsa,
1329 5014 1364 5075 nt
1382 5029 1449 5076 non
1471 5014 1624 5091 speretur
1639 5013 1727 5091 quod
1745 5014 1893 5092 aliqua·

238 5123 351 5186 Sancti
365 5118 537 5182 Laurentii
556 5120 590 5180 et
605 5116 718 5180 Sancti
739 5115 927 5194 Hippolyti3
950 5131 1034 5193 quo-
1087 5115 1183 5176 tenus
1193 5113 1402 5190 possitasua
1414 5112 1512 5173 ruina
1522 5126 1712 5187 resurgere,
1721 5111 1789 5172 nisi
1799 5113 1894 5177 tales

234 5237 310 5282 rum
329 5218 492 5282 moniales
513 5215 704 5293 frequenter
725 5229 786 5291 per
799 5214 891 5276 vicos
906 5213 939 5274 et
959 5212 1034 5289 pla·
1087 5225 1238 5289 personae
1250 5208 1514 5272 instituanturin
1529 5208 1668 5286 eaquae
1677 5207 1764 5270 bona
1779 5212 1894 5287 ejusa

236 5318 308 5380 teas
332 5315 499 5388 incedunt,
513 5313 548 5374 in
572 5312 759 5375 animarum
780 5326 917 5372 suarum
938 5309 1032 5387 peri·
1087 5308 1229 5369 diversis
1248 5306 1381 5369 clericis
1402 5306 1563 5383 laicisque
1582 5306 1714 5367 detenta
1728 5308 1895 5383 potenter

237 5415 348 5477 culum
376 5415 409 5475 et
439 5409 632 5474 scandalum
663 5408 894 5486 plurimorum.
923 5409 1033 5479 Quare
1086 5405 1221 5467 valeant
1241 5404 1413 5467 vindicare
1429 5419 1437 5465 :
1455 5418 1559 5482 quare
1577 5403 1708 5475 suades,
1726 5403 1764 5464 ut
1781 5421 1894 5482 quum

237 5505 837 5590 petebasutipsomonastoriosancu
847 5504 1032 5576 Laurentii,
1087 5503 1122 5564 in
1148 5517 1190 5563 ea
1210 5501 1335 5564 luerint
1354 5501 1434 5563 olim
1452 5499 1607 5563 canonici
1626 5499 1821 5574 saeculares,
1843 5504 1894 5567 ad

238 5607 325 5689 quod
340 5607 382 5670 ad
395 5607 459 5670 hoc
472 5608 524 5671 est
537 5605 644 5683 magis
658 5605 826 5673 idoneum,
846 5601 1033 5667 taceremus
1087 5598 1259 5678 antiquum
1286 5599 1407 5662 statum
1434 5596 1548 5661 reduci
1578 5596 1765 5659 laceremus
1786 5612 1893 5663 mm-
