3972 6204
167 372 226 432 917
789 368 1020 430 EPISTOLAE.
1044 367 1124 428 LIB.
1147 367 1187 427 X.
1749 362 1810 423 918

165 542 280 591 coram
314 528 421 601 nobis,
444 528 546 589 nimis
569 527 686 590 stricte
710 524 959 604 interpretando
1054 526 1139 588 Vota
1152 524 1300 586 fidelium
1322 523 1479 600 pietatem
1492 523 1578 583 inse
1592 521 1808 594 coutinentia,

165 627 409 702 indulgentiam
431 628 581 689 nostram
595 640 782 696 asseruere,
799 624 885 701 quod
901 639 961 701 per
1015 623 1134 701 quibus
1158 623 1303 684 maxime
1327 621 1465 683 libertas
1492 620 1685 697 inquiritur,
1706 634 1808 696 quum

165 738 241 785 eam
260 723 411 800 predicti
433 723 555 784 iratres
580 722 703 799 praeter
716 722 958 798 episcoporum,
1014 720 1209 782 favorabilis
1224 736 1279 781 res
1301 721 1425 791 existit,
1442 718 1557 781 favore
1571 719 1649 779 sunt
1662 731 1811 793 congruo

167 821 335 891 abbatum,
351 823 384 882 et
398 820 543 881 aliorum
560 819 774 897 prelatorum
787 833 960 880 assensum
1015 818 1258 896 prosequenda,
1282 833 1410 894 nosque
1424 817 1508 894 ipsis
1531 816 1809 892 tenemur'hpos-

166 917 278 979 iacere
300 917 363 978 hoc
387 933 453 979 non
473 918 629 994 possunt;
649 918 784 993 propter
803 915 888 993 quod
902 930 960 977 eos
1015 916 1151 977 tolicum
1180 915 1373 992 praesidium
1401 914 1577 992 impertiri.
1607 912 1700 974 Unde
1732 912 1812 973 licet

166 1013 337 1075 celebrare
355 1016 453 1091 juxta
477 1014 719 1089 indulgentiam
737 1013 960 1089 apostolicam
1015 1012 1315 1091 supplicationibus
1344 1012 1506 1091 porrectis
1530 1010 1624 1073 uobis
1649 1024 1749 1087 super
1766 1009 1812 1069 li-

167 1127 233 1173 uon
254 1111 459 1188 permittunt.
476 1113 556 1172 Cum
571 1113 695 1183 autem,
719 1111 747 1171 si
772 1126 827 1171 res
847 1111 961 1172 taliter
1014 1111 1142 1173 bertate
1154 1126 1252 1188 quam
1268 1110 1390 1172 nobilis
1400 1111 1453 1173 vir
1468 1112 1505 1170 G.
1517 1124 1627 1171 comes
1639 1107 1809 1179 Forensis,

167 1224 204 1270 se
225 1207 374 1281 haberet,
390 1208 476 1270 nihil
494 1209 544 1271 eis
568 1208 736 1271 conterret
755 1207 961 1284 indulgentia
1015 1224 1117 1287 nepos
1131 1211 1220 1280 tuus,
1233 1207 1425 1269 hominibus
1438 1208 1528 1269 villae
1545 1207 1659 1268 Sancti
1672 1209 1809 1282 Ragne-

165 1308 360 1378 memorata,
379 1308 452 1368 sine
478 1323 542 1385 qua
569 1306 602 1367 id
630 1306 806 1383 episcopis,
831 1308 863 1368 et
884 1306 960 1368 aliis
1015 1305 1113 1379 berti,
1131 1307 1164 1368 et
1188 1306 1421 1384 parochiarum
1438 1320 1584 1376 suarum,
1603 1303 1732 1365 scilicet
1745 1305 1812 1364 Bo-

166 1404 315 1481 praelatis
343 1404 567 1466 annuentibus
591 1404 708 1466 liceret
730 1403 867 1475 eisdem,
897 1403 962 1465 fra·

165 1500 316 1563 tenuitati
331 1503 397 1563 tuae
411 1517 473 1579 per
483 1501 674 1579 Apostolica
687 1500 812 1577 scripta
822 1501 962 1565 manda-

166 1613 254 1671 muS,
279 1600 443 1675 quatenus
469 1599 743 1676 interpretatione
771 1598 961 1675 hujusmodi

167 1694 357 1772 reprobata,
379 1696 455 1756 dum
477 1698 588 1759 tamen
610 1695 651 1757 ab
676 1696 763 1766 aliis,
792 1711 864 1773 quae
884 1698 961 1773 jnre

164 1792 351 1870 parochiali
385 1794 596 1870 proveniunt,
625 1809 661 1853 se
686 1809 824 1870 prorsus
852 1792 960 1855 absti-

105 1960 120 1987 ι
163 1890 280 1961 neant;
298 1889 408 1951 datam
436 1890 485 1950 eis
504 1890 552 1951 sic
575 1890 746 1951 licentiam
771 1889 960 1951 celebrandi

164 1986 363 2051 auctoritate
388 1989 502 2049 nostra
526 2003 592 2048 non
617 1987 754 2048 differas
778 1987 958 2064 publicare,

163 2083 211 2144 ita
231 2083 317 2161 quod
338 2083 418 2146 dicti
433 2083 553 2149 tratres
569 2084 714 2162 aliquam
728 2100 771 2146 ex
784 2084 961 2161 indulgen-

163 2180 211 2242 tia
227 2183 342 2242 nostra
356 2181 535 2267 videantur
549 2182 584 2242 iu
603 2181 667 2242 hoc
680 2181 823 2257 gratiam
838 2197 959 2243 conse-

164 2278 245 2338 cuti.
259 2279 378 2339 Datum
389 2279 504 2351 Reate,
534 2281 563 2340 V
575 2278 736 2341 kalendas
751 2280 958 2357 septembris,

165 2390 254 2436 anno
267 2375 406 2436 decimo.

519 2600 610 2686 XXI

266 2752 318 2811 Ad
338 2753 553 2813 drithelmum
567 2755 860 2827 archiepiscopum

460 2851 664 2910 Ramesses.

430 2978 466 3035 30
485 2979 599 3052 augusti
615 2977 694 3037 1²25.

268 3100 405 3162 [Sbaraloa,
420 3101 517 3152 bullar.
531 3101 669 3161 Francisc„
682 3102 703 3160 1,
716 3102 755 3161 ἥ,
768 3116 793 3153 n.
808 3102 860 3169 20.]

164 3222 284 3283 blandai
307 3224 522 3299 archiepiscopo
545 3228 689 3297 Remensi,
702 3235 734 3285 ut
756 3227 901 3285 sinistram
916 3228 958 3285 in·

202 3313 434 3384 terpretationem
459 3311 602 3385 predictae
631 3315 827 3371 concessionis
852 3329 868 3372 a
897 3315 959 3388 qui·

201 3398 322 3459 busdam
345 3400 492 3461 iuvenum
513 3402 682 3461 auctoritate
702 3403 865 3476 apostolica
880 3418 958 3461 com·

203 3497 312 3562 pascat,
327 3496 356 3546 et
381 3486 483 3555 iratres
506 3491 534 3547 in
561 3492 696 3549 exercitio
723 3492 864 3565 privilegii
890 3507 959 3550 eon·

202 3584 307 3634 servet.

206 3704 373 3765 Honorius
385 3704 570 3782 episcopus,
582 3722 700 3768 servus
709 3724 879 3770 servorum
888 3708 959 3781 bei,

164 3800 351 3863 venerabili
381 3800 477 3864 fratri
512 3804 763 3882 archiepiscopo
792 3808 959 3881 Remensi,

165 3899 307 3960 salutem
320 3899 353 3960 et
363 3900 587 3976 apostolicam
597 3901 872 3965 benedictionem.

205 3998 243 4057 Iu
270 3995 334 4066 his,
356 4012 429 4074 quae
456 3996 498 4058 ad
524 3998 648 4061 cultum
674 4000 822 4061 divinum
849 4000 960 4063 tacere

165 4092 417 4168 dignoscuntur,
442 4095 518 4166 etc,
540 4097 580 4157 ut
594 4099 632 4157 io
642 4098 854 4171 precedenti
869 4102 962 4174 epis·

166 4190 244 4252 tolo.
258 4192 377 4251 Datum
388 4194 502 4264 Reate,
515 4194 561 4255 ΙΙΙ
577 4193 738 4256 kalendas
751 4195 958 4274 septembris

165 4287 377 4364 pontificatus
387 4290 494 4351 nostri
504 4306 592 4353 anuo
607 4292 745 4353 decimo.

507 4549 619 4637 XXII
687 4552 691 4561 ’

229 4700 282 4761 Ad
300 4702 596 4773 archiepiscopum
615 4704 890 4777 Ltcpduoenscm.

432 4830 467 4888 30
482 4832 595 4904 augusti
615 4831 694 4889 tals.

190 4951 312 5015 mezaab,
325 4951 370 5002 lib.
383 4952 417 5013 X,
433 4952 506 5017 epist.
518 4953 557 5002 33.
576 4956 633 5005 llss.
650 4956 687 5006 La
701 4957 776 5006 Porto
791 4957 825 5007 du
840 4958 934 5023 Theti]

164 5078 220 5135 Dat
245 5076 272 5133 ei
295 5083 324 5134 et
344 5078 558 5136 successoribus
577 5079 638 5153 ejus
662 5082 839 5153 provinciam
860 5081 960 5141 deien-

199 5164 286 5222 dendi
297 5180 331 5223 ac
345 5166 609 5226 tuendilibertotem
622 5184 709 5241 quam
718 5173 852 5229 Forensis
863 5188 962 5231 comes

202 5252 368 5313 hominibus
382 5254 456 5312 villoe
470 5258 565 5314 Sancti
581 5257 754 5332 ilagueberti
768 5268 960 5320 concesserat.

206 5389 879 5469 Honoriusepiscopus,servasservorum
888 5400 958 5472 Dei,

161 5486 350 5548 venerabili
376 5487 523 5550 tratri...
549 5491 802 5571 archiepiscopo
827 5497 962 5577 Lugdu-

161 5584 275 5657 nensi,
292 5585 434 5648 salutem
451 5589 486 5649 et
506 5590 730 5666 Apostolicam
750 5578 959 5657 benedictio-

163 5697 254 5745 nem.

1016 1404 1167 1476 nezonis,
1208 1403 1387 1470 casubla,
1427 1402 1541 1464 Sancti
1578 1401 1747 1479 Cypriani,
1775 1400 1812 1462 et

1017 1502 1130 1563 Sancti
1155 1501 1242 1564 iusti
1269 1502 1310 1563 ad
1342 1500 1580 1562 monasterium
1614 1498 1654 1560 de
1690 1498 1811 1559 Sancto

1016 1599 1227 1675 Ragneberto
1267 1599 1491 1675 spectantium
1516 1597 1641 1659 intuitu
1677 1592 1811 1673 pietatis

1015 1697 1160 1772 gratuita
1175 1695 1330 1758 libertate
1357 1696 1481 1757 dicitur
1503 1693 1698 1765 indulsisse,
1713 1692 1754 1753 de
1767 1691 1812 1753 li·

1014 1792 1192 1857 beralitate
1217 1793 1408 1856 dubitantes
1445 1792 1560 1854 eadem
1596 1808 1615 1853 a
1645 1789 1812 1867 principio

1016 1889 1169 1951 difficiles
1184 1890 1373 1963 fuissemus,
1390 1889 1431 1951 de
1445 1891 1518 1967 ipso
1531 1890 1644 1950 tamen
1664 1903 1724 1965 per
1735 1889 1811 1948 tuas

1016 1988 1048 2048 et
1062 1987 1210 2064 ejusdem
1226 1987 1357 2048 comitis
1372 1988 1502 2049 litteras
1517 1987 1676 2048 certiores
1687 1982 1810 2054 effecti,

1015 2084 1184 2160 praedictis
1195 2084 1503 2162 supplicationibus,
1517 2084 1695 2146 devotione
1704 2080 1814 2159 ipsius

1016 2183 1146 2245 comitis
1170 2182 1363 2259 approbata,
1376 2182 1532 2243 duximus
1554 2181 1730 2258 benignius
1754 2195 1812 2241 an·

1015 2281 1197 2342 nuendum.
1222 2280 1370 2357 lienique
1392 2280 1478 2341 sicut
1500 2296 1560 2358 per
1587 2280 1717 2341 litteras
1740 2292 1812 2339 eas·

953 2402 955 2415 ·
1015 2379 1090 2440 dem
1105 2378 1281 2439 didicimus
1294 2395 1394 2455 quum
1410 2377 1585 2439 comitibus
1607 2374 1811 2438 Forensibus

1014 2476 1082 2539 tuis
1096 2478 1129 2538 et
1142 2475 1250 2551 ipsius
1274 2475 1404 2536 comitis
1421 2475 1689 2551 progenitoribus
1703 2474 1739 2533 ln
1754 2472 1812 2533 ho·

1016 2573 1153 2635 uoribus
1172 2573 1262 2633 villae
1277 2572 1445 2648 predictae
1466 2572 1580 2634 Sancti
1596 2568 1810 2648 Ragueberti,

1016 2675 1049 2735 et
1072 2672 1169 2733 dictis
1193 2670 1362 2748 parochiis
1389 2670 1473 2731 nihil
1489 2668 1578 2748 juris
1596 2667 1809 2745 competeret,
1906 2654 1912 2665 '

1016 2768 1233 2831 nihilominus
1266 2767 1442 2829 occasione
1471 2766 1629 2828 custodiae
1662 2765 1811 2827 locorum

1015 2867 1174 2943 ipsorum,
1191 2880 1290 2942 quarn
1316 2864 1417 2925 iidem
1442 2863 1630 2924 habuerant
1656 2861 1697 2923 ab
1720 2861 1811 2923 anti·

1016 2979 1091 3041 quc,
1109 2978 1196 3039 saepe
1217 2977 1336 3038 graves
1355 2962 1457 3023 talias
1479 2961 1642 3023 dictorum
1662 2959 1811 3020 locorum

1016 3059 1206 3123 hominibus
1234 3059 1350 3121 contra
1376 3062 1491 3130 Deum,
1507 3060 1542 3119 et
1560 3056 1725 3135 Justitiam
1745 3055 1812 3117 im-

1016 3156 1193 3236 ponebant,
1217 3158 1251 3218 ct
1273 3156 1341 3218 alia
1364 3157 1413 3217 eis
1441 3154 1589 3217 indebita
1614 3153 1811 3230 gravamina

1016 3254 1219 3333 irrogabant.
1247 3256 1370 3315 Verum
1409 3250 1568 3331 praetatus
1609 3266 1720 3314 comes
1754 3251 1810 3328 pio

1016 3354 1198 3430 inspiratus
1224 3351 1346 3414 affectu
1369 3352 1409 3412 de
1429 3351 1607 3429 praeteritis
1627 3349 1755 3420 dolens,
1779 3348 1812 3410 et

1017 3447 1118 3528 super
1131 3450 1254 3512 tuturis
1265 3451 1402 3527 cupiens
1417 3448 1669 3525 gravaminibus
1684 3462 1813 3526 praeca·

1015 3565 1094 3610 vere
1109 3564 1151 3609 ne
1172 3548 1208 3608 iu
1228 3564 1324 3609 usum
1339 3550 1372 3610 et
1391 3548 1666 3609 consuetudinem
1687 3545 1811 3607 abusus

1016 3640 1206 3725 hujusmodi
1221 3646 1394 3708 deveniret
1410 3645 1451 3707 de
1465 3647 1523 3707 tuo
1540 3644 1692 3715 consilio,
1709 3644 1743 3705 et
1755 3657 1812 3703 as-

1016 3756 1128 3816 sensu,
1146 3760 1221 3804 cum
1236 3747 1309 3821 ejus
1329 3744 1540 3804 dioecesanus
1562 3741 1690 3803 existas
1699 3756 1759 3816 pro
1775 3755 1812 3802 se

1016 3856 1056 3902 ac
1070 3840 1319 3902 successoribus
1343 3840 1413 3900 suis
1428 3840 1553 3903 tallias.
1569 3840 1601 3900 et
1615 3836 1811 3914 gravamina

1016 3937 1175 4015 praedicta
1210 3937 1350 4009 remisit,
1372 3937 1504 4013 plenam
1531 3936 1718 3997 libertatem
1745 3934 1814 3994 eis-

1016 4034 1091 4095 dem
1128 4034 1211 4095 locis
1238 4035 1272 4096 et
1302 4034 1493 4096 hominibus
1519 4031 1742 4104 concedendo,
1779 4032 1814 4093 et

1017 4132 1104 4208 quod
1131 4131 1222 4193 nullo
1246 4133 1395 4209 tempore
1419 4131 1668 4194 contraveniret
1695 4146 1731 4192 se
1757 4145 1814 4191 as-

1016 4228 1135 4291 trinxit
1154 4229 1290 4290 vinculo
1311 4231 1505 4308 juramenti,
1541 4232 1701 4300 statuens,
1726 4226 1812 4306 quod

1016 4327 1070 4388 sui
1085 4343 1297 4389 successores
1314 4331 1347 4390 et
1359 4329 1483 4405 posteri
1499 4329 1658 4406 prestare
1673 4325 1814 4389 debeant

1016 4424 1126 4485 simile
1141 4426 1388 4502 jusjurandum.
1406 4427 1445 4487 Et
1459 4427 1537 4502 quia
1558 4425 1656 4502 proni
1672 4425 1749 4485 sunt
1769 4422 1811 4484 ad

1017 4522 1140 4583 malum
1170 4523 1321 4583 homines
1346 4524 1555 4600 potiusquam
1577 4524 1618 4583 ad
1642 4522 1765 4583 bouum
1779 4521 1814 4582 et

1017 4620 1131 4696 plures
1157 4620 1244 4691 sunt,
1273 4620 1329 4697 qui
1358 4621 1640 4696 praedecessorum
1675 4634 1812 4680 suorum

1017 4733 1084 4778 uon
1110 4718 1251 4779 virtutes
1276 4718 1334 4778 sed
1358 4719 1438 4781 vitia
1466 4719 1650 4790 imitantur,
1667 4734 1742 4779 cum
1771 4717 1812 4778 de

1017 4815 1070 4876 die
1091 4816 1126 4876 in
1138 4816 1227 4877 diem
1241 4817 1365 4878 caritas
1382 4816 1587 4893 refrigescat,
1602 4818 1636 4878 et
1651 4816 1811 4893 iniquitas

1017 4912 1163 4975 abundet
1188 4915 1379 4986 multorum,
1402 4916 1600 4977 auctoritate
1621 4914 1810 4991 apostoliea

1017 5010 1148 5072 delendi
1164 5012 1270 5074 voluit
1290 5013 1375 5090 quod
1400 5014 1454 5090 pie
1476 5028 1577 5089 super
1594 5013 1658 5073 hoc
1676 5012 1813 5073 duxerit

1016 5108 1216 5171 iaciendum.
1230 5112 1338 5181 Quare
1354 5112 1491 5173 concedi
1505 5122 1525 5171 a
1541 5110 1636 5172 nobis
1649 5126 1709 5186 per
1723 5110 1814 5172 litte·

1016 5221 1072 5267 ras
1087 5224 1167 5268 suas
1183 5208 1354 5269 humiliter
1364 5209 1574 5287 supplicavit,
1589 5210 1624 5270 ut
1638 5208 1813 5286 siquando

1017 5304 1099 5381 ipse,
1116 5320 1155 5365 ac
1183 5321 1395 5366 successores
1416 5307 1467 5366 sui
1490 5305 1678 5367 libertatem
1701 5305 1813 5384 hujus·

1017 5400 1107 5460 modi
1122 5400 1249 5462 violare
1265 5401 1549 5477 praesumpserint,
1581 5401 1812 5478 archiepisco·

1016 5513 1078 5572 pus
1094 5498 1339 5573 Lugdunensis,
1357 5498 1413 5575 qui
1440 5513 1500 5576 pro
1525 5500 1673 5575 tempore
1700 5498 1812 5572 tuerit,

1016 5593 1082 5657 nisi
1093 5597 1168 5673 post
1182 5596 1441 5657 admonitionem
1454 5596 1559 5673 ipsius
1568 5596 1707 5659 emenda
1716 5596 1816 5658 exhi-

1015 5692 1134 5755 beatur
1148 5711 1168 5755 a
1184 5693 1346 5756 violatore
1362 5697 1552 5772 competens
1564 5694 1651 5757 inira
1667 5709 1812 5757 mensem
