3886 6214
91 380 142 440 297
679 374 908 436 EPISTOLAE.
932 376 1010 435 LIB.
1033 365 1103 437 vll.
1646 376 1706 439 298

91 534 294 616 persequatur.
307 535 327 596 J
328 550 382 595 am
396 548 513 603 resera
526 532 634 611 ipsum
644 534 704 596 Dei
717 533 860 598 fatemur
914 533 1107 611 plorarent
1121 550 1252 612 semper
1266 534 1320 608 sit,
1342 535 1540 614 ubicumque
1555 534 1707 598 ambula-

90 634 240 705 athletam,
251 648 324 695 cum
345 630 386 692 ad
403 630 638 693 vindicandum
663 632 859 707 sanguinem
914 633 1000 693 verit
1013 632 1094 709 ipse,
1112 648 1234 705 secum,
1252 635 1285 695 et
1307 634 1343 693 in
1368 637 1529 699 aeternum
1558 632 1707 695 stabiliat

90 731 191 791 christi
208 732 288 806 ejus,
305 728 360 806 qui
378 727 418 789 de
432 729 523 789 terra
538 728 659 790 clamat
681 725 857 805 adipsum,
913 744 1052 803 reguum
1069 745 1176 801 suum,
1189 728 1426 807 iaciatquesibi
1437 746 1557 792 nomen
1567 729 1704 806 grande,

88 826 237 903 regalibus
252 825 391 901 negotiis
402 825 635 902 praetermissis
647 826 808 888 intendat.
914 838 953 886 ac
968 824 1009 885 ab
1020 825 1173 887 omnibus
1184 826 1327 888 inimicis
1340 828 1410 888 suis
1423 828 1454 888 ei
1469 827 1617 904 requiem
1632 827 1705 888 lar-

119 923 227 986 Audito
247 923 378 1000 quidem
401 938 444 984 ex
460 922 580 985 litteris
602 924 733 995 restria,
760 938 858 1001 quam
914 922 1035 997 giatur.
1051 939 1070 981 »
1084 922 1183 984 Addit
1197 925 1233 985 ut
1251 924 1492 999 parricidarum
1516 926 1633 997 terras,
1650 924 1707 1001 qui

87 1020 311 1084 abhorrendum
325 1019 466 1093 facinus,
484 1035 647 1098 quamque
666 1020 860 1082 detestabile
915 1034 950 1080 se
966 1020 1112 1097 episcopi
1125 1020 1215 1081 caede
1233 1020 1462 1097 inquinarunt,
1480 1022 1707 1083 ecclesiastico

87 1117 325 1178 malumdudum
347 1117 391 1177 sit
418 1117 454 1178 in
477 1132 580 1193 regno
604 1134 664 1178 suo
680 1118 858 1194 patratum,
916 1116 1091 1179 interdicto
1106 1116 1238 1190 feriant,
1256 1118 1362 1179 donec
1375 1118 1439 1181 rite
1454 1118 1495 1178 ab
1519 1118 1562 1178 iis
1581 1120 1708 1180 crimen

85 1216 184 1276 noster
196 1214 330 1291 expavit
344 1214 486 1286 animus,
513 1230 571 1279 cor
592 1216 802 1287 contremuit,
828 1216 861 1277 et
914 1213 1084 1290 expiatum
1114 1213 1225 1276 tuerit.
1260 1217 1379 1277 Datum
1409 1216 1575 1288 Laterani,
1599 1216 1708 1279 idibus

86 1327 170 1373 aures
182 1327 223 1372 ex
241 1310 347 1387 ipsius
370 1310 593 1403 horribilitate
619 1308 778 1373 facinoris
793 1312 861 1374 tin·
914 1309 1086 1385 februarii,
1103 1311 1315 1388 pontificatus
1332 1312 1439 1375 nostri
1454 1328 1542 1374 anuo
1555 1313 1704 1389 septimo.

85 1408 211 1471 aierunt.
227 1408 291 1469 Sed
302 1424 345 1470 ex
359 1410 550 1471 earumdem
565 1409 753 1471 litterarum
765 1409 861 1471 intel·

85 1506 289 1579 lectoteuore,
300 1521 399 1583 quam
411 1507 562 1568 animose
576 1506 664 1569 idem
679 1523 740 1568 rex
749 1507 862 1569 insur-

85 1603 195 1665 rexerit
223 1604 339 1666 oontra
371 1603 472 1683 hujus
498 1604 636 1666 sceleris
662 1604 858 1682 patratores,

85 1699 223 1775 dolorem,
237 1717 336 1779 quem
351 1701 446 1763 nobis
467 1700 546 1764 iacti
561 1702 719 1764 atrocitas
735 1701 859 1775 intulit,
986 1754 1038 1813 Ad
1056 1756 1123 1816 PM
1135 1756 1147 1814 ἱ
1435 1774 1440 1783 J

83 1814 134 1874 pro
146 1815 261 1874 magua
275 1801 371 1877 parte
387 1800 552 1861 sensimus
565 1816 608 1861 ex
618 1816 677 1861 sua
688 1800 861 1876 diligentia
1123 1758 1253 1829 cmm
1271 1771 1391 1832 mem
1404 1759 1633 1818 mmmm

83 1895 262 1973 mitigatum.
273 1898 405 1959 Eaedem
416 1913 498 1959 sane
509 1898 629 1959 litterae
636 1898 858 1971 continebant,
1192 1885 1227 1944 ²⁶
1241 1887 1336 1943 martii
1356 1887 1435 1945 ¹²23·

84 1993 156 2070 quod
176 1995 246 2056 orta
269 1996 360 2057 inter
384 1994 572 2057 recolenda
598 1995 767 2057 memoriae
793 1999 858 2059 A...
916 2005 1370 2074 [nonquotneeueiraehiscxrx,
1383 2010 1710 2076 praemonstravit,

83 2090 307 2154 cathanensem
331 2093 521 2171 episcopum
546 2109 589 2154 ex
610 2094 705 2170 parte
727 2109 806 2166 uua,
828 2095 862 2156 et
1241 2089 1315 2154 epist.
1326 2089 1379 2155 ⁷6·l

82 2189 286 2265 parochianos
309 2207 387 2252 suos
404 2206 448 2252 ex
468 2190 584 2263 altera,
602 2206 702 2267 super
722 2191 860 2253 decimis
914 2194 1050 2252 Pactioue
1069 2209 1135 2252 cum
1154 2194 1305 2253 Frederico
1321 2197 1357 2265 ll,
1375 2197 1568 2254 homanorum
1584 2198 1707 2272 impera·

83 2285 188 2348 etaliig
206 2288 425 2351 Cathenensis
442 2288 593 2350 eccldslae
611 2288 743 2366 juribus
757 2304 863 2365 quaes.
950 2289 1021 2351 tole,
1051 2280 1123 2340 iacta
1156 2289 1186 2340 ut
1217 2282 1328 2341 cladem
1350 2285 1487 2342 deletae
1505 2300 1522 2342 a
1541 2286 1711 2345 Christianis

82 2380 168 2454 tione,
193 2384 335 2462 ipsaque
359 2385 393 2446 iu
420 2386 598 2462 praeseutia
625 2384 715 2461 regis
740 2386 859 2462 ipsius,
951 2378 1099 2443 impilm
1127 2386 1261 2445 fellistie
1297 2372 1344 2429 ¹¹¹0
1371 2380 1500 2443 θθῡθῑΰῑ,
1536 2374 1708 2447 Philippum,

83 2479 286 2544 mediantibus
301 2481 498 2559 quibusdam
513 2483 664 2560 personis
677 2482 860 2544 ecclesias·
951 2474 1033 2561 Ψ
1047 2462 1231 2531 ¹²¹⁸¹¹⁰⁰ffl¹¹¹2
1244 2468 1273 2519 ⁰1
1285 2462 1356 2562 &¹¹⁰⁸
1370 2476 1461 2563 ¹⁹3&
1474 2461 1602 2520 mimus
1617 2464 1711 2522 ¹¹⁰⁰&

82 2573 145 2636 ticis
157 2578 326 2640 amicabili
345 2579 584 2655 compositione
606 2579 724 2656 sopita,
758 2579 854 2640 rede·
950 2563 1010 2605 '¹¹¹⁸
1022 2545 1058 2605 Μ
1072 2562 1151 2606 amm
1165 2563 1216 2622 ΨΟ
1230 2549 1340 2609 cmm
1358 2550 1549 2624 ⁸¹¹⁸⁰¹P¹⁰s¹d³·

83 2672 148 2734 unte
177 2676 312 2737 tandem
343 2676 499 2753 episcopo
533 2676 605 2753 ipso
635 2676 677 2738 ad
713 2676 858 2753 propria,
955 2674 1124 2735 Honorius
1135 2677 1527 2753 episcopus...carissimo
1536 2678 1711 2741 inchrls'to

81 2768 202 2850 ipsoque
213 2789 295 2851 rege
310 2774 346 2835 iu
365 2775 520 2850 Angliam
549 2789 609 2850 pro
633 2773 747 2836 arduis
766 2773 861 2850 regni
917 2771 1068 2848 filioregi
1083 2775 1300 2847 Francorum,
1316 2775 1469 2847 salutem,
1486 2776 1549 2837 etc.

83 2867 272 2946 suiuegotiis
295 2872 508 2949 properante,
525 2870 627 2932 iidem
651 2871 859 2948 parochiani,
954 2868 1069 2932 iustus
1083 2870 1244 2932 Dominus
1258 2872 1293 2932 iu
1304 2872 1457 2934 omnibus
1469 2873 1534 2934 viis
1549 2870 1632 2946 suis,
1649 2873 1706 2950 qui

81 2964 220 3044 tauquam
235 2971 319 3032 moti
333 2969 496 3031 adversus
511 2985 598 3041 eum,
616 2969 694 3046 quia
710 2969 861 3031 ecclesiae
917 2967 1095 3044 uuicuique
1106 2983 1165 3044 pro
1183 2969 1311 3030 meritis
1320 2970 1483 3045 condigna
1492 2970 1710 3032 retributione

81 3075 140 3124 sua
152 3079 283 3128 eausam
301 3067 416 3144 egerat
434 3067 549 3129 eontra
567 3066 670 3143 ipsos,
694 3066 730 3128 tn
745 3066 861 3144 pasto-
915 3064 1103 3142 respondet,
1130 3066 1221 3127 circe
1249 3067 1419 3142 negotium
1441 3070 1553 3129 Terrae
1578 3070 1709 3131 Sanctae

80 3173 140 3221 rem
150 3162 236 3239 pium
248 3164 322 3242 lupi
333 3179 483 3242 rapaces,
494 3164 530 3225 in
541 3164 667 3241 patrem
681 3164 861 3241 degeneres
916 3177 1008 3239 spem
1049 3162 1161 3239 populi
1195 3163 1375 3224 Christiani
1411 3163 1494 3227 fovit
1529 3165 1710 3243 aliquando

1232 1604 1390 1691 LXXXI

81 3254 142 3330 dlii,
157 3275 194 3322 ac
218 3262 254 3323 in
277 3262 443 3324 christum
457 3261 589 3323 Domini
612 3261 735 3323 diaboli
755 3262 861 3324 satel-

80 3351 144 3416 lites
157 3357 337 3432 irruentes,
354 3375 428 3421 eum
449 3358 598 3422 restibus
613 3358 757 3436 propriis
779 3375 860 3436 spo-

80 3449 192 3527 liatum,
207 3473 346 3529 caesum,
369 3457 563 3534 lapidatum,
590 3459 623 3519 et
635 3456 772 3534 bipenni
786 3457 863 3519 vul-

80 3553 216 3615 neratum
239 3555 283 3616 ad
311 3556 462 3628 mortem,
485 3555 521 3615 in
543 3554 684 3632 coquina
713 3555 859 3631 propria,

80 3648 140 3721 ejus
154 3650 309 3715 interitus
320 3652 529 3720 uimisavidi,
540 3652 863 3715 cremaveruntltex

79 3756 147 3806 vero
160 3748 325 3824 praefatus
336 3749 390 3825 qui
405 3749 620 3825 proficiscens
639 3749 675 3809 in
695 3748 859 3825 angliam,

76 3840 135 3915 jam
149 3845 187 3905 ad
201 3848 357 3909 extrema
371 3846 467 3922 regni
492 3846 544 3908 sui
560 3847 768 3923 pervenerat,
798 3846 863 3909 hoc

79 3938 177 4004 audito
190 3943 322 4012 dolens,
338 3944 372 4006 et
386 3959 429 4004 ex
443 3945 537 4006 tanta
550 3944 768 4021 perversitate
789 3960 863 4005 soe-

78 4033 147 4097 leris
160 4041 389 4113 conturbatus,
405 4041 447 4102 ad
462 4041 700 4103 vindicandum
712 4043 779 4104 tarn
791 4058 875 4103 cru.

78 4130 171 4197 delam
191 4139 344 4216 episcopi
372 4138 451 4200 dicti
473 4141 624 4210 mortem,
651 4141 684 4201 et
709 4139 751 4200 ad
775 4140 862 4201 male

77 4232 266 4303 perdendum
281 4235 402 4308 malos,
422 4236 478 4313 qui
499 4236 650 4297 eumdem
669 4238 862 4313 episcopum

78 4326 117 4388 sio
128 4332 352 4407 perdiderant,
362 4348 499 4409 prorsus
511 4334 655 4406 omissis,
668 4350 741 4411 quae
753 4334 862 4411 ipsum

79 4422 248 4504 trahebant,
266 4430 423 4506 negotiis,
438 4445 474 4491 se
489 4430 640 4506 protinus
659 4430 862 4492 exercitibus

76 4523 136 4583 suis
162 4527 313 4590 collectis
348 4527 507 4599 accinxit,
538 4530 652 4604 aperte
685 4527 862 4590 insinuans

78 4622 150 4694 quod
176 4641 252 4685 eum
279 4624 407 4703 injuria
436 4624 560 4686 Christi
584 4626 695 4702 angat,
727 4627 761 4687 et
793 4642 862 4687 suae

75 4717 187 4782 zeletur
207 4723 363 4784 ecclesiae
379 4721 565 4784 libertatem
591 4738 651 4799 pro
676 4725 773 4800 cujus
799 4722 861 4784 de-

77 4810 214 4880 tonsione
241 4820 385 4882 mortem
409 4819 511 4882 subiit
535 4820 710 4897 episcopus
732 4836 862 4882 memo-

76 4915 166 4977 ratus.

109 5013 205 5076 «Nos
217 5030 302 5092 ergo
320 5016 419 5093 Juxta
434 5015 691 5092 postulationem
701 5018 860 5088 vestram,

74 5104 169 5181 ipsius
188 5113 282 5189 regis
298 5128 401 5190 super
421 5111 484 5174 hoo
510 5112 743 5175 excellentiam
772 5130 861 5175 com-

75 5207 269 5281 mendantes,
283 5225 325 5271 ao
339 5212 578 5287 prosequentes
589 5211 775 5272 actionibus
789 5227 863 5286 gra·

74 5301 197 5379 tiaram,
214 5323 294 5369 eum
310 5323 369 5384 per
383 5308 507 5385 scripta
531 5310 645 5370 nostra
660 5309 860 5381 monuimus,

75 5400 106 5459 ut
118 5406 324 5483 assumptum
334 5406 539 5482 propositum
555 5406 737 5467 ulciscendi
753 5408 819 5467 Deo
830 5407 863 5467 et

74 5496 221 5563 Ecclesiae
234 5516 339 5579 super
352 5503 415 5564 hoc
429 5503 557 5565 illatam
571 5503 742 5579 injuriam,
760 5503 863 5564 ulcis-

74 5596 169 5659 cendo
182 5599 302 5661 taliter
317 5603 547 5679 prosequatur,
564 5600 649 5677 quod
662 5615 722 5677 pro
736 5616 774 5661 eo
790 5601 863 5677 ipsa

75 5691 220 5759 teneatur
247 5695 399 5759 Ecclesia
423 5697 483 5760 Dei
511 5696 774 5759 misericordiam
799 5697 863 5757 im·

916 3260 1094 3336 prosperis,
1111 3261 1145 3322 et
1164 3260 1333 3322 interdum
1346 3260 1531 3324 debilitavit
1546 3262 1707 3329 adversis.

917 3357 1114 3434 Oquantum
1131 3356 1338 3420 Christicolis
1360 3358 1538 3421 videbatur
1560 3360 1711 3423 arridere

916 3455 1130 3531 prosperitasl
1144 3457 1339 3533 Oquantum
1352 3455 1505 3519 illuxisse
1513 3457 1715 3520 credebatur

917 3552 1070 3614 fidelibus
1120 3553 1274 3615 felicium
1313 3568 1437 3616 aurora
1481 3570 1707 3628 successuum,

917 3649 1047 3726 quande
1063 3651 1368 3727 crucesignatorum
1393 3651 1561 3713 exercitus
1581 3654 1714 3730 AEgyp·

916 3748 985 3810 tum
998 3747 1207 3824 aggrediens,
1237 3750 1312 3825 post
1325 3748 1443 3810 turrim
1470 3753 1610 3825 captam,
1635 3752 1718 3827 post

915 3845 1092 3907 transitum
1107 3844 1265 3917 fluminis,
1287 3847 1361 3922 post
1383 3844 1502 3907 hostes·
1518 3846 1707 3921 exterritos,

916 3942 951 4004 in
961 3943 1230 4005 adversariorum
1245 3942 1444 4005 stationibus
1452 3945 1563 4005 castra
1578 3943 1662 4016 lixit,
1676 3945 1711 4008 et

917 4039 1112 4111 immistam,
1127 4056 1201 4117 quae
1222 4039 1325 4101 robur
1339 4041 1538 4103 censebatur
1560 4043 1708 4120 AEgypti,

917 4137 1009 4198 duris
1029 4135 1213 4198 obsidionis
1232 4139 1396 4214 angustiis
1420 4141 1618 4202 coarctavit!
1645 4143 1711 4202 Res

917 4234 1049 4311 quidem
1062 4233 1224 4311 agebatur
1237 4235 1402 4309 miraculi,
1424 4253 1524 4315 quum
1537 4239 1709 4312 Dominus

917 4332 974 4409 qui
1002 4332 1104 4408 elegit
1126 4332 1260 4395 infirma
1288 4334 1402 4396 mundi
1431 4337 1467 4398 ut
1493 4335 1713 4399 contunderet

917 4428 1028 4502 sortia,
1048 4429 1217 4492 civitatem
1232 4431 1471 4507 expugnationi
1487 4431 1656 4495 dildoilem
1668 4449 1712 4496 eo

917 4529 1066 4604 tempore
1088 4526 1226 4589 tradidit
1251 4527 1445 4603 gerentibus
1471 4528 1595 4591 bellum
1626 4533 1711 4607 eJus,

917 4640 981 4701 quo
1005 4624 1194 4686 invaluerat
1209 4625 1347 4686 multum
1370 4627 1474 4702 partis
1490 4628 1637 4689 adversae
1651 4644 1715 4705 po·

916 4722 1031 4792 tentia,
1057 4722 1090 4784 et
1115 4721 1332 4784 abbreviatus
1352 4724 1426 4784 erat
1449 4740 1517 4786 non
1545 4724 1710 4786 modicum

917 4819 1104 4881 nostrorum
1134 4835 1293 4880 numerus
1319 4818 1528 4882 bellatorum.
1562 4820 1718 4884 Habebat

917 4919 1028 4979 autem
1050 4917 1084 4977 in
1108 4917 1161 4977 his
1183 4917 1384 4979 universitas
1411 4919 1599 4982 Christiana
1622 4918 1719 4980 uude

916 5013 1137 5091 praetenderet
1164 5014 1261 5090 quasi
1284 5016 1383 5076 certae
1405 5016 1476 5092 spei
1501 5014 1656 5076 fiduciam
1676 5015 1714 5075 in

917 5111 1080 5184 iuturum;
1103 5127 1231 5183 verum,
1250 5113 1505 5174 succedentibus
1530 5112 1717 5189 prosperis,

916 5208 1059 5270 victores
1081 5207 1176 5270 obliti
1204 5225 1325 5270 nomeu
1348 5210 1479 5272 Domini
1505 5211 1578 5286 post
1592 5210 1714 5272 trium·

917 5305 1029 5383 phum,
1041 5306 1117 5368 dato
1132 5306 1314 5368 virtutibus
1329 5307 1443 5368 libello
1463 5306 1605 5383 repudii,
1626 5323 1716 5370 oon-

917 5405 1051 5465 traxere
1072 5420 1147 5465 cum
1162 5405 1265 5477 vitiis,
1283 5405 1368 5481 quod
1382 5403 1619 5466 detrahebatur
1635 5405 1713 5468 fidei

916 5500 973 5562 ubi
987 5502 1201 5563 convertendi
1221 5501 1354 5563 suerent
1369 5501 1532 5574 infideles,
1558 5504 1592 5565 et
1608 5507 1720 5580 major

916 5598 990 5660 erat
999 5600 1208 5675 peecatorum
1218 5596 1406 5660 commissio
1418 5598 1591 5678 ubimajor
1601 5602 1716 5664 remis·

918 5695 1187 5773 siosperabatur.
