3916 6204
99 236 146 297 lul
680 222 909 289 EPISTOLAE.
934 226 1011 287 LIB.
1036 225 1121 287 VIII.

99 392 242 456 &Maris
267 389 346 451 toris
372 388 500 466 portam
523 386 751 458 Paventinam,
773 385 866 448 saln-

96 494 153 553 tem
166 490 196 552 et
207 487 423 566 Apostolicam
435 483 712 546 benedictionem.

130 589 189 647 Sua
202 585 292 647 nobis
305 584 453 662 potestas
469 583 503 643 ot
522 596 696 643 commune
711 579 863 641 cervien.

96 682 308 760 conquestione
329 680 567 751 monstrarunt,
580 677 667 756 quod
683 676 864 739 venerabi-

26 848 28 859 ,
95 780 131 842 lis
142 776 638 853 trateruosterarchiepiscopus
654 777 736 836 Rau.
754 786 866 850 proce·-

96 878 164 938 deas
184 875 342 937 hostiliter
365 875 482 935 contra
499 873 602 949 ipsos,
619 872 746 942 uineas,
766 869 867 931 arbo-

95 988 150 1046 res,
165 974 195 1035 et
207 972 283 1045 alia,
300 987 373 1049 quae
388 972 483 1033 extra
497 969 667 1032 civitatem
688 983 781 1028 suam
804 968 867 1028 ha·

95 1070 209 1142 belant,
234 1069 334 1131 Incidi
359 1068 438 1131 tecit
462 1066 626 1145 nequiter,
649 1066 682 1127 et
709 1065 863 1134 cremari,

94 1168 150 1229 alia
172 1168 287 1229 damna
315 1166 365 1228 eis
393 1166 511 1242 gravia
536 1165 571 1227 et
595 1163 738 1241 injurias
773 1162 864 1223 irro-

94 1264 206 1341 qaud03
243 1264 385 1341 ideoque
421 1261 614 1324 discretioni
651 1260 771 1323 vestrae
806 1274 866 1336 per

93 1361 261 1439 smmum
299 1360 423 1439 scripta
463 1359 670 1430 mandamns,
701 1355 865 1434 quatenns

93 1458 223 1536 partibus
247 1457 449 1529 convocetis,
479 1455 625 1518 audiatis
650 1470 797 1524 causam,
819 1453 863 1524 et,

93 1553 293 1633 appellatione
306 1554 446 1625 remota,
461 1553 528 1615 ilue
543 1551 653 1614 debito
662 1549 862 1621 terminetis,

93 1651 231 1713 incientes
243 1648 864 1728 quoddecreveritIseuctoritatenos·

92 1748 136 1809 tra
151 1748 280 1810 tirmiter
294 1746 485 1821 obseruari3
509 1746 596 1824 quod
618 1745 648 1807 si
668 1761 735 1807 nou
749 1758 864 1806 omnes

93 1844 128 1906 iis
150 1845 361 1923 exsequendis
386 1845 562 1922 potueritis
587 1845 766 1914 interesse,
800 1840 864 1901 duo

93 1943 220 2004 restrum
243 1957 282 2004 ea
303 1941 523 2003 nihilominus
541 1940 777 2018 exsequantur.
803 1940 865 2000 Da-

92 2040 150 2100 tum
162 2039 325 2111 Laterani,
342 2037 453 2099 idibus
473 2037 669 2109 decembris,
683 2034 863 2114 pontiden·-

93 2137 135 2198 tus
143 2136 238 2199 nostri
249 2151 340 2199 anuo
354 2137 483 2198 octavo.

107 2588 150 2647 ad
163 2590 322 2651 munem
339 2590 540 2661 archiepisc.
557 2580 842 2661 creponensem.

329 2699 363 2757 lt
377 2697 506 2757 decemb.
523 2696 603 2757 liat.

221 2823 312 2888 [liciam
324 2822 385 2874 (iod.
397 2821 514 2887 diplom,
523 2824 542 2870 t.
554 2820 598 2879 llI,
611 2834 630 2878 r,
640 2818 709 2884 422]

92 2944 184 3004 Fratres
196 2947 397 3016 theutonicos,
412 2947 442 3003 in
455 2953 529 3003 terra
542 2946 631 3003 Bozza
645 2951 743 3001 contra
757 2942 862 3016 injusta

117 3036 230 3110 episcopi
254 3035 444 3110 Trausylvaui
469 3033 608 3108 aggrauia
631 3039 736 3103 tuetur,
751 3040 863 3090 seuten-

117 3123 214 3196 tiaeque
227 3124 313 3199 hujus
326 3125 355 3181 ln
370 3124 433 3182 illos
442 3122 516 3181 latas
529 3120 680 3180 annihilat.

120 3258 291 3333 Honorias,
331 3260 411 3331 etc,
445 3256 697 3335 archiepiscopo
734 3255 863 3331 strigo-

89 3356 190 3416 arensi.

120 3451 200 3522 Quod
217 3453 332 3516 dilecti
351 3452 423 3525 tilii,
448 3453 524 3524 etc,
545 3466 653 3525 usqne
675 3450 859 3528 praelatum.

88 3546 275 3612 Venerabilis
290 3551 398 3612 irater
413 3551 537 3620 noster,
553 3548 728 3625 episcopus
745 3548 860 3608 Ultra-

89 3644 226 3719 spluanus
246 3649 337 3711 sicut
357 3663 472 3709 eorum
487 3645 583 3708 nobis
599 3645 791 3723 conquestio
806 3656 862 3721 pa·

28 3770 30 3773 ·
88 3738 183 3805 tatecit
195 3744 230 3806 in
244 3761 284 3807 aa
299 3744 368 3806 sibi
375 3744 656 3822 jurisdictionem,
667 3757 774 3816 usque
789 3752 862 3802 mo-

88 3834 242 3918 lesteutur;
260 3842 350 3904 dicto
371 3840 526 3918 episcopo
546 3838 697 3901 dedimus
711 3838 746 3898 iu
761 3852 861 3899 man-

87 3931 168 4010 datis,
205 3938 241 4001 ut
268 3939 298 4002 si
329 3953 423 4016 quas,
458 3939 534 4010 etc,
561 3950 669 4010 usquc
702 3934 857 3997 tolerare.

88 4028 210 4111 Ideoque
244 4034 448 4098 fraternitati
482 4035 548 4095 tute
584 4048 642 4110 per
670 4032 860 4109 Apostolica

87 4129 191 4207 scripta
226 4132 425 4195 mandamus
458 4131 632 4208 quatenus,
657 4130 723 4190 uisi
751 4129 858 4191 dictus

86 4225 254 4306 episcopus,
268 4232 369 4309 juxta
384 4228 575 4290 mandatum
590 4227 753 4295 nostrum,
765 4241 859 4288 cura·

85 4323 156 4385 verit
168 4341 326 4390 revocare
339 4327 532 4399 sententias,
545 4326 575 4386 si
596 4339 679 4402 quas
698 4324 733 4384 in
751 4338 860 4400 saepe·

85 4415 173 4482 dictos
194 4423 325 4488 incolas
348 4423 581 4503 promulgarit,
601 4423 637 4483 tn
665 4421 752 4492 illas,
777 4422 857 4482 tan-

113 4604 136 4671 u
150 4608 303 4679 ³Simonem
315 4610 351 4669 de
366 4611 489 4671 Sullacor

123 4678 306 4741 itioriuum.

111 4679 137 4816 It
159 4752 308 4833 lingonem
328 4751 365 4809 de
379 4750 578 4823 Monteregati.
654 4822 656 4827 Ι
730 4820 732 4825 Ι

111 4819 147 4891 u)
161 4822 229 4888 Quid
252 4837 288 4880 ea
310 4821 397 4880 dere
418 4823 511 4895 egerit
535 4835 585 4877 rex
610 4819 771 4878 ludovicus
790 4832 857 4876 cnm

82 4883 195 4948 Conrado
217 4893 378 4959 portuensi,
404 4893 440 4949 A.
461 4894 490 4949 S.
514 4890 621 4963 togato.
636 4889 856 4947 describendum

82 4952 122 5014 hic
132 4969 211 5018 esset.
223 4963 290 5032 Sed,
303 4977 369 5021 cnm
383 4962 472 5035 ipsius
485 4962 564 5034 regis
574 4961 680 5018 litteras
690 4968 719 5017 et
731 4959 766 5018 ad
776 4961 855 5032 lega·

82 5031 131 5083 ium
145 5046 187 5088 res
225 5033 345 5091 usioues
370 5049 401 5090 re
421 5033 670 5090 raeseutauerimus
684 5032 763 5097 olim,
778 5037 857 5087 tomo

82 5104 166 5157 nocuo
205 5105 268 5171 vll,
310 5118 357 5187 ag.
441 5110 470 5159 et
490 5114 563 5174 serp,
579 5100 795 5159 liceateasdem
810 5114 853 5156 re·

82 5166 182 5237 plicare,
197 5118 315 5255 qumsIc
328 5175 491 5246 incipiunt:
624 5243 630 5256 ,
804 5240 810 5253 ‚

112 5258 122 5285 ι
137 5241 275 5300 Noverrtrs
286 5243 362 5315 quod
377 5245 543 5301 carissimus
553 5241 687 5301 dommus
701 5249 729 5299 et
744 5246 857 5314 genitor

80 5316 164 5367 umter
191 5312 349 5440 Philihrpus,
378 5314 434 5386 pie
461 5315 607 5371 memorie
631 5328 682 5371 rex
711 5310 856 5384 quondam

82 5376 239 5466 Francorum
254 5385 264 5440 i
285 5385 380 5468 nstris,
397 5385 436 5467 5¹¹..
448 5385 587 5456 principio
604 5397 662 5440 uon
676 5390 719 5466 est
734 5396 854 5509 aggres-

80 5457 278 5528 susuegotrum
300 5456 449 5527 Athrqesrn
473 5461 501 5511 et
516 5454 591 5525 quud
609 5468 683 5512 onus
696 5454 745 5509 ritu
782 5466 854 5508 uuu-

81 5530 154 5585 (Μαι
168 5524 295 5595 recipere
319 5525 415 5593 uoluit,
436 5525 569 5597 quamvis
588 5523 676 5581 multa
691 5522 857 5596 expenderit

208 5666 322 5713 rimor.
338 5671 412 5714 mur
425 5657 472 5715 lv.

1655 224 1715 287 482

920 401 1018 462 qnam
1033 401 1052 446 a
1066 392 1132 446 noh
1144 399 1205 445 suo
1214 380 1328 460 pudica
1342 381 1579 471 promulgatas,
1589 383 1713 445 deuuu·

920 482 988 544 cies
1016 482 1126 543 nullas
1152 496 1236 541 esse.
1264 483 1383 542 Datum
1406 480 1575 554 Laterani,
1602 480 1712 543 idibus

920 578 1116 651 decembris,
1130 593 1220 639 anno
1232 579 1360 640 octauo.

1261 870 1364 956 LXV

1014 1008 1066 1082 aa
1093 1008 1307 1082 amalricum
1332 1024 1373 1082 de
1405 1021 1619 1096 Morrtefortl,

1118 1118 1279 1179 comitem
1301 1121 1512 1180 Tolosanum.

1180 1258 1214 1315 ¹3
1228 1255 1359 1315 decemb.
1376 1249 1456 1317 liti.

982 1376 1121 1445 [bouquet
1131 1380 1189 1431 Iter.
1208 1378 1253 1430 des
1266 1380 1372 1440 litator,
1390 1381 1457 1439 XIX,
1472 1380 1528 1431 tto.
1541 1383 1652 1446 Reqest,

1178 1459 1224 1510 lib.
1234 1460 1300 1520 VIII,
1311 1460 1386 1525 epist.
1395 1460 1463 1523 ten]

919 1566 1094 1641 hmalricum
1104 1584 1255 1641 certiorem
1268 1582 1337 1642 iacit
1349 1576 1492 1643 llonorius
1502 1601 1534 1644 se
1547 1600 1562 1643 a
1575 1601 1645 1661 rege
1657 1596 1715 1646 stu·-

955 1670 1063 1729 diosius
1078 1671 1226 1745 flagitasse
1246 1670 1381 1731 auxiium
1397 1672 1433 1731 ad
1447 1675 1578 1733 inimicos
1592 1677 1672 1748 pacis
1685 1684 1715 1734 et

955 1757 1022 1817 ddei
1034 1758 1230 1817 debellandos.

959 1895 1125 1957 Honorius
1138 1896 1364 1975 episcopus...‚
1380 1898 1499 1961 dilecto
1521 1899 1590 1961 tilio
1606 1899 1711 1961 nobili

918 1993 992 2055 uiro
1020 1993 1199 2065 amalrico,
1228 1995 1342 2056 comiti
1367 1996 1542 2069 Tolosano,
1571 1997 1713 2061 salutem

919 2074 1189 2167 etApostolicam
1211 2091 1487 2177 benedictionem.

959 2190 1044 2248 Ecce
1072 2202 1173 2264 snper
1193 2189 1327 2264 negotio
1351 2190 1443 2266 pacis
1458 2191 1491 2252 et
1513 2190 1590 2253 fidei
1606 2192 1713 2254 ceris*

920 2284 1056 2345 simoin
1071 2284 1202 2347 Christo
1214 2284 1284 2348 tilio
1299 2284 1414 2347 nostro
1426 2286 1605 2358 Ludouico,
1618 2289 1714 2351 illus*

921 2381 963 2442 tri
977 2382 1049 2458 regi
1065 2380 1282 2454 Francorum,
1299 2384 1337 2444 ut
1357 2383 1440 2444 illud
1461 2384 1525 2445 sibi
1542 2395 1715 2448 assumere

920 2477 1049 2552 debeat,
1065 2479 1098 2541 et
1121 2479 1188 2541 cito
1209 2479 1271 2541 tihi
1297 2496 1493 2543 succurrere
1514 2484 1612 2560 juxta
1627 2483 1714 2560 peti-

918 2576 1043 2638 tionem
1054 2577 1253 2639 nunciorum
1262 2578 1407 2651 tuorum,
1424 2580 1553 2643 litteras
1565 2581 1714 2643 destina-

920 2689 994 2734 mus
1008 2674 1259 2751 praesentandas
1278 2677 1311 2736 ei
1334 2692 1395 2753 per
1413 2677 1622 2740 venerabiles
1644 2673 1716 2741 sra-

918 2762 987 2833 ¹tres
1031 2770 1162 2833 nostros
1195 2772 1482 2852 archiepiscopum
1524 2774 1714 2838 Biluricen-

920 2876 989 2930 sem
1002 2854 1063 2948 ’(1),
1081 2869 1365 2932 silvanectensem
1390 2868 1437 2950 (2)
1459 2874 1493 2934 ot
1514 2874 1708 2949 Lingonen-

919 2981 989 3027 sem
1005 2963 1052 3046 (3)
1074 2966 1259 3049 episcopos,
1276 2967 1384 3044 ipsum
1398 2967 1438 3029 ad
1453 2968 1516 3030 hoc
1532 2970 1712 3047 diligenter

919 3058 1711 3145 'etesilcaciterinducturos(4).Scribimusetiam

918 3176 1019 3237 super
1029 3159 1225 3222 collectione
1238 3161 1418 3231 vicesimae,
1433 3165 1466 3225 et
1480 3164 1516 3225 ut
1527 3165 1711 3227 venerabi-⁴

917 3258 966 3320 les
994 3256 1115 3320 tratres
1140 3258 1248 3320 hostii
1272 3261 1446 3322 Remensis
1461 3262 1711 3326 etSenouensis

917 3352 1172 3432 archiepiscopi,
1187 3342 1312 3433 absque
1327 3372 1429 3419 morae
1450 3357 1634 3436 dispendio,
1650 3360 1708 3423 irs-¹

916 3449 1014 3515 terim
1040 3448 1141 3528 'super
1167 3453 1327 3514 vicesima
1355 3453 1429 3531 ipsa
1460 3458 1573 3519 mutuo
1595 3458 1710 3524 decem

917 3546 1022 3611 millia
1048 3544 1211 3611 librarum
1236 3550 1412 3628 recipiant,
1438 3552 1499 3614 tibi
1532 3559 1708 3631 pecuniam

916 3644 1106 3725 hujusmundi
1132 3647 1164 3709 et
1193 3647 1281 3724 quod
1314 3650 1480 3726 supererit
1509 3669 1570 3730 per
1592 3653 1708 3719 tideles'

916 3745 1056 3806 nuncios
1067 3744 1311 3807 transmissuri.
1330 3746 1392 3807 Sed
1406 3749 1440 3808 et
1453 3748 1494 3809 ad
1507 3750 1706 3816 solutionem

915 3842 1083 3904 vicesimae
1111 3842 1265 3923 compelli
1298 3842 1493 3905 mandamus
1523 3852 1704 3925 exemptos

916 3939 1010 4000 Unde
1022 3954 1097 3999 cum
1118 3938 1276 3999 indecens
1297 3938 1467 4003 uideretur
1492 3942 1522 4003 si
1536 3946 1706 4020 negotiu'nt

915 4035 1086 4098 desereres
1111 4038 1339 4108 memoratum,
1366 4038 1413 4109 tu,
1439 4038 1473 4098 in
1500 4040 1641 4114 Christo,
1664 4043 1705 4108 de

915 4148 979 4221 quo
992 4131 1191 4210 sperandum
1203 4134 1349 4210 estquod
1361 4135 1558 4199 nominisuo
1570 4135 1703 4204 madent

913 4229 1050 4293 daturus
1063 4229 1107 4291 sit
1118 4229 1271 4305 gloriam,
1283 4230 1385 4293 totam
1397 4248 1525 4309 ponens
1534 4235 1699 4313 fiduciam

912 4328 1082 4402 negotium
1096 4326 1205 4403 ipsum
1229 4342 1289 4404 pro
1311 4327 1504 4392 defensioue
1527 4333 1701 4399 catholicae

913 4423 1166 4485 tidelethonore
1181 4424 1382 4486 universaIIs
1394 4427 1551 4490 Ecclesia
1567 4432 1701 4497 studeas

913 4609 942 4665 i‘n
954 4607 1055 4666 eodem
1066 4610 1193 4683 negotio,
1210 4610 1331 4669 etmulti
1346 4605 1495 4670 militesdc
1505 4628 1596 4687 reguo
1611 4619 1698 4677 Fran·

911 4680 964 4737 cire
979 4678 1083 4736 ibidem
1099 4680 1201 4737 mortui
1213 4686 1290 4748 sunt,
1306 4689 1335 4738 et
1347 4682 1433 4738 multa
1447 4686 1657 4759 expendemus
1673 4698 1702 4749 ct

854 4746 859 4753 '
911 4749 986 4876 guod
1002 4749 1091 4807 semel
1106 4757 1135 4808 et
1156 4749 1281 4808 secundo
1294 4753 1322 4807 iu
1338 4754 1449 4835 propria
1466 4769 1586 4827 persona
1607 4759 1635 4815 iu
1650 4774 1700 4817 ea·

931 4820 976 4877 cm
992 4827 1066 4877 terra
1082 4835 1133 4891 pro
1152 4820 1228 4877 dicto
1249 4829 1375 4894 negotio,
1400 4825 1428 4880 in
1449 4822 1586 4896 quantum
1609 4832 1700 4901 potni-

913 4905 986 4960 mus,
1004 4890 1123 4947 tideliter
1134 4891 1336 4950 laboravimus.
1352 4895 1388 4949 Et
1401 4908 1467 4951 cum
1479 4898 1592 4968 genitor
1606 4910 1704 4958 noster

912 4961 978 5017 vitm
999 4976 1058 5018 suae
1078 4959 1154 5018 diem
1170 4960 1298 5018 ultimum
1320 4962 1465 5030 clauserit,
1487 4966 1701 5028 dominusper·

912 5032 1021 5089 tueusis
1043 5031 1122 5088 uenit
1144 5031 1180 5088 ad
1203 5046 1266 5098 uos,
1283 5034 1449 5106 supplicans
1463 5037 1546 5093 nohis
1560 5038 1704 5098 humiliter

912 5108 941 5158 ut
955 5102 1107 5158 consilium
1134 5114 1345 5174 apponeremus
1370 5105 1399 5161 tn
1423 5108 1538 5178 negotio
1552 5108 1617 5165 hihi
1639 5113 1703 5180 esti,

912 5172 977 5243 qnia
990 5171 1101 5244 praelati
1114 5172 1242 5229 Francius
1256 5173 1330 5230 idem
1352 5176 1500 5248 nogotium
1515 5191 1606 5249 aggre
1628 5196 1636 5236 1
1650 5197 1701 5239 uo·

913 5241 1060 5310 lebant-si
1076 5255 1226 5299 assensum
1240 5249 1270 5299 et
1284 5246 1458 5302 voluntatem
1476 5254 1603 5304 nostram
1618 5266 1705 5336 super

912 5311 968 5369 hoc
982 5313 1131 5369 haherent.
1150 5315 1210 5371 Nos
1228 5320 1334 5381 antem
1356 5316 1488 5386 quarnvis
1508 5331 1639 5378 essemus
1658 5338 1702 5379 ru·

910 5382 980 5439 certi
1002 5382 1038 5439 de
1052 5389 1128 5440 statu
1144 5383 1236 5456 regui,
1255 5382 1385 5442 dedimus
1409 5386 1532 5457 praetatis
1551 5393 1656 5448 uostris
1671 5394 1703 5450 ti·

910 5453 1034 5596 ffintiam
1048 5452 1239 5593 aggrediendi
1249 5455 1397 5526 negotium
1405 5455 1610 5529 supradictum,
1626 5470 1704 5521 etc.»

948 5530 1064 5595 coquet.

1511 5646 1545 5717 ld
