3930 6206
209 304 266 365 811

210 480 284 542 quae
314 481 334 525 a
363 466 502 527 rationis
530 466 663 529 tramite
694 484 761 529 non
792 468 1002 541 discordant,

211 561 331 623 ellectu
353 564 573 640 prosequente
596 565 773 641 complere.
796 569 840 627 Ea
859 568 1001 644 propter,

211 658 323 721 dilecti
349 660 382 719 in
408 661 547 721 Domino
571 660 644 731 tilii,
667 663 788 723 uestris
799 662 900 740 justis
924 679 1004 739 pre·

211 755 305 816 cibus
328 755 492 828 inclinati,
505 773 664 833 personas
684 761 814 819 vestras
830 760 863 822 et
883 759 1002 830 locum,

211 852 247 912 in
262 867 326 928 quo
342 852 454 913 divino
476 854 555 914 estis
577 854 687 916 cilicio
712 856 904 931 mancipati,
929 872 1003 917 cum

212 949 364 1011 omnibus
378 949 485 1021 bonis,
499 967 572 1028 quaa
588 953 622 1012 in
636 954 891 1029 praesentiarum
907 953 1006 1015 ratio·

211 1046 368 1108 nabiiiter
396 1048 542 1123 possidet
570 1050 628 1110 aut
661 1051 695 1110 in
728 1048 875 1111 futurum
904 1050 1005 1128 iustis

212 1143 331 1215 modis,
346 1146 524 1221 praestante
540 1147 690 1218 Domino,
711 1147 831 1223 poterit
852 1147 1003 1225 adipisci,

213 1241 274 1302 sub
291 1241 379 1304 beati
393 1243 483 1303 Petri
498 1246 532 1305 et
546 1244 659 1306 nostra
673 1245 878 1320 protectione
898 1246 1007 1306 susci·

214 1338 321 1415 pimus
342 1361 349 1399 a
373 1340 565 1416 specialiter
588 1343 698 1402 autem
718 1342 948 1417 possessiones
973 1344 1006 1406 at

212 1436 279 1496 alia
295 1434 380 1497 bona
396 1438 546 1499 ecciesiae
566 1439 684 1500 Sancti
704 1438 896 1510 Wiilebadi‚
921 1440 1007 1502 sicut

213 1548 253 1593 ea
284 1535 395 1594 omnia
419 1536 510 1610 juste
543 1551 583 1596 ac
614 1536 774 1597 canonice
801 1536 947 1613 possidet
974 1538 1007 1599 et

213 1631 335 1706 quiete,
350 1631 444 1691 vobis
456 1633 489 1693 et
503 1648 562 1709 per
576 1649 634 1693 vos
650 1633 712 1710 ipsi
725 1634 877 1695 ecclesiae
890 1636 1007 1696 aucto-

214 1728 313 1788 ritate
329 1730 519 1804 Apostolica
534 1729 769 1791 confirmamus
784 1731 818 1793 at
832 1732 1006 1807 praesentis

215 1825 330 1902 scripti
345 1826 529 1901 patrocinio
545 1828 798 1888 communimus.
818 1828 911 1891 Nulli
925 1843 1006 1905 ergo

214 1924 349 1984 omnino
365 1920 536 1985 hominum
551 1924 650 1986 liceat
662 1925 749 1986 hanc
761 1927 917 2002 paginam
929 1942 1008 1987 nos-

213 2024 274 2081 trae
299 2022 512 2096 protectionis
541 2022 574 2082 et
595 2022 859 2084 confirmationis
882 2023 1007 2084 inirin-

108 2184 111 2195 ,
213 2132 304 2192 gero,
321 2118 372 2178 vel
394 2119 425 2178 ai
449 2134 535 2179 ausu
561 2120 741 2181 temerario
769 2121 949 2182 contraire.
972 2118 1007 2181 Si

214 2216 289 2291 quis
319 2216 428 2276 autem
461 2212 523 2277 boc
553 2217 717 2277 attentare
746 2218 1005 2295 praesumpserit,

213 2310 477 2387 indignationem
498 2313 733 2389 omnipotentis
754 2315 814 2375 Dei
837 2318 871 2376 et
893 2315 1009 2377 beato-

215 2423 288 2468 rum
320 2411 409 2470 Petri
433 2412 466 2471 et
493 2410 589 2470 Pauli
618 2404 851 2485 Apostolorum
875 2415 948 2490 ejus
972 2428 1008 2473 ee

216 2506 345 2566 noverit
368 2508 587 2568 incursurum.
615 2508 733 2569 Datum
757 2508 791 2570 et
811 2511 921 2572 actum
943 2512 1009 2570 La-

214 2603 340 2674 terani,
375 2604 472 2664 nonis
500 2604 631 2676 martii,
661 2605 872 2681 pontificatus
901 2607 1008 2668 nostri

215 2714 304 2762 anno
327 2715 424 2761 nono.

553 2840 673 2930 dxiv

275 2995 326 3053 Ad
341 2994 548 3055 obtulissem
563 2995 597 3055 at
610 2995 817 3056 conventum
829 2992 949 3057 Fotttts

531 3094 696 3152 Edroudt.

498 3230 531 3288 10
544 3231 638 3287 martii
654 3231 732 3289 1225.

229 3358 351 3423 [Regsst.,
366 3358 413 3409 lib.
426 3359 471 3417 lx,
484 3358 559 3423 epist.
576 3359 631 3409 ²38.
645 3359 702 3409 lies.
713 3359 750 3410 La
759 3360 836 3411 Porto
852 3361 886 3411 du
900 3360 995 3427 rusti]

215 3484 400 3556 Privilegium
412 3484 481 3555 ipsis
496 3498 511 3540 a
526 3485 612 3541 Lucio
623 3485 699 3555 Papa
712 3498 881 3542 concessum
894 3485 1011 3559 etcujus

251 3579 333 3629 tenor
356 3570 403 3629 bic
424 3573 547 3629 insertus
569 3574 736 3630 auctoritate
757 3574 919 3646 apostolice
939 3587 1008 3630 con·

251 3660 353 3718 ilrmat.

256 3777 423 3839 Honorius
435 3778 621 3855 episcopus,
632 3794 748 3841 servus
757 3788 929 3840 servorum
938 3778 1009 3848 Dei,

216 3875 346 3937 dilectis
369 3876 401 3935 in
427 3876 557 3937 Christo
589 3875 772 3937 filiabus...
814 3874 1009 3947 abbatissae,

217 3974 249 4033 et
273 3974 450 4034 conventui
478 3975 592 4035 Fontis
627 3973 783 4045 Ebraudi‚
812 3972 1013 4035 salutemet

217 4067 731 4147 Apostolicambenedictionem.
1005 4072 1008 4079 “

257 4169 385 4238 Quanto
409 4168 444 4228 in
467 4170 589 4229 uestrae
613 4167 786 4243 religionis
810 4167 911 4231 odore
935 4184 1010 4229 am-

218 4263 305 4339 plius
340 4264 557 4336 delectamur,
593 4265 687 4326 tanto
725 4265 883 4326 libentius
917 4264 1011 4326 uobis

217 4361 448 4437 prospicimus,
462 4362 583 4423 vestris
596 4376 821 4438 praecavemus
843 4361 1011 4423 indemni-

218 4457 352 4530 tatibus,
369 4462 401 4520 et
427 4458 608 4535 dispendiis
633 4459 815 4519 obviamus.
843 4461 923 4519 Cum
944 4460 1011 4520 ita-

218 4571 282 4631 que
307 4557 343 4616 in
369 4556 480 4617 causis
513 4572 573 4632 pro
601 4557 706 4628 vohis,
736 4558 769 4618 et
803 4558 919 4617 contra
951 4571 1011 4617 vos

219 4652 464 4728 emergentibus
480 4653 668 4729 originalia,
683 4668 756 4730 quae
778 4651 921 4723 habetis,-
937 4654 1011 4729 pri-

218 4748 339 4825 vilegia
363 4765 422 4810 vos
442 4752 592 4827 oporteat
616 4750 785 4820 exhibere,
803 4765 877 4810 cum
897 4765 1012 4810 eorum

219 4847 433 4925 exemplariis
455 4863 520 4908 non
543 4848 710 4918 credatur,
728 4846 813 4923 quod
830 4846 939 4907 minus
954 4847 1012 4908 tu-

219 4949 288 5006 tum
310 4944 404 5005 uobis
430 4946 630 5022 proponitis,
653 4961 727 5005 cum
753 4959 851 5004 casus
873 4942 1010 5017 fortuiti,

219 5042 276 5120 qui
292 5041 414 5103 diversi
436 5044 514 5103 sunt
533 5042 676 5118 quidem,
691 5043 724 5102 et
737 5040 821 5105 varii
837 5042 1014 5117 praevideri

220 5156 286 5199 non
311 5139 449 5221 possint,
472 5138 668 5215 suppliciter
692 5140 725 5199 et
744 5138 915 5198 humiliter
933 5154 1013 5214 pos-

218 5236 389 5298 tulastisa
413 5235 520 5308 nobis,
538 5240 574 5297 ut
588 5234 772 5295 taceremus
797 5234 915 5295 saltem
939 5235 1012 5311 pri-

219 5334 394 5409 uilegium,
416 5332 503 5409 quod
528 5331 659 5392 habetis
683 5348 703 5392 a
727 5330 822 5392 bonae
846 5332 1013 5393 memoriae

220 5431 323 5491 Lucio
334 5432 424 5505 Papa
435 5429 681 5505 praedecessore
692 5427 1012 5499 nostro‚transcribi,

221 5526 452 5586 auctoritatem
467 5524 668 5601 transcripto
690 5525 878 5601 hujusmodi
897 5527 933 5586 ut
953 5540 1014 5601 pro

222 5621 412 5682 authentico
433 5624 468 5682 in
491 5622 601 5683 causis
620 5621 724 5699 recipi
745 5618 862 5683 debeat
885 5623 1015 5699 impan-

831 310 1006 371 HONORII
1029 313 1073 371 111
1094 310 1242 375 OPERA.

1796 314 1850 376 ata

1058 470 1176 533 dando.
1205 472 1273 534 Nos
1304 476 1415 535 autem
1446 474 1566 536 vestris
1600 472 1852 552 supplicationi-

1059 567 1120 628 bus
1146 573 1331 633 annuentes
1353 572 1387 632 et
1410 572 1531 632 rastris
1549 571 1703 632 uolentes
1727 571 1854 633 indem-

1059 664 1219 727 nitatibus
1235 682 1437 743 praacarere,
1452 667 1633 729 transcribi
1654 667 1796 729 fecimus
1815 669 1853 729 de

1059 762 1159 824 uerbo
1180 763 1378 824 adverbum
1398 765 1610 842 priuilegium
1629 765 1852 842 supradictam
1958 762 1959 789 ¹

1059 862 1178 936 atejus
1192 862 1393 938 transcripto
1415 862 1657 933 auctoritatem,
1681 863 1741 939 qui
1762 878 1802 924 eo
1820 863 1852 923 in
1958 882 1959 911 i

1060 958 1297 1019 controversiis
1312 959 1399 1020 sicut
1411 958 1567 1035 originali
1585 974 1646 1035 pro
1664 959 1853 1020 authentico

1061 1052 1116 1113 ubi
1140 1055 1274 1129 possitis
1298 1054 1339 1115 de
1362 1055 1537 1131 potestatis
1563 1055 1775 1131 planitudine
1789 1056 1853 1137 'im-
1958 1058 1959 1085 ³

1061 1152 1231 1225 partimur.
1262 1150 1398 1212 Praeiati
1428 1152 1540 1213 autem
1570 1151 1744 1231 privilegii
1763 1153 1854 1213 tenor
1958 1222 1959 1227 ,

1061 1248 1111 1308 est
1125 1246 1202 1308 talis
1217 1263 1224 1306 ε

1101 1344 1223 1405 Lucius
1243 1344 1563 1421 episcopusservus
1587 1361 1764 1408 seruorum
1787 1347 1852 1418 Dei,

1061 1440 1191 1502 dilectis
1211 1442 1246 1501 in
1266 1440 1397 1503 Christo
1412 1442 1546 1504 filiabus
1561 1443 1659 1505 ciliae
1680 1442 1854 1504 abbatissa
1958 1512 1959 1519 χ

1061 1538 1253 1599 monasterii
1279 1540 1393 1601 Fontis
1414 1539 1572 1612 Ebrandi,
1600 1543 1744 1617 ejusque
1764 1555 1852 1601 eoro-

1061 1633 1153 1695 ribus
1165 1636 1233 1696 tam
1248 1636 1470 1712 praesentibue
1490 1652 1590 1714 quam
1610 1637 1746 1709 laturis,
1759 1652 1857 1713 regu-

1061 1731 1166 1792 larem
1187 1731 1290 1793 vitam
1312 1732 1470 1808 professis
1491 1735 1527 1793 in
1548 1736 1758 1811 perpetuum.
1781 1737 1856 1795 Pru·
1958 1730 1959 1799 l

1061 1826 1214 1890 dentibus
1234 1828 1432 1905 uirginibus,
1450 1844 1524 1906 quae
1548 1829 1609 1891 sub
1631 1829 1751 1892 babitu
1775 1831 1857 1891 reli-
1958 1878 1959 1901 ,

1061 1925 1171 1999 gionis
1186 1926 1338 1987 accensis
1353 1926 1562 2003 lampadibus
1576 1943 1637 2004 per
1648 1943 1755 2005 opera
1770 1943 1859 1989 sanc·
1958 1914 1959 1983 l

1060 2022 1167 2083 titatis
1197 2038 1233 2083 so
1261 2022 1451 2123 praeparant
1482 2025 1533 2086 ira
1563 2024 1696 2086 obviam
1725 2040 1856 2100 sponso,
1958 1998 1959 2083 l

1064 2116 1164 2180 Sedes
1183 2120 1373 2195 Apostolica
1397 2118 1495 2182 debet
1517 2118 1712 2197 praesidium
1731 2121 1857 2198 imper-

1062 2214 1131 2288 tiri,
1149 2231 1190 2277 ne
1205 2215 1290 2279 sorte
1302 2216 1479 2293 cujuslibet
1489 2218 1687 2281 temeritatis
1703 2219 1857 2279 incursus

1063 2315 1121 2374 aut
1132 2326 1190 2374 eas
1203 2328 1222 2374 a
1238 2315 1407 2391 proposito
1416 2317 1561 2386 reuocet,
1574 2317 1632 2377 aut
1646 2312 1763 2387 robur,
1776 2313 1858 2392 quod

1063 2417 1162 2490 absit,
1175 2434 1279 2480 sacrae
1292 2419 1466 2495 religionis
1479 2420 1650 2496 infringat.
1664 2422 1857 2498 Eapropter,

1064 2514 1184 2576 dilecta
1212 2515 1246 2577 in
1272 2517 1412 2578 Domino
1439 2516 1508 2578 tilia
1537 2518 1641 2590 Gilia,
1664 2519 1734 2580 tuis
1759 2516 1859 2596 justis

1065 2613 1340 2688 postulationibus
1374 2612 1555 2675 clementer
1589 2616 1790 2686 annuimus,
1827 2616 1861 2675 et

1064 2709 1237 2786 praelatum
1265 2711 1502 2772 monasterinm
1532 2712 1565 2772 S.
1598 2704 1717 2773 Mariae
1746 2712 1859 2773 Fontis

1064 2800 1219 2874 Ebrandi,
1236 2807 1323 2884 quod
1345 2808 1459 2884 utique
1482 2809 1676 2885 specialiter
1691 2806 1753 2869 snb
1771 2807 1859 2869 beati
1958 2842 1959 2881 ;

1064 2904 1154 2964 Petri
1161 2906 1238 2980 jure
1248 2919 1288 2965 ac
1301 2904 1505 2980 protectione
1516 2905 1678 2977 consistit,
1691 2906 1746 2967 cui
1759 2904 1859 2967 etiam
1958 2912 1959 2915 ’

1064 2998 1131 3061 Deo
1165 3001 1300 3062 auctora
1332 3016 1478 3077 praeesse
1512 3001 1734 3078 dignosceris,
1765 3002 1860 3063 ante-

1065 3110 1234 3159 cessorum
1259 3098 1449 3159 nostrorum
1472 3098 1624 3174 vestigiis
1642 3098 1859 3165 inherentes,
1958 3094 1959 3187 ξ

1064 3194 1125 3255 sub
1142 3194 1231 3257 beati
1247 3196 1337 3257 Petri
1359 3196 1392 3257 et
1412 3196 1526 3257 nostra
1542 3194 1761 3271 protectione,
1783 3198 1858 3268 etc,
1958 3196 1959 3207 ³

1065 3308 1168 3369 usqua
1195 3292 1448 3364 communimus,
1474 3293 1657 3354 statuentes
1692 3295 1730 3355 ut
1761 3302 1861 3369 quas-
1958 3292 1959 3369 ξ

1065 3404 1204 3466 cumque
1225 3389 1469 3466 possessiones,
1492 3388 1574 3458 etc,
1604 3404 1711 3467 usque
1734 3388 1860 3450 illibata

1066 3487 1251 3547 serventur.
1268 3489 1305 3547 In
1322 3486 1442 3563 quibus
1457 3486 1530 3548 baeo
1546 3486 1691 3563 propriis
1707 3485 1860 3547 duximus

1066 3583 1282 3661 exprimenda
1295 3582 1467 3645 vocabulis
1484 3605 1491 3643 :

1106 3684 1228 3741 Locum
1243 3681 1350 3757 ipsum
1364 3681 1400 3741 in
1417 3697 1482 3758 qno
1496 3681 1672 3759 praelatum
1687 3684 1859 3744 monaste·

1066 3779 1151 3861 rium
1176 3777 1275 3839 situm
1297 3780 1347 3840 est
1370 3793 1445 3839 cum
1469 3779 1623 3841 omnibns
1646 3779 1860 3857 pertinentiis

1066 3877 1146 3936 suis.
1167 3877 1291 3937 Locum
1315 3877 1371 3952 qui
1392 3874 1515 3937 dieitur
1533 3874 1681 3937 Breierae
1703 3892 1781 3938 cum
1797 3891 1862 3939 cm·
1958 3872 1959 3895 ¹

1066 3972 1163 4033 nibus
1189 3971 1398 4049 pertinentiis
1424 3973 1507 4044 suis,
1531 3988 1575 4033 ex
1600 3972 1689 4034 dono
1713 3973 1860 4035 Aimirici

1067 4069 1187 4146 prioris
1213 4070 1246 4130 et
1272 4068 1419 4129 omnium
1444 4068 1585 4130 bairum
1612 4070 1763 4146 ejusdem
1785 4070 1859 4140 ioci,

1067 4166 1270 4227 concedente
1290 4166 1353 4227 hoc
1367 4166 1531 4227 Tolosano
1548 4166 1720 4243 episcopo.
1741 4170 1860 4229 Locum

1067 4260 1219 4323 Paradisi
1240 4277 1283 4322 ex
1297 4262 1383 4324 dono
1398 4263 1507 4325 Fortis
1526 4261 1567 4322 de
1581 4265 1658 4335 Bac,
1676 4265 1711 4325 et
1727 4264 1861 4325 amanis

1067 4359 1106 4420 de
1123 4359 1282 4421 Paradiso
1297 4375 1371 4421 cum
1384 4374 1489 4420 uxore
1504 4361 1537 4420 et
1548 4360 1628 4420 tiliis
1642 4360 1727 4434 sule,
1746 4374 1861 4422 conce·
1958 4408 1959 4411 ,

1067 4458 1164 4518 dente
1185 4457 1247 4518 boc
1269 4457 1456 4519 Raimundo
1477 4458 1669 4534 agennensi
1694 4458 1859 4536 episcopo.
1958 4512 1959 4555 ξ

1067 4556 1190 4615 Locum
1212 4554 1252 4614 de
1273 4553 1433 4615 Fontanis
1449 4570 1492 4615 ex
1506 4555 1591 4616 dono
1608 4555 1742 4616 comitis
1756 4556 1861 4616 Thoo-
1958 4564 1959 4593 l

1067 4650 1167 4723 baldi,
1184 4651 1385 4713 concedente
1397 4649 1461 4711 boc
1477 4650 1683 4724 Burcbardo‚
1701 4652 1860 4713 Meldensi

1068 4749 1233 4825 episcopo.
1243 4750 1380 4809 'Perram
1396 4747 1561 4809 desertam
1572 4762 1673 4824 quam
1684 4748 1774 4810 idern
1786 4748 1862 4810 Bur·
1958 4724 1959 4753 ¹

1068 4845 1222 4918 charius,
1240 4845 1420 4907 Meldensis
1434 4846 1623 4922 episeopus,
1634 4846 1778 4922 praefato
1793 4861 1862 4907 mo.
1958 4832 1959 4905 i

1068 4943 1217 5004 nestorio
1230 4956 1273 5003 ex
1287 4942 1373 5002 dono
1395 4957 1434 5003 eo
1448 4943 1564 5003 tenore
1580 4944 1760 5016 concessit,
1775 4944 1810 5005 ut
1822 4942 1861 5003 de
1958 4920 1959 4991 i

1068 5039 1210 5115 singulis
1231 5039 1422 5100 carrucatis
1448 5038 1622 5100 duodecim
1648 5039 1782 5101 denarii
1804 5055 1861 5116 pro

1068 5148 1170 5197 censu
1181 5136 1343 5197 Meldensi
1356 5136 1508 5197 ecclesiae
1519 5130 1664 5211 singulis
1675 5139 1775 5199 annis
1784 5152 1859 5214 per·

1068 5233 1286 5295 solverentur.
1306 5235 1428 5295 Locum
1446 5233 1487 5293 de
1507 5234 1680 5305 Fontanis,
1697 5234 1814 5311 quiesi
1828 5234 1862 5294 in

1069 5331 1335 5405 petragoricensi
1346 5330 1541 5406 episcopatu
1549 5345 1593 5391 ex
1601 5325 1691 5391 dono
1702 5326 1862 5392 Bernardi

1070 5427 1331 5497 sanctitatum,
1348 5428 1381 5490 et
1395 5427 1501 5487 Heliae
1517 5426 1680 5500 Guiberti,
1698 5430 1732 5491 et
1746 5428 1863 5489 Bonis·

1069 5524 1165 5591 curti,
1178 5538 1308 5585 necnon
1318 5522 1457 5585 Arnaldi
1467 5523 1508 5583 de
1520 5523 1693 5595 dentalia,
1711 5527 1745 5586 at
1758 5525 1862 5586 Heliae

1069 5621 1109 5682 da
1126 5621 1296 5693 Marroiio,
1313 5621 1417 5682 Helia
1434 5621 1475 5681 de
1496 5621 1709 5694 castellione,
1729 5622 1761 5683 ct
1779 5621 1860 5684 alio·
