<?xml version="1.0" encoding="UTF-8"?>
<!DOCTYPE html PUBLIC "-//W3C//DTD XHTML 1.0 Transitional//EN"
    "http://www.w3.org/TR/xhtml1/DTD/xhtml1-transitional.dtd">
<html xmlns="http://www.w3.org/1999/xhtml" xml:lang="en" lang="en">
 <head>
  <title>
</title>
<meta http-equiv="Content-Type" content="text/html;charset=utf-8" />
  <meta name='ocr-system' content='tesseract 3.04.00' />
  <meta name='ocr-capabilities' content='ocr_page ocr_carea ocr_par ocr_line ocrx_word'/>
</head>
<body>
  <div class='ocr_page' id='page_1' title='image "./mediiaevibiblio04bottgoog_0216.png"; bbox 0 0 3916 6204; ppageno 0'>
   <div class='ocr_carea' id='block_1_1' title="bbox 103 270 1748 403">
    <p class='ocr_par' dir='ltr' id='par_1_1' title="bbox 103 270 1748 403">
     <span class='ocr_line' id='line_1_1' title="bbox 103 270 1748 403; baseline 0.005 -22"><span class='ocrx_word' id='word_1_1' title='bbox 103 320 160 381; x_wconf 74' lang='lat'>⁴01</span> <span class='ocrx_word' id='word_1_2' title='bbox 261 312 266 319; x_wconf 82' lang='grc'><em>’</em></span> <span class='ocrx_word' id='word_1_3' title='bbox 704 320 932 396; x_wconf 75' lang='lat' dir='ltr'>mrsroum.</span> <span class='ocrx_word' id='word_1_4' title='bbox 955 270 1034 384; x_wconf 78' lang='lat' dir='ltr'>nm.</span> <span class='ocrx_word' id='word_1_5' title='bbox 1058 290 1197 386; x_wconf 57' lang='lat' dir='ltr'>vun‘</span> <span class='ocrx_word' id='word_1_6' title='bbox 1517 396 1521 403; x_wconf 55' lang='grc'><strong>,</strong></span> <span class='ocrx_word' id='word_1_7' title='bbox 1687 324 1748 389; x_wconf 77' lang='lat' dir='ltr'>coa</span> 
     </span>
    </p>
   </div>
   <div class='ocr_carea' id='block_1_2' title="bbox 98 475 1746 2401">
    <p class='ocr_par' dir='ltr' id='par_1_2' title="bbox 104 475 1746 667">
     <span class='ocr_line' id='line_1_2' title="bbox 105 475 1746 561; baseline 0.003 -20"><span class='ocrx_word' id='word_1_8' title='bbox 105 475 322 547; x_wconf 84' lang='lat' dir='ltr'>dilectistllils</span> <span class='ocrx_word' id='word_1_9' title='bbox 335 476 698 557; x_wconf 87' lang='lat' dir='ltr'>Novarlensicapitulo,</span> <span class='ocrx_word' id='word_1_10' title='bbox 711 480 895 557; x_wconf 80' lang='lat' dir='ltr'>salutemet</span> <span class='ocrx_word' id='word_1_11' title='bbox 949 480 1105 546; x_wconf 87' lang='lat' dir='ltr'>videlicet</span> <span class='ocrx_word' id='word_1_12' title='bbox 1125 482 1191 561; x_wconf 89' lang='lat' dir='ltr'>ipsi</span> <span class='ocrx_word' id='word_1_13' title='bbox 1214 482 1367 551; x_wconf 89' lang='lat' dir='ltr'>canonici</span> <span class='ocrx_word' id='word_1_14' title='bbox 1383 482 1457 549; x_wconf 85' lang='lat' dir='ltr'>cota</span> <span class='ocrx_word' id='word_1_15' title='bbox 1477 480 1532 547; x_wconf 91' lang='lat' dir='ltr'>vel</span> <span class='ocrx_word' id='word_1_16' title='bbox 1550 497 1635 561; x_wconf 87' lang='lat' dir='ltr'>capa</span> <span class='ocrx_word' id='word_1_17' title='bbox 1647 481 1746 560; x_wconf 78' lang='lat' dir='ltr'>nigra</span> 
     </span>
     <span class='ocr_line' id='line_1_3' title="bbox 104 573 1746 667; baseline 0.004 -30"><span class='ocrx_word' id='word_1_18' title='bbox 104 573 323 652; x_wconf 84' lang='lat' dir='ltr'>Apostolicam</span> <span class='ocrx_word' id='word_1_19' title='bbox 337 573 612 637; x_wconf 81' lang='lat' dir='ltr'>benedictionem.</span> <span class='ocrx_word' id='word_1_20' title='bbox 948 579 981 641; x_wconf 90' lang='lat' dir='ltr'>et</span> <span class='ocrx_word' id='word_1_21' title='bbox 1002 580 1117 641; x_wconf 88' lang='lat' dir='ltr'>cla-usa</span> <span class='ocrx_word' id='word_1_22' title='bbox 1144 582 1284 643; x_wconf 86' lang='lat' dir='ltr'>utantur</span> <span class='ocrx_word' id='word_1_23' title='bbox 1303 583 1339 643; x_wconf 91' lang='lat' dir='ltr'>in</span> <span class='ocrx_word' id='word_1_24' title='bbox 1354 581 1525 645; x_wconf 84' lang='lat' dir='ltr'><strong>matutinis</strong></span> <span class='ocrx_word' id='word_1_25' title='bbox 1540 580 1574 643; x_wconf 90' lang='lat' dir='ltr'>et</span> <span class='ocrx_word' id='word_1_26' title='bbox 1585 580 1696 643; x_wconf 87' lang='lat' dir='ltr'>missis</span> <span class='ocrx_word' id='word_1_27' title='bbox 1712 580 1746 667; x_wconf 74' lang='lat' dir='ltr'>et</span> 
     </span>
    </p>

    <p class='ocr_par' dir='ltr' id='par_1_3' title="bbox 98 670 1745 2401">
     <span class='ocr_line' id='line_1_4' title="bbox 140 670 1744 748; baseline 0.004 -17"><span class='ocrx_word' id='word_1_28' title='bbox 140 670 361 733; x_wconf 86' lang='lat' dir='ltr'>interstatuta</span> <span class='ocrx_word' id='word_1_29' title='bbox 371 672 658 748; x_wconf 84' lang='lat' dir='ltr'>quaeveuerabilis</span> <span class='ocrx_word' id='word_1_30' title='bbox 669 672 894 736; x_wconf 76' lang='lat' dir='ltr'>fraternoster</span> <span class='ocrx_word' id='word_1_31' title='bbox 947 674 1094 738; x_wconf 79' lang='lat' dir='ltr'>sufficiat</span> <span class='ocrx_word' id='word_1_32' title='bbox 1112 677 1270 740; x_wconf 90' lang='lat' dir='ltr'>denarius</span> <span class='ocrx_word' id='word_1_33' title='bbox 1284 693 1443 739; x_wconf 88' lang='lat' dir='ltr'>numerus</span> <span class='ocrx_word' id='word_1_34' title='bbox 1457 678 1667 740; x_wconf 86' lang='lat' dir='ltr'>sacerdotum</span> <span class='ocrx_word' id='word_1_35' title='bbox 1682 692 1744 738; x_wconf 89' lang='lat' dir='ltr'>ar-</span> 
     </span>
     <span class='ocr_line' id='line_1_5' title="bbox 103 767 1745 852; baseline 0.003 -22"><span class='ocrx_word' id='word_1_36' title='bbox 103 767 359 830; x_wconf 86' lang='lat' dir='ltr'>Mediolanensis</span> <span class='ocrx_word' id='word_1_37' title='bbox 392 767 663 848; x_wconf 78' lang='lat' dir='ltr'>archiepiscopus</span> <span class='ocrx_word' id='word_1_38' title='bbox 694 771 893 833; x_wconf 88' lang='lat' dir='ltr'>auctoritate</span> <span class='ocrx_word' id='word_1_39' title='bbox 948 772 1196 850; x_wconf 89' lang='lat' dir='ltr'>cbipresbytero</span> <span class='ocrx_word' id='word_1_40' title='bbox 1225 776 1423 852; x_wconf 87' lang='lat' dir='ltr'>computato,</span> <span class='ocrx_word' id='word_1_41' title='bbox 1459 775 1589 838; x_wconf 85' lang='lat' dir='ltr'>caeteris</span> <span class='ocrx_word' id='word_1_42' title='bbox 1621 774 1657 835; x_wconf 90' lang='lat' dir='ltr'>in</span> <span class='ocrx_word' id='word_1_43' title='bbox 1680 773 1745 837; x_wconf 91' lang='lat' dir='ltr'>hoc</span> 
     </span>
     <span class='ocr_line' id='line_1_6' title="bbox 102 863 1743 948; baseline 0.002 -21"><span class='ocrx_word' id='word_1_44' title='bbox 102 863 259 927; x_wconf 80' lang='lat' dir='ltr'>nostruin</span> <span class='ocrx_word' id='word_1_45' title='bbox 273 863 415 928; x_wconf 88' lang='lat' dir='ltr'>ecclesia</span> <span class='ocrx_word' id='word_1_46' title='bbox 425 866 538 928; x_wconf 88' lang='lat' dir='ltr'>vestra</span> <span class='ocrx_word' id='word_1_47' title='bbox 556 866 646 938; x_wconf 81' lang='lat' dir='ltr'>fecit,</span> <span class='ocrx_word' id='word_1_48' title='bbox 663 866 736 929; x_wconf 84' lang='lat' dir='ltr'>baec</span> <span class='ocrx_word' id='word_1_49' title='bbox 749 868 893 929; x_wconf 89' lang='lat' dir='ltr'>vidimus</span> <span class='ocrx_word' id='word_1_50' title='bbox 948 870 1196 947; x_wconf 81' lang='lat' dir='ltr'>comprehensis</span> <span class='ocrx_word' id='word_1_51' title='bbox 1211 871 1356 948; x_wconf 89' lang='lat' dir='ltr'>capitulo</span> <span class='ocrx_word' id='word_1_52' title='bbox 1370 870 1609 934; x_wconf 82' lang='lat' dir='ltr'>inviolabiliter</span> <span class='ocrx_word' id='word_1_53' title='bbox 1623 869 1743 933; x_wconf 88' lang='lat' dir='ltr'>obser-</span> 
     </span>
     <span class='ocr_line' id='line_1_7' title="bbox 103 959 1743 1046; baseline 0.002 -23"><span class='ocrx_word' id='word_1_54' title='bbox 103 959 263 1023; x_wconf 88' lang='lat' dir='ltr'>contineri</span> <span class='ocrx_word' id='word_1_55' title='bbox 279 963 316 1022; x_wconf 89' lang='lat' dir='ltr'>ut</span> <span class='ocrx_word' id='word_1_56' title='bbox 333 961 489 1025; x_wconf 85' lang='lat' dir='ltr'>videlicet</span> <span class='ocrx_word' id='word_1_57' title='bbox 515 963 622 1039; x_wconf 87' lang='lat' dir='ltr'>ipsius</span> <span class='ocrx_word' id='word_1_58' title='bbox 642 965 795 1028; x_wconf 92' lang='lat' dir='ltr'>canonici</span> <span class='ocrx_word' id='word_1_59' title='bbox 819 965 893 1027; x_wconf 85' lang='lat' dir='ltr'>cota</span> <span class='ocrx_word' id='word_1_60' title='bbox 945 967 1075 1027; x_wconf 90' lang='lat' dir='ltr'>vandis.</span> <span class='ocrx_word' id='word_1_61' title='bbox 1093 967 1185 1039; x_wconf 85' lang='lat' dir='ltr'>Quod</span> <span class='ocrx_word' id='word_1_62' title='bbox 1211 968 1241 1028; x_wconf 91' lang='lat' dir='ltr'>si</span> <span class='ocrx_word' id='word_1_63' title='bbox 1262 968 1376 1031; x_wconf 83' lang='lat' dir='ltr'>forsan</span> <span class='ocrx_word' id='word_1_64' title='bbox 1402 968 1523 1046; x_wconf 86' lang='lat' dir='ltr'>aliquis</span> <span class='ocrx_word' id='word_1_65' title='bbox 1547 984 1661 1030; x_wconf 92' lang='lat' dir='ltr'>eorum</span> <span class='ocrx_word' id='word_1_66' title='bbox 1685 965 1743 1044; x_wconf 87' lang='lat' dir='ltr'>qui</span> 
     </span>
     <span class='ocr_line' id='line_1_8' title="bbox 102 1059 1744 1135; baseline 0.004 -15"><span class='ocrx_word' id='word_1_67' title='bbox 102 1059 271 1135; x_wconf 86' lang='lat' dir='ltr'>semperin</span> <span class='ocrx_word' id='word_1_68' title='bbox 287 1060 461 1121; x_wconf 82' lang='lat' dir='ltr'>matutinis</span> <span class='ocrx_word' id='word_1_69' title='bbox 472 1061 607 1122; x_wconf 87' lang='lat' dir='ltr'>utantur</span> <span class='ocrx_word' id='word_1_70' title='bbox 621 1062 655 1124; x_wconf 87' lang='lat' dir='ltr'>ct</span> <span class='ocrx_word' id='word_1_71' title='bbox 666 1062 791 1135; x_wconf 89' lang='lat' dir='ltr'>missis,</span> <span class='ocrx_word' id='word_1_72' title='bbox 808 1062 841 1125; x_wconf 91' lang='lat' dir='ltr'>et</span> <span class='ocrx_word' id='word_1_73' title='bbox 857 1063 894 1123; x_wconf 92' lang='lat' dir='ltr'>ut</span> <span class='ocrx_word' id='word_1_74' title='bbox 948 1062 1072 1126; x_wconf 85' lang='lat' dir='ltr'>luerint</span> <span class='ocrx_word' id='word_1_75' title='bbox 1095 1066 1129 1125; x_wconf 93' lang='lat' dir='ltr'>in</span> <span class='ocrx_word' id='word_1_76' title='bbox 1153 1063 1369 1127; x_wconf 82' lang='lat' dir='ltr'>inferioribus</span> <span class='ocrx_word' id='word_1_77' title='bbox 1384 1066 1555 1127; x_wconf 87' lang='lat' dir='ltr'>ordinibus</span> <span class='ocrx_word' id='word_1_78' title='bbox 1572 1064 1744 1126; x_wconf 87' lang='lat' dir='ltr'>constituti</span> 
     </span>
     <span class='ocr_line' id='line_1_9' title="bbox 102 1154 1743 1247; baseline 0.005 -32"><span class='ocrx_word' id='word_1_79' title='bbox 102 1154 894 1235; x_wconf 86' lang='lat' dir='ltr'>septemsacerdotes‚totidemquediaconiarcbi·</span> <span class='ocrx_word' id='word_1_80' title='bbox 947 1162 1118 1236; x_wconf 87' lang='lat' dir='ltr'>promotus</span> <span class='ocrx_word' id='word_1_81' title='bbox 1137 1161 1238 1224; x_wconf 81' lang='lat' dir='ltr'>inerit</span> <span class='ocrx_word' id='word_1_82' title='bbox 1261 1162 1303 1222; x_wconf 90' lang='lat' dir='ltr'>ad</span> <span class='ocrx_word' id='word_1_83' title='bbox 1327 1163 1461 1224; x_wconf 90' lang='lat' dir='ltr'>ordines</span> <span class='ocrx_word' id='word_1_84' title='bbox 1473 1161 1681 1247; x_wconf 79' lang='lat' dir='ltr'>supradictos</span> <span class='ocrx_word' id='word_1_85' title='bbox 1695 1161 1743 1223; x_wconf 87' lang='lat' dir='ltr'>ita</span> 
     </span>
     <span class='ocr_line' id='line_1_10' title="bbox 102 1251 1744 1336; baseline 0.002 -23"><span class='ocrx_word' id='word_1_86' title='bbox 102 1251 291 1329; x_wconf 83' lang='lat' dir='ltr'>presbytero</span> <span class='ocrx_word' id='word_1_87' title='bbox 299 1252 332 1313; x_wconf 90' lang='lat' dir='ltr'>et</span> <span class='ocrx_word' id='word_1_88' title='bbox 344 1252 581 1316; x_wconf 86' lang='lat' dir='ltr'>archidiacono</span> <span class='ocrx_word' id='word_1_89' title='bbox 594 1256 791 1332; x_wconf 87' lang='lat' dir='ltr'>computatis</span> <span class='ocrx_word' id='word_1_90' title='bbox 803 1257 895 1317; x_wconf 91' lang='lat' dir='ltr'>ordi·</span> <span class='ocrx_word' id='word_1_91' title='bbox 947 1257 1034 1334; x_wconf 82' lang='lat' dir='ltr'>quod</span> <span class='ocrx_word' id='word_1_92' title='bbox 1056 1273 1116 1334; x_wconf 87' lang='lat' dir='ltr'>per</span> <span class='ocrx_word' id='word_1_93' title='bbox 1139 1258 1203 1319; x_wconf 91' lang='lat' dir='ltr'>boc</span> <span class='ocrx_word' id='word_1_94' title='bbox 1222 1261 1384 1334; x_wconf 80' lang='lat' dir='ltr'>augeatur</span> <span class='ocrx_word' id='word_1_95' title='bbox 1407 1258 1675 1336; x_wconf 86' lang='lat' dir='ltr'>presbyterorum</span> <span class='ocrx_word' id='word_1_96' title='bbox 1689 1256 1744 1318; x_wconf 88' lang='lat' dir='ltr'>vel</span> 
     </span>
     <span class='ocr_line' id='line_1_11' title="bbox 100 1347 1742 1432; baseline 0.004 -23"><span class='ocrx_word' id='word_1_97' title='bbox 100 1348 217 1409; x_wconf 88' lang='lat' dir='ltr'>nentur</span> <span class='ocrx_word' id='word_1_98' title='bbox 226 1347 261 1409; x_wconf 93' lang='lat' dir='ltr'>in</span> <span class='ocrx_word' id='word_1_99' title='bbox 268 1362 320 1418; x_wconf 86' lang='lat' dir='ltr'>ea,</span> <span class='ocrx_word' id='word_1_100' title='bbox 330 1364 391 1410; x_wconf 91' lang='lat' dir='ltr'>nec</span> <span class='ocrx_word' id='word_1_101' title='bbox 402 1350 565 1412; x_wconf 87' lang='lat' dir='ltr'>sacerdoti</span> <span class='ocrx_word' id='word_1_102' title='bbox 577 1367 650 1412; x_wconf 89' lang='lat' dir='ltr'>cum</span> <span class='ocrx_word' id='word_1_103' title='bbox 663 1352 712 1413; x_wconf 90' lang='lat' dir='ltr'>eis</span> <span class='ocrx_word' id='word_1_104' title='bbox 721 1353 829 1413; x_wconf 92' lang='lat' dir='ltr'>locum</span> <span class='ocrx_word' id='word_1_105' title='bbox 839 1369 894 1414; x_wconf 87' lang='lat' dir='ltr'>va·</span> <span class='ocrx_word' id='word_1_106' title='bbox 948 1353 1162 1415; x_wconf 88' lang='lat' dir='ltr'>diaconorum</span> <span class='ocrx_word' id='word_1_107' title='bbox 1177 1368 1337 1416; x_wconf 90' lang='lat' dir='ltr'>numerus</span> <span class='ocrx_word' id='word_1_108' title='bbox 1347 1355 1564 1432; x_wconf 74' lang='lat' dir='ltr'>praetaxatus,</span> <span class='ocrx_word' id='word_1_109' title='bbox 1580 1358 1653 1432; x_wconf 88' lang='lat' dir='ltr'>ejus</span> <span class='ocrx_word' id='word_1_110' title='bbox 1667 1356 1742 1416; x_wconf 88' lang='lat' dir='ltr'>loco</span> 
     </span>
     <span class='ocr_line' id='line_1_12' title="bbox 100 1444 1741 1527; baseline 0.002 -22"><span class='ocrx_word' id='word_1_111' title='bbox 100 1458 172 1506; x_wconf 87' lang='lat' dir='ltr'>care</span> <span class='ocrx_word' id='word_1_112' title='bbox 185 1445 375 1521; x_wconf 79' lang='lat' dir='ltr'>contigerit,</span> <span class='ocrx_word' id='word_1_113' title='bbox 390 1446 708 1511; x_wconf 87' lang='lat' dir='ltr'>substituaturalius</span> <span class='ocrx_word' id='word_1_114' title='bbox 722 1465 819 1527; x_wconf 89' lang='lat' dir='ltr'>quam</span> <span class='ocrx_word' id='word_1_115' title='bbox 838 1465 895 1511; x_wconf 89' lang='lat' dir='ltr'>sa·</span> <span class='ocrx_word' id='word_1_116' title='bbox 947 1452 1098 1521; x_wconf 87' lang='lat' dir='ltr'>vacante,</span> <span class='ocrx_word' id='word_1_117' title='bbox 1121 1449 1225 1511; x_wconf 89' lang='lat' dir='ltr'>libere</span> <span class='ocrx_word' id='word_1_118' title='bbox 1247 1451 1353 1527; x_wconf 87' lang='lat' dir='ltr'>possit</span> <span class='ocrx_word' id='word_1_119' title='bbox 1368 1444 1410 1512; x_wconf 80' lang='lat' dir='ltr'>ei&#39;</span> <span class='ocrx_word' id='word_1_120' title='bbox 1419 1449 1572 1512; x_wconf 89' lang='lat' dir='ltr'>substitui</span> <span class='ocrx_word' id='word_1_121' title='bbox 1593 1449 1680 1511; x_wconf 86' lang='lat' dir='ltr'>alius</span> <span class='ocrx_word' id='word_1_122' title='bbox 1703 1448 1741 1510; x_wconf 90' lang='lat' dir='ltr'>in</span> 
     </span>
     <span class='ocr_line' id='line_1_13' title="bbox 101 1541 1743 1623; baseline 0.001 -21"><span class='ocrx_word' id='word_1_123' title='bbox 101 1541 212 1603; x_wconf 84' lang='lat' dir='ltr'>cordos</span> <span class='ocrx_word' id='word_1_124' title='bbox 221 1543 278 1604; x_wconf 88' lang='lat' dir='ltr'>vel</span> <span class='ocrx_word' id='word_1_125' title='bbox 286 1542 365 1604; x_wconf 88' lang='lat' dir='ltr'>talis</span> <span class='ocrx_word' id='word_1_126' title='bbox 373 1544 429 1620; x_wconf 82' lang='lat' dir='ltr'>qui</span> <span class='ocrx_word' id='word_1_127' title='bbox 439 1543 506 1606; x_wconf 87' lang='lat' dir='ltr'>cito</span> <span class='ocrx_word' id='word_1_128' title='bbox 517 1545 552 1605; x_wconf 92' lang='lat' dir='ltr'>in</span> <span class='ocrx_word' id='word_1_129' title='bbox 564 1545 769 1609; x_wconf 86' lang='lat' dir='ltr'>sacerdotem</span> <span class='ocrx_word' id='word_1_130' title='bbox 781 1548 894 1609; x_wconf 87' lang='lat' dir='ltr'>valeat</span> <span class='ocrx_word' id='word_1_131' title='bbox 947 1545 1133 1607; x_wconf 90' lang='lat' dir='ltr'>minoribus</span> <span class='ocrx_word' id='word_1_132' title='bbox 1148 1546 1322 1608; x_wconf 85' lang='lat' dir='ltr'>ordinibus</span> <span class='ocrx_word' id='word_1_133' title='bbox 1344 1548 1561 1623; x_wconf 87' lang='lat' dir='ltr'>constitutus;</span> <span class='ocrx_word' id='word_1_134' title='bbox 1577 1544 1743 1623; x_wconf 89' lang='lat' dir='ltr'>permitti-</span> 
     </span>
     <span class='ocr_line' id='line_1_14' title="bbox 99 1639 1739 1719; baseline 0.001 -19"><span class='ocrx_word' id='word_1_135' title='bbox 99 1640 295 1716; x_wconf 89' lang='lat' dir='ltr'>promoveri,</span> <span class='ocrx_word' id='word_1_136' title='bbox 316 1639 380 1702; x_wconf 90' lang='lat' dir='ltr'>hoc</span> <span class='ocrx_word' id='word_1_137' title='bbox 402 1641 475 1719; x_wconf 90' lang='lat' dir='ltr'>ipso</span> <span class='ocrx_word' id='word_1_138' title='bbox 496 1642 587 1704; x_wconf 88' lang='lat' dir='ltr'>circa</span> <span class='ocrx_word' id='word_1_139' title='bbox 604 1643 762 1707; x_wconf 86' lang='lat' dir='ltr'>diaconos</span> <span class='ocrx_word' id='word_1_140' title='bbox 778 1643 894 1706; x_wconf 83' lang='lat' dir='ltr'>obser·</span> <span class='ocrx_word' id='word_1_141' title='bbox 947 1658 1020 1704; x_wconf 90' lang='lat' dir='ltr'>mus</span> <span class='ocrx_word' id='word_1_142' title='bbox 1033 1643 1133 1704; x_wconf 90' lang='lat' dir='ltr'>etiam</span> <span class='ocrx_word' id='word_1_143' title='bbox 1147 1644 1183 1706; x_wconf 88' lang='lat' dir='ltr'>ut</span> <span class='ocrx_word' id='word_1_144' title='bbox 1195 1645 1281 1706; x_wconf 88' lang='lat' dir='ltr'>ostia</span> <span class='ocrx_word' id='word_1_145' title='bbox 1296 1645 1332 1705; x_wconf 90' lang='lat' dir='ltr'>iu</span> <span class='ocrx_word' id='word_1_146' title='bbox 1353 1659 1414 1705; x_wconf 89' lang='lat' dir='ltr'>suo</span> <span class='ocrx_word' id='word_1_147' title='bbox 1430 1644 1519 1706; x_wconf 86' lang='lat' dir='ltr'>statu</span> <span class='ocrx_word' id='word_1_148' title='bbox 1532 1641 1739 1714; x_wconf 85' lang='lat' dir='ltr'>remaneant,</span> 
     </span>
     <span class='ocr_line' id='line_1_15' title="bbox 100 1735 1742 1814; baseline 0.002 -18"><span class='ocrx_word' id='word_1_149' title='bbox 100 1735 200 1797; x_wconf 88' lang='lat' dir='ltr'>vando</span> <span class='ocrx_word' id='word_1_150' title='bbox 215 1737 360 1814; x_wconf 88' lang='lat' dir='ltr'>adjecto,</span> <span class='ocrx_word' id='word_1_151' title='bbox 378 1740 415 1799; x_wconf 93' lang='lat' dir='ltr'>ut</span> <span class='ocrx_word' id='word_1_152' title='bbox 429 1738 540 1801; x_wconf 91' lang='lat' dir='ltr'>nullus</span> <span class='ocrx_word' id='word_1_153' title='bbox 555 1741 792 1802; x_wconf 87' lang='lat' dir='ltr'>canonicorum</span> <span class='ocrx_word' id='word_1_154' title='bbox 805 1741 893 1804; x_wconf 85' lang='lat' dir='ltr'>infra</span> <span class='ocrx_word' id='word_1_155' title='bbox 947 1740 1122 1802; x_wconf 91' lang='lat' dir='ltr'>dummodo</span> <span class='ocrx_word' id='word_1_156' title='bbox 1147 1741 1304 1803; x_wconf 85' lang='lat' dir='ltr'>statutum</span> <span class='ocrx_word' id='word_1_157' title='bbox 1326 1739 1368 1802; x_wconf 88' lang='lat' dir='ltr'>de</span> <span class='ocrx_word' id='word_1_158' title='bbox 1389 1756 1456 1802; x_wconf 93' lang='lat' dir='ltr'>non</span> <span class='ocrx_word' id='word_1_159' title='bbox 1473 1739 1646 1801; x_wconf 90' lang='lat' dir='ltr'>vendendo</span> <span class='ocrx_word' id='word_1_160' title='bbox 1661 1738 1742 1800; x_wconf 86' lang='lat' dir='ltr'>vino</span> 
     </span>
     <span class='ocr_line' id='line_1_16' title="bbox 99 1834 1742 1925; baseline 0.001 -31"><span class='ocrx_word' id='word_1_161' title='bbox 99 1834 205 1910; x_wconf 81' lang='lat' dir='ltr'>portas</span> <span class='ocrx_word' id='word_1_162' title='bbox 226 1834 390 1895; x_wconf 88' lang='lat' dir='ltr'>canonice</span> <span class='ocrx_word' id='word_1_163' title='bbox 416 1837 595 1925; x_wconf 78' lang='lat' dir='ltr'>praesumat</span> <span class='ocrx_word' id='word_1_164' title='bbox 615 1836 729 1899; x_wconf 91' lang='lat' dir='ltr'>vinum</span> <span class='ocrx_word' id='word_1_165' title='bbox 749 1838 893 1900; x_wconf 86' lang='lat' dir='ltr'>vendere</span> <span class='ocrx_word' id='word_1_166' title='bbox 947 1836 1187 1900; x_wconf 88' lang='lat' dir='ltr'>inviolabiliter</span> <span class='ocrx_word' id='word_1_167' title='bbox 1208 1837 1412 1901; x_wconf 85' lang='lat' dir='ltr'>observetur.</span> <span class='ocrx_word' id='word_1_168' title='bbox 1441 1836 1583 1914; x_wconf 82' lang='lat' dir='ltr'>Ideoque</span> <span class='ocrx_word' id='word_1_169' title='bbox 1605 1836 1742 1897; x_wconf 87' lang='lat' dir='ltr'>uuiver-</span> 
     </span>
     <span class='ocr_line' id='line_1_17' title="bbox 100 1926 1742 2013; baseline 0.001 -22"><span class='ocrx_word' id='word_1_170' title='bbox 100 1928 137 1991; x_wconf 84' lang='lat' dir='ltr'>ad</span> <span class='ocrx_word' id='word_1_171' title='bbox 156 1930 335 1999; x_wconf 86' lang='lat' dir='ltr'>minutum,</span> <span class='ocrx_word' id='word_1_172' title='bbox 351 1931 385 1993; x_wconf 95' lang='lat' dir='ltr'>et</span> <span class='ocrx_word' id='word_1_173' title='bbox 399 1932 485 2009; x_wconf 87' lang='lat' dir='ltr'>quod</span> <span class='ocrx_word' id='word_1_174' title='bbox 501 1926 588 1995; x_wconf 78' lang='lat' dir='ltr'>os&#39;tla</span> <span class='ocrx_word' id='word_1_175' title='bbox 603 1950 677 2011; x_wconf 88' lang='lat' dir='ltr'>quae</span> <span class='ocrx_word' id='word_1_176' title='bbox 691 1935 893 2013; x_wconf 87' lang='lat' dir='ltr'>respondent</span> <span class='ocrx_word' id='word_1_177' title='bbox 947 1935 1037 1998; x_wconf 86' lang='lat' dir='ltr'>sitati</span> <span class='ocrx_word' id='word_1_178' title='bbox 1051 1936 1172 1998; x_wconf 80' lang='lat' dir='ltr'>vestrm</span> <span class='ocrx_word' id='word_1_179' title='bbox 1187 1950 1247 2012; x_wconf 87' lang='lat' dir='ltr'>per</span> <span class='ocrx_word' id='word_1_180' title='bbox 1260 1935 1448 2011; x_wconf 83' lang='lat' dir='ltr'>Apostolica</span> <span class='ocrx_word' id='word_1_181' title='bbox 1463 1933 1587 2009; x_wconf 84' lang='lat' dir='ltr'>scripta</span> <span class='ocrx_word' id='word_1_182' title='bbox 1602 1931 1742 1993; x_wconf 84' lang='lat' dir='ltr'>firmiter</span> 
     </span>
     <span class='ocr_line' id='line_1_18' title="bbox 98 2024 1740 2111; baseline 0.001 -25"><span class='ocrx_word' id='word_1_183' title='bbox 98 2024 238 2088; x_wconf 89' lang='lat' dir='ltr'>incuria</span> <span class='ocrx_word' id='word_1_184' title='bbox 253 2025 481 2090; x_wconf 85' lang='lat' dir='ltr'>obstruantur.</span> <span class='ocrx_word' id='word_1_185' title='bbox 493 2029 761 2107; x_wconf 79' lang='lat' dir='ltr'>volentesigitur</span> <span class='ocrx_word' id='word_1_186' title='bbox 776 2033 893 2094; x_wconf 86' lang='lat' dir='ltr'>utalia</span> <span class='ocrx_word' id='word_1_187' title='bbox 946 2031 1171 2111; x_wconf 87' lang='lat' dir='ltr'>praecipiendo</span> <span class='ocrx_word' id='word_1_188' title='bbox 1186 2032 1394 2103; x_wconf 90' lang='lat' dir='ltr'>mandamus,</span> <span class='ocrx_word' id='word_1_189' title='bbox 1411 2030 1575 2109; x_wconf 87' lang='lat' dir='ltr'>quatenus</span> <span class='ocrx_word' id='word_1_190' title='bbox 1595 2029 1667 2089; x_wconf 83' lang='lat' dir='ltr'>baec</span> <span class='ocrx_word' id='word_1_191' title='bbox 1681 2028 1740 2088; x_wconf 90' lang='lat' dir='ltr'>in-</span> 
     </span>
     <span class='ocr_line' id='line_1_19' title="bbox 99 2122 1741 2206; baseline 0.001 -22"><span class='ocrx_word' id='word_1_192' title='bbox 99 2122 215 2185; x_wconf 85' lang='lat' dir='ltr'>statuta</span> <span class='ocrx_word' id='word_1_193' title='bbox 244 2140 319 2201; x_wconf 84' lang='lat' dir='ltr'>quae</span> <span class='ocrx_word' id='word_1_194' title='bbox 344 2125 590 2203; x_wconf 86' lang='lat' dir='ltr'>inspexerimus</span> <span class='ocrx_word' id='word_1_195' title='bbox 612 2129 645 2190; x_wconf 91' lang='lat' dir='ltr'>et</span> <span class='ocrx_word' id='word_1_196' title='bbox 670 2128 892 2206; x_wconf 85' lang='lat' dir='ltr'>approbamus</span> <span class='ocrx_word' id='word_1_197' title='bbox 946 2129 1150 2191; x_wconf 82' lang='lat' dir='ltr'>violabiliter</span> <span class='ocrx_word' id='word_1_198' title='bbox 1163 2128 1359 2191; x_wconf 87' lang='lat' dir='ltr'>observetis.</span> <span class='ocrx_word' id='word_1_199' title='bbox 1382 2130 1502 2190; x_wconf 87' lang='lat' dir='ltr'>Datum</span> <span class='ocrx_word' id='word_1_200' title='bbox 1513 2126 1649 2202; x_wconf 80' lang='lat' dir='ltr'>Signiae,</span> <span class='ocrx_word' id='word_1_201' title='bbox 1663 2125 1741 2186; x_wconf 91' lang='lat' dir='ltr'>VIII</span> 
     </span>
     <span class='ocr_line' id='line_1_20' title="bbox 98 2219 1740 2323; baseline 0.002 -43"><span class='ocrx_word' id='word_1_202' title='bbox 98 2219 894 2304; x_wconf 77' lang='lat' dir='ltr'>inconcussampbtineantfirmitatem,quaeprae-</span> <span class='ocrx_word' id='word_1_203' title='bbox 947 2226 1110 2288; x_wconf 85' lang='lat' dir='ltr'>kalendas</span> <span class='ocrx_word' id='word_1_204' title='bbox 1132 2226 1277 2323; x_wconf 68' lang='lat' dir='ltr'>augpsti,</span> <span class='ocrx_word' id='word_1_205' title='bbox 1299 2225 1511 2309; x_wconf 84' lang='lat' dir='ltr'>pontificatus</span> <span class='ocrx_word' id='word_1_206' title='bbox 1524 2222 1631 2286; x_wconf 88' lang='lat' dir='ltr'>nostri</span> <span class='ocrx_word' id='word_1_207' title='bbox 1652 2234 1740 2284; x_wconf 90' lang='lat' dir='ltr'>anno</span> 
     </span>
     <span class='ocr_line' id='line_1_21' title="bbox 99 2317 1741 2401; baseline 0.008 -25"><span class='ocrx_word' id='word_1_208' title='bbox 99 2317 205 2381; x_wconf 83' lang='lat' dir='ltr'>notata</span> <span class='ocrx_word' id='word_1_209' title='bbox 237 2317 317 2380; x_wconf 89' lang='lat' dir='ltr'>sunt</span> <span class='ocrx_word' id='word_1_210' title='bbox 346 2317 395 2380; x_wconf 88' lang='lat' dir='ltr'>sic</span> <span class='ocrx_word' id='word_1_211' title='bbox 420 2318 577 2383; x_wconf 77' lang='lat' dir='ltr'>duximus</span> <span class='ocrx_word' id='word_1_212' title='bbox 599 2322 828 2400; x_wconf 86' lang='lat' dir='ltr'>temperanda,</span> <span class='ocrx_word' id='word_1_213' title='bbox 857 2325 893 2384; x_wconf 90' lang='lat' dir='ltr'>ut</span> <span class='ocrx_word' id='word_1_214' title='bbox 947 2324 1098 2401; x_wconf 87' lang='lat' dir='ltr'>septimo.</span> <span class='ocrx_word' id='word_1_215' title='bbox 1737 2336 1741 2343; x_wconf 60' lang='lat'>⁴</span> 
     </span>
    </p>
   </div>
   <div class='ocr_carea' id='block_1_3' title="bbox 773 2604 1063 2621">
    <p class='ocr_par' dir='ltr' id='par_1_4' title="bbox 773 2604 1063 2621">
     <span class='ocr_line' id='line_1_22' title="bbox 773 2604 1063 2621; baseline 0.007 -2"><span class='ocrx_word' id='word_1_216' title='bbox 773 2604 1063 2621; x_wconf 54' lang='lat' dir='ltr'><em>m</em></span> 
     </span>
    </p>
   </div>
   <div class='ocr_carea' id='block_1_4' title="bbox 578 2939 1257 3101">
    <p class='ocr_par' dir='ltr' id='par_1_5' title="bbox 578 2939 1257 3101">
     <span class='ocr_line' id='line_1_23' title="bbox 578 2939 1257 3101; baseline -0.003 -35"><span class='ocrx_word' id='word_1_217' title='bbox 578 2942 831 3101; x_wconf 76' lang='lat' dir='ltr'>cison</span> <span class='ocrx_word' id='word_1_218' title='bbox 884 2939 1257 3068; x_wconf 80' lang='lat' dir='ltr'>ocvuvus</span> 
     </span>
    </p>
   </div>
   <div class='ocr_carea' id='block_1_5' title="bbox 849 3273 987 3291">
    <p class='ocr_par' dir='ltr' id='par_1_6' title="bbox 849 3273 987 3291">
     <span class='ocr_line' id='line_1_24' title="bbox 849 3273 987 3291; baseline -0.014 0"><span class='ocrx_word' id='word_1_219' title='bbox 849 3273 987 3291; x_wconf 38' lang='grc' dir='ltr'>ἠ</span> 
     </span>
    </p>
   </div>
   <div class='ocr_carea' id='block_1_6' title="bbox 116 3518 1738 3987">
    <p class='ocr_par' dir='ltr' id='par_1_7' title="bbox 481 3518 1737 3633">
     <span class='ocr_line' id='line_1_25' title="bbox 481 3518 1737 3633; baseline -0.003 -46"><span class='ocrx_word' id='word_1_220' title='bbox 481 3534 502 3622; x_wconf 80' lang='lat'><em>1</em></span> <span class='ocrx_word' id='word_1_221' title='bbox 943 3521 1049 3585; x_wconf 88' lang='lat' dir='ltr'>electo</span> <span class='ocrx_word' id='word_1_222' title='bbox 1070 3520 1209 3632; x_wconf 79' lang='lat' dir='ltr'>pallium</span> <span class='ocrx_word' id='word_1_223' title='bbox 1235 3520 1460 3633; x_wconf 74' lang='lat' dir='ltr'>assignatum,</span> <span class='ocrx_word' id='word_1_224' title='bbox 1483 3518 1651 3583; x_wconf 90' lang='lat' dir='ltr'>devotioni</span> <span class='ocrx_word' id='word_1_225' title='bbox 1671 3521 1737 3583; x_wconf 75' lang='lat' dir='ltr'>tue</span> 
     </span>
    </p>

    <p class='ocr_par' dir='ltr' id='par_1_8' title="bbox 116 3617 1738 3890">
     <span class='ocr_line' id='line_1_26' title="bbox 116 3617 1738 3795; baseline -0.004 -16"><span class='ocrx_word' id='word_1_226' title='bbox 116 3686 164 3747; x_wconf 71' lang='lat' dir='ltr'>a</span> <span class='ocrx_word' id='word_1_227' title='bbox 191 3684 403 3765; x_wconf 62' lang='lat' dir='ltr'>eostam</span> <span class='ocrx_word' id='word_1_228' title='bbox 422 3684 635 3754; x_wconf 54' lang='lat' dir='ltr'>aestum,</span> <span class='ocrx_word' id='word_1_229' title='bbox 655 3686 868 3759; x_wconf 66' lang='lat' dir='ltr'>casune</span> <span class='ocrx_word' id='word_1_230' title='bbox 942 3617 1738 3795; x_wconf 54' lang='lat' dir='ltr'>sulcatiftoldlslorlolli</span> 
     </span>
     <span class='ocr_line' id='line_1_27' title="bbox 350 3781 1738 3890; baseline -0.006 -13"><span class='ocrx_word' id='word_1_231' title='bbox 350 3785 391 3845; x_wconf 64' lang='lat' dir='ltr'>A·</span> <span class='ocrx_word' id='word_1_232' title='bbox 411 3785 446 3844; x_wconf 71' lang='lat'>⁸·</span> <span class='ocrx_word' id='word_1_233' title='bbox 466 3781 629 3858; x_wconf 48' lang='lat' dir='ltr'>‘effatum‘</span> <span class='ocrx_word' id='word_1_234' title='bbox 942 3813 1068 3890; x_wconf 85' lang='lat' dir='ltr'>absque</span> <span class='ocrx_word' id='word_1_235' title='bbox 1083 3828 1185 3875; x_wconf 87' lang='lat' dir='ltr'>morae</span> <span class='ocrx_word' id='word_1_236' title='bbox 1200 3812 1374 3889; x_wconf 63' lang='lat' dir='ltr'>dispondio</span> <span class='ocrx_word' id='word_1_237' title='bbox 1387 3811 1595 3889; x_wconf 80' lang='lat' dir='ltr'>exsequaris.</span> <span class='ocrx_word' id='word_1_238' title='bbox 1617 3810 1738 3871; x_wconf 88' lang='lat' dir='ltr'>Datum</span> 
     </span>
    </p>

    <p class='ocr_par' dir='ltr' id='par_1_9' title="bbox 384 3905 1736 3987">
     <span class='ocr_line' id='line_1_28' title="bbox 384 3905 1736 3987; baseline -0.004 -16"><span class='ocrx_word' id='word_1_239' title='bbox 384 3912 419 3971; x_wconf 70' lang='lat'>²7</span> <span class='ocrx_word' id='word_1_240' title='bbox 435 3911 499 3986; x_wconf 86' lang='lat' dir='ltr'>julii</span> <span class='ocrx_word' id='word_1_241' title='bbox 515 3911 595 3970; x_wconf 73' lang='lat'><strong>1223.</strong></span> <span class='ocrx_word' id='word_1_242' title='bbox 943 3909 1079 3987; x_wconf 75' lang='lat' dir='ltr'>Signia,</span> <span class='ocrx_word' id='word_1_243' title='bbox 1109 3912 1151 3972; x_wconf 91' lang='lat' dir='ltr'>Vi</span> <span class='ocrx_word' id='word_1_244' title='bbox 1166 3909 1327 3971; x_wconf 85' lang='lat' dir='ltr'>kalendas</span> <span class='ocrx_word' id='word_1_245' title='bbox 1354 3908 1499 3986; x_wconf 77' lang='lat' dir='ltr'>augusti,</span> <span class='ocrx_word' id='word_1_246' title='bbox 1524 3905 1736 3987; x_wconf 80' lang='lat' dir='ltr'>pontificatus</span> 
     </span>
    </p>
   </div>
   <div class='ocr_carea' id='block_1_7' title="bbox 277 4006 1297 4101">
    <p class='ocr_par' dir='ltr' id='par_1_10' title="bbox 277 4006 1297 4101">
     <span class='ocr_line' id='line_1_29' title="bbox 277 4006 1297 4101; baseline -0.013 -21"><span class='ocrx_word' id='word_1_247' title='bbox 277 4032 703 4101; x_wconf 70' lang='lat' dir='ltr'>[repr.coe.up10m.‚1‚rss.]</span> <span class='ocrx_word' id='word_1_248' title='bbox 943 4006 1297 4069; x_wconf 83' lang='lat' dir='ltr'>nostriannooctavo.</span> 
     </span>
    </p>
   </div>
   <div class='ocr_carea' id='block_1_8' title="bbox 99 4147 888 4314">
    <p class='ocr_par' dir='ltr' id='par_1_11' title="bbox 99 4147 888 4314">
     <span class='ocr_line' id='line_1_30' title="bbox 99 4147 888 4225; baseline -0.005 -16"><span class='ocrx_word' id='word_1_249' title='bbox 99 4147 260 4209; x_wconf 79' lang='lat' dir='ltr'>ioeonrium</span> <span class='ocrx_word' id='word_1_250' title='bbox 273 4151 403 4225; x_wconf 79' lang='lat' dir='ltr'>legatum</span> <span class='ocrx_word' id='word_1_251' title='bbox 418 4164 502 4209; x_wconf 88' lang='lat' dir='ltr'>suum</span> <span class='ocrx_word' id='word_1_252' title='bbox 515 4150 650 4208; x_wconf 84' lang='lat' dir='ltr'>Gunzello</span> <span class='ocrx_word' id='word_1_253' title='bbox 666 4147 836 4221; x_wconf 84' lang='lat' dir='ltr'>spalatensi,</span> <span class='ocrx_word' id='word_1_254' title='bbox 858 4147 888 4205; x_wconf 88' lang='lat' dir='ltr'>in</span> 
     </span>
     <span class='ocr_line' id='line_1_31' title="bbox 177 4236 845 4314; baseline -0.006 -17"><span class='ocrx_word' id='word_1_255' title='bbox 177 4240 299 4314; x_wconf 76' lang='lat' dir='ltr'>gratiam</span> <span class='ocrx_word' id='word_1_256' title='bbox 314 4246 441 4312; x_wconf 84' lang='lat' dir='ltr'>recepto,</span> <span class='ocrx_word' id='word_1_257' title='bbox 456 4237 574 4310; x_wconf 88' lang='lat' dir='ltr'>pelllum</span> <span class='ocrx_word' id='word_1_258' title='bbox 588 4236 701 4296; x_wconf 84' lang='lat' dir='ltr'>tradere</span> <span class='ocrx_word' id='word_1_259' title='bbox 715 4236 804 4310; x_wconf 72' lang='lat' dir='ltr'>iubet.</span> <span class='ocrx_word' id='word_1_260' title='bbox 841 4252 845 4263; x_wconf 90' lang='lat'><em>·</em></span> 
     </span>
    </p>
   </div>
   <div class='ocr_carea' id='block_1_9' title="bbox 99 4297 1654 4538">
    <p class='ocr_par' dir='ltr' id='par_1_12' title="bbox 99 4297 1654 4538">
     <span class='ocr_line' id='line_1_32' title="bbox 135 4297 1361 4442; baseline -0.005 -17"><span class='ocrx_word' id='word_1_261' title='bbox 135 4366 301 4428; x_wconf 83' lang='lat' dir='ltr'>Honorius</span> <span class='ocrx_word' id='word_1_262' title='bbox 310 4364 498 4442; x_wconf 89' lang='lat' dir='ltr'>episcopus,</span> <span class='ocrx_word' id='word_1_263' title='bbox 509 4378 626 4425; x_wconf 90' lang='lat' dir='ltr'>servus</span> <span class='ocrx_word' id='word_1_264' title='bbox 637 4362 886 4436; x_wconf 81' lang='lat' dir='ltr'>servorumbei,</span> <span class='ocrx_word' id='word_1_265' title='bbox 1319 4297 1361 4385; x_wconf 79' lang='lat' dir='ltr'><strong>H</strong></span> 
     </span>
     <span class='ocr_line' id='line_1_33' title="bbox 99 4448 1654 4538; baseline -0.01 -17"><span class='ocrx_word' id='word_1_266' title='bbox 99 4459 562 4538; x_wconf 70' lang='lat' dir='ltr'>dilectolllioetmagistroA„</span> <span class='ocrx_word' id='word_1_267' title='bbox 574 4460 748 4538; x_wconf 87' lang='lat' dir='ltr'>capellano</span> <span class='ocrx_word' id='word_1_268' title='bbox 759 4462 887 4533; x_wconf 87' lang='lat' dir='ltr'>nostro,</span> <span class='ocrx_word' id='word_1_269' title='bbox 1024 4451 1075 4513; x_wconf 80' lang='lat' dir='ltr'>Ad</span> <span class='ocrx_word' id='word_1_270' title='bbox 1093 4451 1388 4525; x_wconf 76' lang='lat' dir='ltr'>arcncepnoopum</span> <span class='ocrx_word' id='word_1_271' title='bbox 1404 4448 1654 4522; x_wconf 74' lang='lat' dir='ltr'>spalatensem.</span> 
     </span>
    </p>
   </div>
   <div class='ocr_carea' id='block_1_10' title="bbox 98 4557 1438 4652">
    <p class='ocr_par' dir='ltr' id='par_1_13' title="bbox 98 4557 1438 4652">
     <span class='ocr_line' id='line_1_34' title="bbox 98 4557 1438 4652; baseline 0.004 -32"><span class='ocrx_word' id='word_1_272' title='bbox 98 4560 287 4637; x_wconf 75' lang='lat' dir='ltr'>nposnncae</span> <span class='ocrx_word' id='word_1_273' title='bbox 304 4559 399 4621; x_wconf 85' lang='lat' dir='ltr'>Sedis</span> <span class='ocrx_word' id='word_1_274' title='bbox 413 4559 534 4635; x_wconf 78' lang='lat' dir='ltr'>legato,</span> <span class='ocrx_word' id='word_1_275' title='bbox 550 4558 692 4621; x_wconf 86' lang='lat' dir='ltr'>salutem</span> <span class='ocrx_word' id='word_1_276' title='bbox 703 4558 736 4619; x_wconf 90' lang='lat' dir='ltr'>et</span> <span class='ocrx_word' id='word_1_277' title='bbox 747 4557 889 4634; x_wconf 80' lang='lat' dir='ltr'>Aposto-</span> <span class='ocrx_word' id='word_1_278' title='bbox 1240 4580 1275 4637; x_wconf 76' lang='lat'>27</span> <span class='ocrx_word' id='word_1_279' title='bbox 1283 4579 1345 4652; x_wconf 85' lang='lat' dir='ltr'>julii</span> <span class='ocrx_word' id='word_1_280' title='bbox 1359 4578 1438 4639; x_wconf 75' lang='lat'>1223,</span> 
     </span>
    </p>
   </div>
   <div class='ocr_carea' id='block_1_11' title="bbox 99 4654 1572 4832">
    <p class='ocr_par' dir='ltr' id='par_1_14' title="bbox 99 4654 1572 4832">
     <span class='ocr_line' id='line_1_35' title="bbox 99 4654 1572 4832; baseline 0.011 -19"><span class='ocrx_word' id='word_1_281' title='bbox 99 4654 198 4816; x_wconf 52' lang='grc' dir='ltr'><strong>1161ῗὲ</strong></span> <span class='ocrx_word' id='word_1_282' title='bbox 205 4656 515 4832; x_wconf 50' lang='grc' dir='ltr'>ῗῗθὲρῇΐῐῖἰὲζω</span> <span class='ocrx_word' id='word_1_283' title='bbox 541 4751 694 4825; x_wconf 89' lang='lat' dir='ltr'>electum,</span> <span class='ocrx_word' id='word_1_284' title='bbox 724 4750 804 4813; x_wconf 92' lang='lat' dir='ltr'>olim</span> <span class='ocrx_word' id='word_1_285' title='bbox 823 4749 884 4813; x_wconf 88' lang='lat' dir='ltr'>tibi</span> <span class='ocrx_word' id='word_1_286' title='bbox 1103 4702 1195 4768; x_wconf 45' lang='lat' dir='ltr'>[mm</span> <span class='ocrx_word' id='word_1_287' title='bbox 1215 4701 1279 4755; x_wconf 52' lang='grc' dir='ltr'>Μ’</span> <span class='ocrx_word' id='word_1_288' title='bbox 1296 4701 1413 4767; x_wconf 53' lang='lat' dir='ltr'>‘mm’</span> <span class='ocrx_word' id='word_1_289' title='bbox 1426 4701 1447 4760; x_wconf 85' lang='lat'>1,</span> <span class='ocrx_word' id='word_1_290' title='bbox 1464 4716 1491 4766; x_wconf 53' lang='grc' dir='ltr'>μ</span> <span class='ocrx_word' id='word_1_291' title='bbox 1503 4702 1572 4767; x_wconf 59' lang='lat' dir='ltr'>m]</span> 
     </span>
    </p>
   </div>
   <div class='ocr_carea' id='block_1_12' title="bbox 97 4823 1746 5705">
    <p class='ocr_par' dir='ltr' id='par_1_15' title="bbox 97 4823 1735 5027">
     <span class='ocr_line' id='line_1_36' title="bbox 99 4823 1735 4929; baseline -0.004 -40"><span class='ocrx_word' id='word_1_292' title='bbox 99 4850 215 4929; x_wconf 57' lang='lat' dir='ltr'>scripta</span> <span class='ocrx_word' id='word_1_293' title='bbox 230 4854 345 4914; x_wconf 63' lang='lat' dir='ltr'>nostra</span> <span class='ocrx_word' id='word_1_294' title='bbox 356 4849 552 4922; x_wconf 57' lang='lat' dir='ltr'>direximus,</span> <span class='ocrx_word' id='word_1_295' title='bbox 567 4849 604 4911; x_wconf 66' lang='lat' dir='ltr'>ut</span> <span class='ocrx_word' id='word_1_296' title='bbox 615 4849 658 4922; x_wconf 57' lang='lat'>01,</span> <span class='ocrx_word' id='word_1_297' title='bbox 674 4864 771 4927; x_wconf 64' lang='lat' dir='ltr'>quem</span> <span class='ocrx_word' id='word_1_298' title='bbox 785 4848 886 4910; x_wconf 59' lang='lat' dir='ltr'>resp.</span> <span class='ocrx_word' id='word_1_299' title='bbox 939 4827 1106 4886; x_wconf 86' lang='lat' dir='ltr'>Guuzellnm</span> <span class='ocrx_word' id='word_1_300' title='bbox 1123 4827 1158 4886; x_wconf 84' lang='lat' dir='ltr'>A.</span> <span class='ocrx_word' id='word_1_301' title='bbox 1175 4825 1341 4929; x_wconf 80' lang='lat' dir='ltr'>episcopum</span> <span class='ocrx_word' id='word_1_302' title='bbox 1363 4826 1571 4899; x_wconf 80' lang='lat' dir='ltr'>spalatensem,</span> <span class='ocrx_word' id='word_1_303' title='bbox 1587 4838 1625 4883; x_wconf 89' lang='lat' dir='ltr'>ue</span> <span class='ocrx_word' id='word_1_304' title='bbox 1640 4823 1735 4883; x_wconf 82' lang='lat' dir='ltr'>abbati</span> 
     </span>
     <span class='ocr_line' id='line_1_37' title="bbox 97 4914 1644 5027; baseline -0.003 -19"><span class='ocrx_word' id='word_1_305' title='bbox 97 4947 163 5009; x_wconf 83' lang='lat' dir='ltr'>tuta</span> <span class='ocrx_word' id='word_1_306' title='bbox 174 4949 236 5011; x_wconf 91' lang='lat' dir='ltr'>sibi</span> <span class='ocrx_word' id='word_1_307' title='bbox 247 4948 357 5027; x_wconf 81' lang='lat' dir='ltr'>gratia</span> <span class='ocrx_word' id='word_1_308' title='bbox 371 4949 496 5019; x_wconf 85' lang='lat' dir='ltr'>nostra,</span> <span class='ocrx_word' id='word_1_309' title='bbox 513 4946 704 5007; x_wconf 85' lang='lat' dir='ltr'>remisimus</span> <span class='ocrx_word' id='word_1_310' title='bbox 717 4946 759 5007; x_wconf 88' lang='lat' dir='ltr'>ad</span> <span class='ocrx_word' id='word_1_311' title='bbox 777 4945 886 5007; x_wconf 90' lang='lat' dir='ltr'>eccle-</span> <span class='ocrx_word' id='word_1_312' title='bbox 1029 4915 1175 4990; x_wconf 62' lang='lat' dir='ltr'>s‘ephffim</span> <span class='ocrx_word' id='word_1_313' title='bbox 1189 4916 1337 4974; x_wconf 69' lang='lat'>¹¹¹⁰¹⁸⁸¹¹³⁸</span> <span class='ocrx_word' id='word_1_314' title='bbox 1352 4914 1485 4985; x_wconf 71' lang='lat' dir='ltr'>s³⁰⁰⁸⁸³¹⁹</span> <span class='ocrx_word' id='word_1_315' title='bbox 1501 4914 1644 4973; x_wconf 56' lang='lat' dir='ltr'><strong>admffi·</strong></span> 
     </span>
    </p>

    <p class='ocr_par' dir='ltr' id='par_1_16' title="bbox 98 5041 1233 5124">
     <span class='ocr_line' id='line_1_38' title="bbox 98 5041 1233 5124; baseline -0.003 -20"><span class='ocrx_word' id='word_1_316' title='bbox 98 5043 177 5105; x_wconf 89' lang='lat' dir='ltr'>siam</span> <span class='ocrx_word' id='word_1_317' title='bbox 192 5046 431 5124; x_wconf 82' lang='lat' dir='ltr'>spalatensem,</span> <span class='ocrx_word' id='word_1_318' title='bbox 447 5042 586 5120; x_wconf 90' lang='lat' dir='ltr'>pallium</span> <span class='ocrx_word' id='word_1_319' title='bbox 600 5057 661 5119; x_wconf 86' lang='lat' dir='ltr'>per</span> <span class='ocrx_word' id='word_1_320' title='bbox 674 5043 713 5102; x_wconf 87' lang='lat' dir='ltr'>V.</span> <span class='ocrx_word' id='word_1_321' title='bbox 728 5041 850 5102; x_wconf 92' lang='lat' dir='ltr'>dudum</span> <span class='ocrx_word' id='word_1_322' title='bbox 863 5056 883 5103; x_wconf 87' lang='lat' dir='ltr'>a</span> <span class='ocrx_word' id='word_1_323' title='bbox 978 5041 1159 5113; x_wconf 85' lang='lat' dir='ltr'>Honorius,</span> <span class='ocrx_word' id='word_1_324' title='bbox 1171 5041 1233 5104; x_wconf 88' lang='lat' dir='ltr'>etc.</span> 
     </span>
    </p>

    <p class='ocr_par' dir='ltr' id='par_1_17' title="bbox 97 5135 1746 5705">
     <span class='ocr_line' id='line_1_39' title="bbox 98 5135 1734 5219; baseline -0.003 -18"><span class='ocrx_word' id='word_1_325' title='bbox 98 5141 187 5203; x_wconf 90' lang='lat' dir='ltr'>uobis</span> <span class='ocrx_word' id='word_1_326' title='bbox 198 5142 444 5212; x_wconf 87' lang='lat' dir='ltr'>transmissum,</span> <span class='ocrx_word' id='word_1_327' title='bbox 455 5142 553 5219; x_wconf 79' lang='lat' dir='ltr'>juxta</span> <span class='ocrx_word' id='word_1_328' title='bbox 565 5140 705 5202; x_wconf 81' lang='lat' dir='ltr'>formam</span> <span class='ocrx_word' id='word_1_329' title='bbox 720 5139 881 5210; x_wconf 85' lang='lat' dir='ltr'>traderes,</span> <span class='ocrx_word' id='word_1_330' title='bbox 978 5141 1072 5203; x_wconf 86' lang='lat' dir='ltr'>Sicut</span> <span class='ocrx_word' id='word_1_331' title='bbox 1093 5155 1153 5216; x_wconf 90' lang='lat' dir='ltr'>per</span> <span class='ocrx_word' id='word_1_332' title='bbox 1166 5138 1264 5212; x_wconf 87' lang='lat' dir='ltr'>alias,</span> <span class='ocrx_word' id='word_1_333' title='bbox 1279 5138 1325 5201; x_wconf 90' lang='lat' dir='ltr'>ita</span> <span class='ocrx_word' id='word_1_334' title='bbox 1342 5154 1402 5215; x_wconf 87' lang='lat' dir='ltr'>per</span> <span class='ocrx_word' id='word_1_335' title='bbox 1414 5135 1734 5216; x_wconf 82' lang='lat' dir='ltr'>praesenteslitteras</span> 
     </span>
     <span class='ocr_line' id='line_1_40' title="bbox 98 5232 1746 5314; baseline -0.002 -16"><span class='ocrx_word' id='word_1_336' title='bbox 98 5237 155 5300; x_wconf 86' lang='lat' dir='ltr'>sub</span> <span class='ocrx_word' id='word_1_337' title='bbox 179 5239 269 5302; x_wconf 90' lang='lat' dir='ltr'>bulla</span> <span class='ocrx_word' id='word_1_338' title='bbox 301 5241 416 5301; x_wconf 85' lang='lat' dir='ltr'>nostra</span> <span class='ocrx_word' id='word_1_339' title='bbox 449 5238 621 5308; x_wconf 87' lang='lat' dir='ltr'>directam,</span> <span class='ocrx_word' id='word_1_340' title='bbox 655 5238 883 5314; x_wconf 85' lang='lat' dir='ltr'>juramentum</span> <span class='ocrx_word' id='word_1_341' title='bbox 937 5238 1004 5300; x_wconf 86' lang='lat' dir='ltr'>tuae</span> <span class='ocrx_word' id='word_1_342' title='bbox 1015 5236 1218 5299; x_wconf 85' lang='lat' dir='ltr'>fraternitati</span> <span class='ocrx_word' id='word_1_343' title='bbox 1230 5236 1437 5307; x_wconf 86' lang='lat' dir='ltr'>mandamus,</span> <span class='ocrx_word' id='word_1_344' title='bbox 1454 5235 1616 5312; x_wconf 86' lang='lat' dir='ltr'>quatenus</span> <span class='ocrx_word' id='word_1_345' title='bbox 1630 5232 1746 5295; x_wconf 70' lang='lat' dir='ltr'>abba-¹</span> 
     </span>
     <span class='ocr_line' id='line_1_41' title="bbox 98 5327 1735 5413; baseline -0.003 -18"><span class='ocrx_word' id='word_1_346' title='bbox 98 5334 258 5403; x_wconf 82' lang='lat' dir='ltr'>fidelitatis</span> <span class='ocrx_word' id='word_1_347' title='bbox 269 5336 311 5399; x_wconf 88' lang='lat' dir='ltr'>ab</span> <span class='ocrx_word' id='word_1_348' title='bbox 325 5337 397 5413; x_wconf 89' lang='lat' dir='ltr'>ipso</span> <span class='ocrx_word' id='word_1_349' title='bbox 410 5334 592 5397; x_wconf 90' lang='lat' dir='ltr'>secundum</span> <span class='ocrx_word' id='word_1_350' title='bbox 604 5333 764 5405; x_wconf 83' lang='lat' dir='ltr'>sormam,</span> <span class='ocrx_word' id='word_1_351' title='bbox 784 5348 882 5410; x_wconf 87' lang='lat' dir='ltr'>quam</span> <span class='ocrx_word' id='word_1_352' title='bbox 936 5334 1003 5395; x_wconf 91' lang='lat' dir='ltr'>tem</span> <span class='ocrx_word' id='word_1_353' title='bbox 1018 5331 1212 5394; x_wconf 89' lang='lat' dir='ltr'>monasterii</span> <span class='ocrx_word' id='word_1_354' title='bbox 1238 5334 1270 5394; x_wconf 88' lang='lat' dir='ltr'>S.</span> <span class='ocrx_word' id='word_1_355' title='bbox 1290 5331 1504 5409; x_wconf 83' lang='lat' dir='ltr'>stephanide</span> <span class='ocrx_word' id='word_1_356' title='bbox 1528 5327 1674 5404; x_wconf 82' lang='lat' dir='ltr'>spalato,</span> <span class='ocrx_word' id='word_1_357' title='bbox 1691 5345 1735 5390; x_wconf 82' lang='lat' dir='ltr'>ex</span> 
     </span>
     <span class='ocr_line' id='line_1_42' title="bbox 97 5427 1734 5508; baseline -0.004 -15"><span class='ocrx_word' id='word_1_358' title='bbox 97 5433 155 5495; x_wconf 91' lang='lat' dir='ltr'>sub</span> <span class='ocrx_word' id='word_1_359' title='bbox 167 5433 256 5496; x_wconf 87' lang='lat' dir='ltr'>bulla</span> <span class='ocrx_word' id='word_1_360' title='bbox 270 5435 384 5496; x_wconf 84' lang='lat' dir='ltr'>nostra</span> <span class='ocrx_word' id='word_1_361' title='bbox 399 5432 650 5501; x_wconf 82' lang='lat' dir='ltr'>destinavimus,</span> <span class='ocrx_word' id='word_1_362' title='bbox 675 5431 880 5507; x_wconf 89' lang='lat' dir='ltr'>recepturus.</span> <span class='ocrx_word' id='word_1_363' title='bbox 936 5446 987 5503; x_wconf 88' lang='lat' dir='ltr'>ec,</span> <span class='ocrx_word' id='word_1_364' title='bbox 1000 5429 1085 5508; x_wconf 88' lang='lat' dir='ltr'>quod</span> <span class='ocrx_word' id='word_1_365' title='bbox 1101 5430 1134 5491; x_wconf 87' lang='lat' dir='ltr'>te</span> <span class='ocrx_word' id='word_1_366' title='bbox 1148 5428 1235 5506; x_wconf 88' lang='lat' dir='ltr'>apud</span> <span class='ocrx_word' id='word_1_367' title='bbox 1252 5429 1368 5491; x_wconf 87' lang='lat' dir='ltr'>Sedem</span> <span class='ocrx_word' id='word_1_368' title='bbox 1378 5427 1601 5504; x_wconf 82' lang='lat' dir='ltr'>Apostolicam</span> <span class='ocrx_word' id='word_1_369' title='bbox 1613 5427 1734 5488; x_wconf 89' lang='lat' dir='ltr'>consti·</span> 
     </span>
     <span class='ocr_line' id='line_1_43' title="bbox 98 5523 1731 5605; baseline -0.002 -15"><span class='ocrx_word' id='word_1_370' title='bbox 98 5532 197 5602; x_wconf 88' lang='lat' dir='ltr'>Quum</span> <span class='ocrx_word' id='word_1_371' title='bbox 208 5534 318 5594; x_wconf 90' lang='lat' dir='ltr'>autem</span> <span class='ocrx_word' id='word_1_372' title='bbox 331 5531 504 5601; x_wconf 86' lang='lat' dir='ltr'>hactenus,</span> <span class='ocrx_word' id='word_1_373' title='bbox 516 5530 603 5593; x_wconf 83' lang='lat' dir='ltr'>sicut</span> <span class='ocrx_word' id='word_1_374' title='bbox 617 5528 751 5599; x_wconf 87' lang='lat' dir='ltr'>dicitur,</span> <span class='ocrx_word' id='word_1_375' title='bbox 763 5528 798 5589; x_wconf 91' lang='lat' dir='ltr'>in</span> <span class='ocrx_word' id='word_1_376' title='bbox 810 5542 883 5604; x_wconf 88' lang='lat' dir='ltr'>par·</span> <span class='ocrx_word' id='word_1_377' title='bbox 935 5529 1018 5600; x_wconf 87' lang='lat' dir='ltr'>tuto,</span> <span class='ocrx_word' id='word_1_378' title='bbox 1049 5542 1108 5605; x_wconf 90' lang='lat' dir='ltr'>per</span> <span class='ocrx_word' id='word_1_379' title='bbox 1127 5525 1309 5603; x_wconf 87' lang='lat' dir='ltr'>capitulum</span> <span class='ocrx_word' id='word_1_380' title='bbox 1331 5528 1423 5588; x_wconf 91' lang='lat' dir='ltr'>tuum</span> <span class='ocrx_word' id='word_1_381' title='bbox 1447 5523 1731 5587; x_wconf 83' lang='lat' dir='ltr'>confirmationem</span> 
     </span>
     <span class='ocr_line' id='line_1_44' title="bbox 98 5622 1730 5705; baseline -0.002 -17"><span class='ocrx_word' id='word_1_382' title='bbox 98 5626 178 5690; x_wconf 87' lang='lat' dir='ltr'>libus</span> <span class='ocrx_word' id='word_1_383' title='bbox 205 5629 324 5705; x_wconf 78' lang='lat' dir='ltr'>agente</span> <span class='ocrx_word' id='word_1_384' title='bbox 348 5628 498 5699; x_wconf 86' lang='lat' dir='ltr'>remotis,</span> <span class='ocrx_word' id='word_1_385' title='bbox 528 5625 674 5690; x_wconf 88' lang='lat' dir='ltr'>nondum</span> <span class='ocrx_word' id='word_1_386' title='bbox 701 5624 808 5687; x_wconf 91' lang='lat' dir='ltr'>eidem</span> <span class='ocrx_word' id='word_1_387' title='bbox 839 5624 882 5688; x_wconf 82' lang='lat' dir='ltr'>sii</span> <span class='ocrx_word' id='word_1_388' title='bbox 936 5626 1109 5689; x_wconf 86' lang='lat' dir='ltr'>electionis</span> <span class='ocrx_word' id='word_1_389' title='bbox 1123 5623 1276 5696; x_wconf 85' lang='lat' dir='ltr'>obtinuit,</span> <span class='ocrx_word' id='word_1_390' title='bbox 1287 5624 1325 5686; x_wconf 83' lang='lat' dir='ltr'>et</span> <span class='ocrx_word' id='word_1_391' title='bbox 1344 5639 1405 5700; x_wconf 87' lang='lat' dir='ltr'>per</span> <span class='ocrx_word' id='word_1_392' title='bbox 1425 5622 1658 5699; x_wconf 76' lang='lat' dir='ltr'>sumapaneos</span> <span class='ocrx_word' id='word_1_393' title='bbox 1679 5638 1730 5685; x_wconf 93' lang='lat' dir='ltr'>cc·</span> 
     </span>
    </p>
   </div>
   <div class='ocr_carea' id='block_1_13' title="bbox 0 0 1962 6200">
    <p class='ocr_par' dir='ltr' id='par_1_18' title="bbox 0 0 1962 6200">
     <span class='ocr_line' id='line_1_45' title="bbox 0 0 1962 6200; baseline 0 0"><span class='ocrx_word' id='word_1_394' title='bbox 0 0 1962 6200; x_wconf 95' lang='lat' dir='ltr'> </span> 
     </span>
    </p>
   </div>
  </div>
 </body>
</html>
