4014 6224
119 280 156 343 di
401 295 404 303 ’
734 282 963 353 ΕΡΙὸΊὈΙιιΕ.
986 284 1064 352 ule.
1087 288 1142 353 v1.
1532 306 1537 311 '
1732 297 1774 358 62

120 437 277 502 volumus
292 439 441 505 fideliter
451 442 627 519 impertiri,
642 442 720 522 quia
736 460 797 522 per
811 460 868 507 eos
883 444 924 507 de
979 444 1066 525 quod
1080 446 1263 511 statueritis
1286 463 1347 526 per
1365 463 1540 512 censuram
1562 448 1771 516 ecclesiasti·
1826 454 1831 461 ’

122 536 211 598 iaciii
239 538 378 615 quidem
403 539 619 617 contingeret,
651 541 738 619 quod
764 557 925 619 processu
979 560 1052 606 cam
1067 544 1654 624 1661166616666661,1666666166,
1671 548 1772 628 siqui

121 636 284 713 temporis
308 653 377 698 non
400 637 508 699 solum
538 654 557 701 a
585 641 744 709 Romanae
770 640 924 703 ecciesiae
978 640 1103 704 suerint
1125 643 1298 716 nominati,
1319 644 1349 705 si
1370 660 1406 706 se
1425 646 1544 721 gratie,
1562 647 1637 708 odio
1654 648 1707 710 vel
1727 647 1773 709 ti-

122 732 315 795 obedientia
335 738 370 797 et
391 736 595 811 magisterio,
619 738 676 798 sed
698 738 740 799 ab
755 737 924 800 haeredum
979 754 1071 800 more
1095 736 1320 803 subtraxerint
1333 757 1393 819 per
1411 758 1585 805 censuram
1609 744 1771 815 eamdem,

122 830 267 903 tuorum,
298 832 334 894 et
360 832 553 895 Latinorum
582 830 729 897 dominio
755 850 791 896 se
818 836 923 898 totum
979 835 1201 914 appellatione
1221 839 1383 913 cessante,
1403 841 1529 917 cogatis
1550 841 1684 904 veritati
1698 845 1770 904 tes-

122 950 263 1013 regnum
297 938 511 1001 subtraheret
543 942 920 1004 memoraium.1)atum
978 934 1152 996 timonium
1177 935 1362 1013 perhibere·
1393 938 1628 1010 0110111111ῡῦ
1657 954 1772 1003 01111161

124 1043 425 1125 [6666613666
454 1044 617 1107 kalendas
637 1048 807 1125 januam,
835 1065 923 1111 anno
978 1032 1021 1093 iis
1049 1033 1270 1111 exsequendis
1302 1035 1475 1111 potueritis
1503 1034 1675 1110 interesse,
1705 1037 1771 1100 duo

124 1142 230 1204 sexto.
977 1130 1187 1192 vestrumea
1209 1130 1426 1193 nibilominus
1448 1136 1683 1209 exsequantur.
1699 1136 1771 1196 De-

978 1228 1049 1290 tum
1064 1228 1231 1302 Laterani,
1245 1228 1427 1307 pontificat.
1441 1232 1548 1293 nostri
1561 1246 1648 1294 anno
1663 1233 1768 1294 sexto.

446 1384 607 1472 LXXIV

125 1535 177 1594 Ad
182 1534 417 1608 praepositum
426 1536 777 1612 coppcmoerqensem
788 1537 925 1598 Monos-
1304 1532 1444 1622 LXXV

164 1631 921 1745 6666666666,611661111311111»
944 1630 946 1633 ¹
1211 1686 1264 1746 ie
1281 1698 1401 1763 sepem
1423 1689 1538 1763 oppe-

162 1728 439 1790 aessousttcum
453 1730 622 1805 surpere
1224 1813 1515 1875 massmannus

373 1858 410 1916 30
423 1858 583 1917 decembris
596 1860 676 1918 1111.

209 1980 400 2046 mmmm,
414 1981 552 2045 Hambmg.
564 1983 624 2042 UBU,
638 1983 658 2043 Ι,
670 1980 725 2043 m
735 1996 763 2036 n·
774 1982 841 2048 m]
1067 1936 1221 2003 'ffiayneId.,
1231 1937 1298 1989 nun.
1309 1938 1380 1997 eccl,
1389 1938 1492 1990 adeun
1505 1938 1630 2005 111616,
1642 1938 1680 2007 1,]

125 2098 175 2155 Eis
194 2097 313 2155 mandat
331 2104 362 2156 ut
380 2098 556 2171 investigent
577 2113 645 2156 num
667 2101 787 2160 coucilia
806 2099 922 2174 provin·

159 2186 255 2255 cielie,
277 2187 351 2244 sicut
372 2187 504 2245 canonici
524 2187 613 2245 veiint
632 2187 876 2262 hamburgenses,
893 2191 923 2247 iu

156 2289 211 2332 666
226 2275 350 2333 ecclesie
365 2273 488 2333 debeant
501 2275 650 2334 celebrari.

978 2061 1051 2135 Regi
1061 2061 1146 2136 Cypri
1161 2063 1208 2135 qui
1222 2063 1441 2136 supplicaverat,
1451 2070 1482 2121 ut
1490 2064 1615 2137 prelatis
1625 2066 1730 2125 Grecis
1741 2066 1772 2125 iu

1011 2151 1143 2208 ecclesiis
1157 2151 1323 2210 Latinorum
1338 2159 1483 2225 tamquam
1500 2154 1680 2237 pontificibus
1690 2170 1771 2214 com·

1011 2239 1190 2298 morantibus
1204 2241 1425 2313 permitteretur,
1443 2249 1526 2316 prout
1539 2242 1607 2313 sint,
1622 2258 1772 2303 remanere

1014 2327 1043 2384 in
1063 2326 1145 2385 dictis
1158 2327 1339 2401 dioecesibus,
1354 2330 1509 2403 respondet
1527 2333 1669 2391 Honorius
1687 2333 1717 2390 16
1731 2332 1774 2392 616

161 2403 334 2464 Honorius
340 2402 526 2481 episcopus,
537 2418 654 2464 1611118
665 2418 838 2466 Servorum
850 2404 921 2475 Βθῑ»
1013 2430 1077 2488 quae
1092 2416 1247 2489 periculum
1258 2425 1399 2491 generent
1411 2420 1570 2478 animarum
1583 2429 1612 2478 et
1623 2421 1773 2480 ecclesius·

123 2498 258 2561 dilectis
287 2499 378 2573 iiliis,
406 2501 583 2579 praeposito
609 2500 921 2578 Cappemburgensi,
1013 2506 1077 2562 tice
1091 2505 1231 2580 derogent
1245 2505 1398 2578 honestati,
1415 2508 1491 2582 opud
1510 2509 1612 2567 sedem
1628 2510 1772 2583 Apostoli·

122 2597 401 2659 monasteriensis
429 2598 622 2671 dioeceseos,
653 2598 778 2660 decano
810 2597 924 2660 sancti
1010 2592 1526 2668 cemessenontebereecoertionem
1535 2612 1774 2670 personatuum

122 2694 223 2755 paupp
238 2694 271 2756 eq
286 2695 462 2758 scolastico
485 2696 599 2759 Sancti
615 2696 765 2773 Lquerfi
783 2697 923 2758 Monqg.
1012 2680 1132 2755 proinde
1146 2697 1178 2740 se
1195 2681 1364 2756 patriarchis
1378 2684 1475 2742 latinis
1491 2685 1643 2744 mendasse
1663 2692 1692 2743 ut
1710 2684 1775 2744 illos

119 2791 296 2866 teriensis,
313 2793 455 2855 salutem
475 2795 508 2856 et
527 2793 744 2872 apostolicam
763 2786 923 2856 benedic·
1014 2771 1128 2873 Gffl
1143 2769 1276 2874 ⁹²th
1290 2774 1395 2830 [Μή
1410 2774 1487 2832 “³¹¹st
1501 2775 1637 2847 imum
1651 2774 1681 2832 ³¹¹
1694 2774 1773 2833 Μ’

120 2890 261 2952 tionem·
1012 2859 1060 2917 nis
1073 2858 1245 2921 droeoesrbus
1259 2861 1422 2920 6611616666
1435 2863 1589 2936 patientur.

162 2990 216 3050 Ex
229 2988 326 3066 perte
341 2988 513 3067 praepositi
528 2990 561 3051 et
575 2988 714 3067 capituli
734 2988 924 3052 Bremeusis
1018 2987 1127 3058 Quum
1147 2985 1183 3047 in
1202 2987 1416 3063 prelatorum
1439 2988 1632 3050 Latinorum
1650 2988 1777 3052 dioece-

120 3083 188 3148 iuit
197 3086 404 3163 propositum
414 3101 527 3148 coram
537 3086 644 3159 nobis,
658 3085 830 3164 quodcum
843 3086 922 3149 olim
979 3081 1072 3144 sibus
1090 3084 1185 3160 regni
1197 3084 1247 3146 tui
1262 3084 1396 3162 quidam
1411 3085 1518 3146 Graeci
1533 3088 1646 3148 Romae
1660 3086 1775 3149 inobe-

119 3182 221 3244 bonae
244 3183 415 3245 memoriae
429 3186 468 3249 A.
488 3184 678 3245 Bremeusis
699 3184 926 3262 archiepisco·
980 3179 1107 3243 dientes
1123 3180 1286 3255 ecclesiae,
1303 3181 1403 3245 etiam
1419 3182 1455 3243 in
1473 3182 1775 3246 ecclesiisbatiuo-

120 3297 198 3359 pus,
219 3279 452 3356 suffraganeos
472 3296 550 3342 suos
577 3296 637 3358 per
655 3281 801 3355 Daciam,
826 3284 925 3344 Swe-
978 3293 1053 3339 rum
1067 3278 1226 3356 tanquam
1245 3277 1417 3356 pontifices
1443 3282 1697 3355 commorentur,
1713 3297 1774 3361 pro

119 3377 219 3449 11666,
230 3380 265 3439 61
278 3378 492 3454 Norwegiam
510 3378 718 3452 constitutos,
734 3379 775 3439 ad
788 3379 925 3456 provin·
979 3376 1099 3454 quihus
1124 3375 1221 3437 nohis
1245 3376 1417 3439 humiliter
1445 3378 1650 3455 supplicasti,
1677 3381 1714 3442 ut
1738 3380 1777 3443 iu

122 3473 212 3536 ciale
227 3472 406 3536 concilium
421 3473 508 3552 apud
520 3474 805 3553 Hamburgensem
822 3475 925 3537 eccle-
979 3473 1075 3535 dictis
1093 3473 1290 3536 dioecesibus
1309 3476 1407 3552 prout
1423 3476 1500 3537 sunt
1514 3490 1688 3538 remanere
1701 3493 1775 3554 per·

122 3572 223 3645 siam,
238 3587 283 3633 ex
304 3588 344 3634 eo
365 3572 539 3642 duntaxat,
555 3572 633 3650 quia
651 3572 782 3635 ratione
803 3572 925 3636 ricini·
956 3588 957 3595 ¹
978 3570 1184 3633 mitteremus
1206 3570 1356 3647 eosdem3
1372 3587 1435 3633 nos
1448 3572 1527 3634 licet
1541 3572 1602 3636 tibi
1616 3575 1649 3636 et
1668 3589 1773 3650 regno

121 3669 205 3731 16116
219 3668 263 3730 ad
278 3667 340 3731 hoc
354 3669 558 3731 commodior
577 3668 772 3742 hebebatur,
794 3670 927 3747 aliquo·
978 3668 1035 3730 tuo
1048 3667 1190 3740 deterre,
1206 3670 1367 3745 quantum
1382 3685 1456 3730 oum
1470 3669 1645 3732 honestate
1658 3672 1779 3733 nostra·

119 3766 212 3828 tiens
234 3765 444 3840 convocarit;
461 3780 502 3828 ea
520 3765 653 3829 16661666
679 3765 846 3829 destructa
865 3766 923 3827 iu·
978 3765 1160 3839 valeamus,
1177 3766 1210 3828 61
1229 3769 1361 3827 (1666666
1383 3765 1424 3826 ad
1440 3765 1662 3828 obedientiam
1677 3768 1773 3830 Sedis

121 3862 257 3934 cendio,
284 3861 414 3940 praeiati
442 3860 685 3940 archiepiscopi
714 3878 923 3927 successores
979 3861 1175 3940 apostolice
1196 3862 1400 3924 revertentes
1420 3862 1533 3925 lovere
1551 3879 1591 3925 66
1608 3863 1774 3927 honorare

120 3975 168 4022 ex
186 3964 268 4022 1666
290 3959 377 4020 idem
399 3960 577 4021 concilium
596 3961 684 4038 apud
698 3964 921 4035 bremensem,
978 3959 1131 4032 velimus,
1144 3973 1253 4020 mores
1263 3960 1297 4020 et
1310 3958 1394 4020 ritus
1405 3960 1596 4020 Graecorum
1610 3961 1770 4038 ipsorum,

121 4059 161 4120 61
173 4055 350 4128 debebant,
360 4057 535 4119 ecclesiam
546 4057 757 4120 celebrarint.
771 4059 834 4120 Sed
850 4058 925 4135 post
979 4056 1137 4133 quantum
1148 4070 1223 4116 cum
1238 4057 1306 4117 Deo
1316 4070 1501 4131 possumus,
1519 4056 1724 4132 sustinendo,
1735 4058 1772 4119 iu

121 4154 268 4217 66611666
296 4154 455 4231 temporis
478 4154 632 4217 canonici
655 4155 793 4218 alterius
817 4156 926 4217 ecole-
978 4153 1772 4230 11616666,666666166166666666661661166-

123 4250 923 4328 616,6666Η61666611666666166116116666611616
977 4264 1052 4312 rum
1078 4252 1112 4312 61
1137 4242 1373 4312 ecclesiasticae
1405 4250 1568 4327 derogant
1592 4251 1770 4325 honestati,

122 4344 380 4427 equivocdtione
410 4347 549 4427 decepti,
572 4350 653 4426 iura
680 4349 713 4411 et
740 4351 922 4412 consuetu·
979 4348 1065 4426 apud
1089 4363 1335 4410 6666666666
1360 4347 1457 4410 debet
1481 4350 1630 4426 acceptio
1650 4365 1770 4427 perso-

121 4446 235 4515 dines,
264 4461 338 4523 quae
366 4446 460 4522 prior
486 4444 748 4523 hamburgensis
781 4447 924 4509 ecclesia
978 4461 1109 4507 numm.

119 4542 325 4615 obtinuerat,
342 4558 411 4604 666
427 4541 660 4605 contendentes
676 4543 826 4606 ecclesiae
840 4560 925 4606 ven·
1019 4545 1127 4615 Quare
1141 4540 1222 4604 talis
1237 4541 1413 4604 decaetero
1428 4543 1594 4606 sustinere
1608 4545 1770 4620 nolentes,

119 4640 252 4711 dicare,
277 4638 377 4701 acad
398 4639 503 4700 instar
522 4639 614 4699 iilius
637 4640 673 4700 16
695 4655 756 4701 666
777 4638 924 4701 diceutes
979 4657 1079 4718 quum
1090 4640 1335 4701 monstruosum
1350 4641 1449 4712 esset,
1464 4640 1551 4703 siout
1563 4642 1600 4703 in
1615 4644 1773 4706 constitu·

119 4735 271 4800 ecclesia
284 4736 492 4813 provinciale
507 4736 627 4798 debere
642 4736 819 4797 concilium
835 4737 925 4798 cele-
979 4737 1125 4800 tionibus
1138 4735 1259 4798 dicitur
1270 4736 1410 4798 concilii
1430 4738 1609 4814 generalis,
1626 4756 1726 4801 unam
1739 4741 1774 4804 et

118 4834 229 4903 brari,
242 4848 432 4910 quanquam
447 4834 563 4894 eadem
576 4833 767 4895 Bremeusis
783 4833 924 4897 ecclesia
979 4835 1128 4897 eamdem
1143 4833 1312 4895 dioecesim
1331 4834 1481 4897 diversos
1495 4835 1619 4898 babere
1634 4838 1771 4915 pontifi·

119 4928 926 5008 6666661611666666116666666166661616666-
979 4948 1045 5003 ces,
1061 4932 1219 5008 tanquam
1242 4930 1374 4993 diverse
1393 4933 1503 5009 capita
1525 4949 1628 4994 uuum
1652 4950 1772 5011 corpus

119 5043 185 5105 por
201 5028 266 5089 hoc
280 5029 314 5089 et
328 5026 405 5087 eliis
427 5026 669 5103 metropolitico
686 5027 758 5103 juri
777 5027 924 5104 praeiaiae
979 5028 1127 5101 haberet,
1143 5027 1390 5089 venerabilibus
1405 5029 1563 5092 iratribus
1578 5030 1701 5093 uostris
1715 5046 1771 5108 pa-

118 5124 314 5187 Bremensis
341 5123 493 5185 ecclesiae
521 5122 684 5198 derogare
706 5125 922 5200 praesumunt.
978 5126 1134 5188 triarchas
1146 5126 1634 5204 Hierosolymitauo,otTyren.
1651 5128 1685 5189 61
1699 5129 1772 5189 (2ae-

120 5222 207 5296 Quia
220 5237 304 5284 nero
324 5220 424 5282 nobis
442 5235 510 5282 nou
524 5222 655 5283 constat
668 5220 709 5281 de
728 5222 922 5298 premissis,
979 5223 1122 5285 sariensi
1144 5222 1404 5301 archiepiscopis
1423 5225 1545 5286 nostris
1571 5224 1688 5285 damus
1709 5225 1777 5287 111-Ι

119 5319 317 5383 discretioni
350 5318 473 5381 vestrae
498 5332 559 5395 per
582 5316 772 5394 Apostolica
801 5319 924 5397 scripta
977 5321 1059 5383 teris
1073 5320 1108 5382 iu
1130 5320 1295 5385 mandatis
1311 5322 1347 5383 61
1366 5336 1423 5382 666
1445 5320 1568 5382 moseri
1587 5320 1627 5381 de
1648 5322 1770 5385 caetero

119 5419 332 5489 mandamus,
360 5416 525 5492 quatenus
544 5414 695 5491 partibus
720 5417 921 5488 convocatis,
978 5418 1070 5480 velut
1086 5417 1246 5494 praesules
1267 5417 1302 5478 in
1322 5418 1418 5479 dictis
1437 5416 1633 5478 dioecesibus
1655 5419 1769 5482 nulla-

120 5531 254 5579 caosam
269 5511 422 5577 audiatis
436 5515 471 5573 et
484 5511 571 5589 quod
589 5512 715 5590 lustum
729 5510 842 5584 fuerit,
858 5528 922 5590 ap·
977 5515 1074 5576 tenus
1086 5514 1267 5591 patiantur,
1280 5512 1518 5585 sacerdotibus,
1530 5516 1564 5576 61
1575 5512 1769 5579 diaconibus

121 5613 300 5690 pellatione
342 5609 528 5688 postposita
567 5607 732 5681 statuatis,
763 5607 923 5673 iacientes
978 5610 1102 5674 Graeois
1121 5609 1270 5689 praedicti
1290 5610 1385 5687 regni
1400 5608 1616 5672 nihilominus
1631 5610 1771 5681 firmiter
