4014 6224
786 270 792 293 ¹
872 280 1288 347 monumnenta

560 449 755 539 CXLVIII

333 624 339 639 ¹
409 605 463 667 Ad
482 602 683 679 episcopum
710 600 898 664 Tornacen.

529 728 676 786 2111111111
697 727 778 787 1221.

281 850 517 919 [Βομιι.,111ι111,
530 852 594 918 epis.
605 850 661 903 Μ
677 854 734 902 blas.
749 850 872 902 Latonia
885 850 921 900 dv
932 846 1027 913 inan]

254 976 294 1040 Ut
317 976 466 1050 capellano
491 977 569 1051 regis
593 976 857 1034 Thessalonicensis
879 974 1054 1032 hanelloiom

300 1066 481 1141 praebendale
497 1066 524 1124 in
541 1064 662 1124 ecclesio
677 1062 1002 1122 Toronccmiconiernl.

295 1203 476 1272 Honorius,
493 1203 570 1277 etc,
585 1200 770 1263 venerabili
784 1196 881 1262 tratri
894 1197 1051 1278 eptacopo

253 1302 442 1363 Tornaoen.

297 1395 612 1472 sedisapostolicae
636 1394 889 1472 circumspectio
915 1392 1051 1470 provide

255 1510 401 1574 pensans
427 1494 534 1555 status
558 1495 590 1554 et
616 1492 734 1553 merita
753 1505 980 1569 personarum,
1000 1489 1051 1549 iris

255 1590 474 1653 favorabilem
495 1606 531 1652 se
550 1590 724 1652 consuevit
742 1587 939 1667 propensius
954 1585 1051 1648 exiri-

252 1688 345 1762 b'ere‚
356 1704 438 1767 quos
452 1687 559 1764 gratia
575 1703 635 1748 sna
651 1687 812 1762 conspicit
827 1685 945 1761 dignos
962 1700 1049 1746 esse·

256 1790 364 1861 Quum
392 1785 497 1862 igitur
522 1783 716 1846 carissimos
742 1783 777 1843 in
802 1782 932 1843 Gbmslo
962 1781 1050 1841 tilius

255 1887 371 1947 noster
386 1881 582 1950 herminius,
589 1897 652 1945 rex
666 1879 936 1943 Thessalonicen.
948 1878 1049 1940 illus-

257 1981 330 2055 tris,
345 1980 508 2043 innostra
522 1980 722 2041 constitutus
735 1976 911 2054 prasentia
929 1975 1052 2052 suppli·

254 2080 344 2142 ccvii
371 2078 546 2148 instanter,
563 2076 599 2137 ut
622 2075 743 2136 diiecto
772 2074 841 2135 illio
870 2071 1050 2134 Eustochio

254 2174 429 2253 capellano
445 2189 505 2236 sno
523 2171 695 2250 providere
709 2171 745 2232 in
760 2169 875 2248 aliquo
889 2168 1050 2231 beneflcio

255 2273 382 2340 divino,
399 2272 432 2333 et
451 2286 511 2331 suo
527 2268 649 2331 intuitu
667 2267 898 2344 dimraremur3
915 2280 976 2327 nos
992 2265 1052 2327 de-

255 2369 401 2431 ferentes
416 2366 516 2443 regiae
538 2364 753 2440 nicolaitae
767 2364 950 2442 sperantes,
964 2361 1049 2440 quod

256 2466 343 2527 illem
356 2480 417 2526 rex
431 2462 557 2526 imitari
572 2462 690 2524 rlebsal
706 2460 955 2538 progenitorum
970 2475 1051 2520 suo-

254 2578 329 2625 rnm
345 2562 497 2638 vestigia,
521 2559 578 2637 qui
604 2574 735 2637 semper
759 2558 869 2620 devoti
893 2557 1050 2619 Ecclesiae

256 2662 417 2722 Romana
440 2658 586 2729 fuerant,
615 2659 687 2734 ejus
713 2654 868 2733 precibus
894 2653 1072 2735 duximus

255 2755 482 2821 annuendum.
508 2754 651 2832 ideoque
672 2752 875 2815 fraternitati
901 2754 967 2813 tuae
991 2765 1051 2829 per
1080 2756 1204 2847 Quum
1232 2769 1328 2831 pomp
1355 2771 1526 2833 mm
1553 2774 1594 2833 Η,
1620 2772 1767 2835 decanus
1789 2773 1891 2835 mser

1080 2881 1144 2943 ,ac
1170 2867 1382 2943 quamplura
1408 2883 1453 2929 ex
1483 2868 1588 2941 vobis,
1616 2869 1677 2930 titii
1705 2870 1887 2948 capitulam,

254 2854 446 2933 apostolica
465 2853 589 2930 scripta
608 2850 803 2913 mandamus
818 2854 916 2926 etque
930 2850 1052 2926 praeci·

255 2953 377 3031 pimus,
390 2950 553 3028 quatenus
566 2949 603 3011 in
617 2947 820 3026 praebendali
835 2945 1049 3017 beneficiost

256 3049 344 3129 quod
360 3051 456 3111 vacat
470 3049 505 3109 in
520 3030 867 3129 ecolesiaiornaceu.,
884 3044 933 3105 vei
950 3057 1049 3120 quam

253 3149 321 3210 cito
337 3161 373 3209 ae
393 3145 534 3207 facultas
555 3144 723 3215 obtulerit,
745 3142 919 3219 caprellaoo
933 3141 1049 3218 puori-

255 3244 337 3306 deas
352 3244 544 3313 memorato,
560 3256 659 3318 quom
680 3241 721 3301 ile
742 3239 811 3300 iilis
832 3240 875 3299 sit
900 3237 1051 3314 partibus

255 3339 427 3403 oriundus.
458 3338 613 3414 Alioquin
640 3336 849 3413 praebendum
886 3335 991 3412 prinm
1014 3334 1050 3394 iu

254 3438 328 3515 ipsa
349 3435 488 3498 ecclesia
513 3434 704 3495 vacaturam
727 3432 925 3510 Apostolicae
940 3431 1049 3492 dona-

255 3535 340 3596 tioni
350 3547 532 3604 servamus,
545 3531 760 3594 decernentes
769 3530 901 3591 irritum
913 3528 941 3589 si
953 3543 1050 3590 saorra

254 3628 295 3690 de
308 3628 382 3705 ipsa
395 3626 497 3689 tuerit
515 3627 723 3688 attentatum.
743 3627 861 3688 Dabam
876 3618 1050 3701 Anagnia,

254 3727 286 3788 ii
298 3725 374 3788 idus
388 3725 512 3798 martii,
527 3738 616 3786 anno
631 3723 737 3786 sexto.

273 4251 327 4315 Aa
337 4249 533 4325 epsicopum
553 4244 588 4307 et
600 4245 790 4321 capitulum
805 4243 1028 4307 Cmnlaunen.

527 4375 564 4435 21
580 4376 676 4447 martii
691 4375 771 4433 1222.

271 4502 394 4568 mssa,
407 4499 455 4552 ra.
469 4499 513 4561 vr,
530 4494 1035 4565 seminecessemineces]

164 4638 169 4643 ·
254 4628 307 4688 Eia
325 4624 443 4685 mandat
464 4630 549 4697 alone
572 4624 659 4681 utam
677 4622 806 4696 precipit
818 4628 849 4679 nl
865 4620 1049 4694 prebendam

151 4728 160 4738 “
290 4717 321 4774 in
334 4730 434 4773 eorum
446 4713 568 4772 eoeloeie
584 4719 733 4771 vacantem
749 4712 783 4769 Ε.
799 4709 967 4784 presbytero
976 4723 1047 4767 eon·

290 4804 393 4863 temni.

200 4944 204 4954 ·
293 4928 473 5000 Honorius,
486 4927 562 4999 etc,
577 4923 762 4988 venerabili
775 4923 871 4986 tratri
881 4922 1048 5001 eptscopo,

255 5030 289 5092 et
302 5027 432 5089 dilectis
447 5024 525 5086 nilis
540 5023 686 5101 capitulo
701 5021 918 5084 catalaunen.

295 5126 443 5188 Dilectus
453 5121 543 5183 tilius
557 5123 593 5182 Ε.
610 5119 783 5198 presbyter
796 5118 832 5179 in
845 5119 959 5181 nostra
969 5132 1050 5194 pro-

256 5223 368 5302 posuit
389 5218 568 5299 praesentia
593 5217 803 5290 constitutus,
834 5216 922 5294 quod
948 5230 1048 5293 quum

256 5320 336 5382 olim
346 5335 407 5397 pro
419 5320 492 5397 ipso
507 5330 622 5393 preces
638 5314 769 5378 nostras
780 5313 875 5378 vobis
890 5311 1050 5376 direxeri-

1840 286 1896 348 ffl

1105 455 1181 511 aaa
1193 441 1229 505 et
1240 437 1446 508 mandatum,
1456 437 1614 518 utinm
1627 437 1893 506 componentium

1105 537 1306 615 spostolicae
1320 536 1415 598 Sedis
1429 537 1463 598 et
1474 537 1637 610 nostram,
1653 536 1689 599 in
1702 539 1893 602 monicum

1106 636 1251 697 vestrum
1265 634 1458 712 reciperetis
1477 634 1510 695 et
1523 632 1670 705 tratrem,
1687 634 1751 697 sibi
1763 636 1893 699 mallum

1105 731 1141 792 in
1162 731 1265 793 choro
1286 731 1444 793 stlocum
1461 732 1498 797 in
1517 732 1662 810 captiuis
1677 733 1891 810 assignantes,

1105 828 1291 890 venerabili
1306 827 1409 890 fratre
1428 830 1544 890 nostro
1564 828 1729 899 Parisien.
1744 832 1895 910 episcopo

1106 928 1139 987 et
1158 925 1297 1002 collegis
1320 925 1391 986 suis
1408 924 1471 986 sibi
1484 941 1586 1003 super
1599 925 1670 993 boc
1680 927 1891 990 monitoribus

1106 1021 1282 1100 slepaima,
1299 1038 1371 1095 nos,
1388 1023 1465 1084 licet
1476 1023 1561 1084 nibil
1572 1018 1762 1101 objeceritis
1776 1024 1810 1085 in
1821 1041 1893 1102 per-

1106 1134 1221 1182 sonam
1232 1119 1377 1197 elrrsdern
1388 1135 1492 1199 quare
1501 1120 1532 1181 iri
1543 1137 1609 1182 non
1622 1120 1757 1183 deberet
1770 1122 1820 1182 rei
1832 1138 1890 1187 non

1106 1214 1178 1277 lieri
1202 1217 1324 1294 posset,
1340 1216 1531 1279 mandatnm
1555 1218 1666 1279 tamen
1688 1219 1844 1291 rrosbnm,
1862 1222 1901 1287 et

1106 1313 1304 1375 monitiones
1317 1313 1517 1375 monitorum
1527 1314 1678 1391 ipsorum
1689 1314 1800 1376 aurulis
1813 1316 1893 1376 auri·

1105 1408 1166 1471 bus
1181 1411 1404 1482 nauseantes,
1421 1410 1454 1471 id
1479 1410 1565 1487 quod
1587 1424 1691 1487 grave
1703 1412 1849 1487 gaimus
1860 1415 1890 1475 et

1105 1506 1292 1583 inrlignum,
1313 1508 1466 1585 quamvis
1480 1507 1606 1585 pluries
1623 1507 1781 1571 obtulerit
1794 1525 1829 1570 se
1842 1510 1892 1570 ia·

1105 1605 1212 1667 civitas
1224 1603 1403 1677 alliciendi,
1419 1604 1581 1667 hactenus
1596 1620 1664 1668 non
1679 1607 1832 1678 curastis,
1842 1607 1891 1668 ‹ii-

1105 1702 1217 1764 cenles
1237 1702 1344 1779 ipsura
1361 1701 1394 1762 ia
1408 1701 1549 1764 ecclesia
1564 1703 1674 1764 beatae
1698 1705 1816 1765 Maria
1830 1704 1891 1765 Ca-

1103 1799 1274 1860 telaunen.
1292 1798 1503 1875 praelrendaie
1528 1799 1726 1862 benenatum
1740 1801 1890 1873 oimnere,

1106 1896 1339 1974 propterquod
1364 1896 1453 1958 illem
1469 1897 1644 1974 presbyter
1666 1901 1813 1961 nostram
1831 1915 1890 1961 au·

1105 1992 1264 2055 mantiam
1278 1993 1473 2070 appellavit3
1488 2010 1627 2071 querca
1644 1995 1739 2056 nobis
1765 1997 1892 2057 1111111111-

1106 2089 1370 2167 terpostnlabsl,
1396 2091 1433 2152 ut
1455 2107 1557 2169 quum
1590 2091 1724 2154 olrlenta
1749 2093 1889 2155 ecclesia
1968 2170 1969 2173 Ἴ

1105 2188 1224 2248 vestrae
1243 2186 1418 2263 praebenda
1430 2188 1625 2265 jamdictum
1636 2187 1832 2251 beneficium
1848 2191 1890 2251 sic

1107 2284 1276 2359 resignare
1285 2286 1420 2360 pravatus
1429 2282 1700 2365 [assariquoilne
1712 2288 1891 2362 provisione

1082 2380 1210 2456 ‚ipsius
1224 2381 1421 2458 incoepimus
1440 2382 1481 2443 ad
1501 2382 1654 2445 anserum
1681 2385 1815 2457 perduci
1838 2400 1891 2461 per

1102 2476 1264 2540 dimretos
1279 2478 1408 2555 aliquos
1421 2478 1617 2541 taceremus.
1629 2481 1789 2543 Nolenles
1799 2482 1892 2557 igilur

1102 2574 1191 2651 quod
1203 2574 1315 2647 verba,
1331 2590 1405 2652 qrrae
1419 2576 1462 2638 de
1476 2577 1599 2638 nostris
1613 2576 1711 2639 labiis
1728 2594 1892 2655 processe·

1103 2673 1192 2744 runt,
1209 2671 1250 2733 ed
1266 2687 1328 2733 nos
1340 2688 1446 2735 vaona
1471 2675 1693 2748 revertantur,
1714 2675 1891 2752 presertim

1105 2963 1296 3041 presbytero
1309 2966 1543 3028 memoratoria
1555 2967 1696 3029 scientia
1708 2970 1742 3030 et
1755 2962 1889 3030 moribus

1104 3060 1271 3123 laridabile
1287 3062 1510 3124 testimonium
1525 3063 1737 3140 perhibentes
1762 3081 1819 3143 per
1841 3079 1890 3125 re-

1104 3159 1288 3235 ceptionem
1311 3159 1428 3236 ipsius,
1452 3176 1512 3237 per
1532 3162 1660 3223 vestras
1688 3162 1817 3225 litteras
1836 3178 1889 3224 nos

1104 3255 1303 3331 rogaveritis
1330 3256 1502 3319 humililer
1531 3259 1563 3320 et
1603 3259 1737 3332 devote,
1763 3263 1890 3322 arrives«
1967 3254 1968 3337 p

1105 3353 1196 3414 sitati
1212 3354 1331 3415 vestrae
1346 3369 1404 3431 per
1418 3355 1609 3431 apostolica
1620 3357 1744 3433 scripta
1755 3357 1888 3419 manda·
1967 3340 1968 3367 ¹

1104 3466 1188 3522 mus,
1230 3453 1329 3527 atque
1356 3452 1569 3528 praecipimus
1607 3457 1772 3531 qrratenus
1804 3469 1888 3532 pra·

1104 3547 1274 3609 cedentem
1311 3547 1571 3611 inobedientiam
1601 3551 1802 3615 redimentes
1833 3565 1888 3629 pet·

1104 3644 1327 3707 obedientiam
1351 3644 1619 3724 sorbsequentem,
1637 3648 1671 3711 et
1694 3649 1807 3726 ipsum·
1827 3648 1890 3709 sai-

1104 3743 1170 3803 tem
1193 3742 1257 3803 hac
1284 3743 1487 3820 vinolenta
1512 3743 1611 3821 primi
1637 3746 1785 3809 mandati
1811 3761 1887 3808 nos·
1965 3774 1966 3785 r

1107 3837 1149 3898 tri
1176 3836 1337 3910 tenorem,
1365 3838 1536 3914 recipiatis
1561 3839 1598 3900 in
1633 3843 1829 3904 canonicum
1858 3840 1889 3901 et
1965 3868 1966 3931 p

1104 3933 1140 3995 in
1156 3933 1304 4007 bairam,
1321 3934 1545 4011 praebendam,
1563 3952 1637 4014 quae
1660 3954 1749 4002 nnnc
1773 3940 1808 4000 in
1833 3953 1888 4000 ec·

1105 4030 1690 4110 elesiaaestravacareproponitur,
1705 4035 1777 4109 illa,
1798 4049 1888 4114 mam
1964 4098 1965 4111 ,

1104 4127 1141 4189 in
1168 4129 1315 4207 ecclesia
1344 4132 1527 4191 memorata
1557 4131 1693 4204 obticeat,
1714 4134 1885 4210 resignata,
1964 4132 1965 4213 l

1104 4225 1177 4286 siae
1194 4225 1356 4287 dilatione
1377 4241 1418 4287 ae
1440 4225 1639 4291 difficaltate
1663 4229 1888 4307 1111111111-

1105 4322 1277 4399 signantes
1303 4322 1422 4385 eidem.
1448 4323 1606 4402 Alioquin
1625 4326 1759 4389 dilectis
1780 4327 1887 4388 liliis...

1104 4420 1270 4482 cantori...
1298 4421 1488 4482 succentori
1508 4423 1724 4499 et-magistro
1750 4422 1888 4487 Revnldo

1103 4519 1266 4579 canonico
1292 4518 1456 4580 Parisisn.
1482 4519 1633 4581 dedimam
1658 4521 1694 4582 in
1717 4519 1884 4592 mandalis,
1962 4538 1963 4585 3

1104 4619 1141 4677 nt
1153 4630 1213 4676 vos
1228 4614 1270 4676 ad
1284 4614 1330 4681 id,
1346 4615 1411 4675 atsi
1422 4615 1549 4693 aliquid
1573 4618 1773 4681 rationabile
1783 4618 1887 4697 obtec-

1103 4713 1172 4774 tum
1184 4711 1285 4773 inerit
1298 4711 1529 4789 abprobatum,
1541 4729 1645 4791 qnare
1661 4715 1727 4777 hoe
1739 4715 1812 4778 fleri
1825 4727 1886 4775 non

1103 4808 1234 4881 debeat,
1270 4808 1401 4871 sublato
1439 4810 1673 4887 appellationis
1709 4810 1886 4881 obstaculo,
1961 4804 1962 4823 ³

1104 4906 1305 4968 anctoritate
1321 4907 1437 4968 noema
1448 4908 1659 4985 compellant.
1682 4910 1801 4972 ilatum
1808 4912 1888 4971 Ana

1102 5002 1420 5080 gniae,v1caienrlas
1435 5004 1565 5081 aprilis,
1581 5005 1792 5083 pontificatus
1810 5020 1886 5068 nos·
1959 5070 1961 5085 ἲ

1102 5100 1366 5174 hianmsexto.
1960 5088 1961 5121 ³

1124 5311 1131 5324 .
1134 5216 1319 5372 1ξονιρίιιηι
1331 5215 1385 5278 est
1398 5216 1574 5293 auperhoo
1589 5217 1716 5281 eisdem
1742 5216 1886 5281 enecato

1102 5327 1132 5374 rr
1156 5327 1206 5374 us.
