<?xml version="1.0" encoding="UTF-8"?>
<!DOCTYPE html PUBLIC "-//W3C//DTD XHTML 1.0 Transitional//EN"
    "http://www.w3.org/TR/xhtml1/DTD/xhtml1-transitional.dtd">
<html xmlns="http://www.w3.org/1999/xhtml" xml:lang="en" lang="en">
 <head>
  <title>
</title>
<meta http-equiv="Content-Type" content="text/html;charset=utf-8" />
  <meta name='ocr-system' content='tesseract 3.04.00' />
  <meta name='ocr-capabilities' content='ocr_page ocr_carea ocr_par ocr_line ocrx_word'/>
</head>
<body>
  <div class='ocr_page' id='page_1' title='image "./mediiaevibiblio04bottgoog_0408.png"; bbox 0 0 3930 6206; ppageno 0'>
   <div class='ocr_carea' id='block_1_1' title="bbox 161 391 221 453">
    <p class='ocr_par' dir='ltr' id='par_1_1' title="bbox 161 391 221 453">
     <span class='ocr_line' id='line_1_1' title="bbox 161 391 221 453; baseline 0.033 -2"><span class='ocrx_word' id='word_1_1' title='bbox 161 391 221 453; x_wconf 77' lang='lat' dir='ltr'><strong>att</strong></span> 
     </span>
    </p>
   </div>
   <div class='ocr_carea' id='block_1_2' title="bbox 161 543 955 624">
    <p class='ocr_par' dir='ltr' id='par_1_2' title="bbox 161 543 955 624">
     <span class='ocr_line' id='line_1_2' title="bbox 161 543 955 624; baseline -0.006 -15"><span class='ocrx_word' id='word_1_2' title='bbox 161 546 320 611; x_wconf 81' lang='lat' dir='ltr'><strong>dennloco</strong></span> <span class='ocrx_word' id='word_1_3' title='bbox 332 562 393 611; x_wconf 90' lang='lat' dir='ltr'><strong>sua</strong></span> <span class='ocrx_word' id='word_1_4' title='bbox 403 549 487 624; x_wconf 76' lang='lat' dir='ltr'><strong>jura</strong></span> <span class='ocrx_word' id='word_1_5' title='bbox 502 545 728 616; x_wconf 79' lang='lat' dir='ltr'><strong>servantibus,</strong></span> <span class='ocrx_word' id='word_1_6' title='bbox 749 543 793 606; x_wconf 91' lang='lat' dir='ltr'><strong>sit</strong></span> <span class='ocrx_word' id='word_1_7' title='bbox 814 560 881 621; x_wconf 84' lang='lat' dir='ltr'><strong>pax</strong></span> <span class='ocrx_word' id='word_1_8' title='bbox 895 545 955 604; x_wconf 82' lang='lat' dir='ltr'><strong>Do</strong></span> 
     </span>
    </p>
   </div>
   <div class='ocr_carea' id='block_1_3' title="bbox 160 640 969 719">
    <p class='ocr_par' dir='ltr' id='par_1_3' title="bbox 160 640 969 719">
     <span class='ocr_line' id='line_1_3' title="bbox 160 640 969 719; baseline -0.007 -13"><span class='ocrx_word' id='word_1_9' title='bbox 160 644 244 706; x_wconf 90' lang='lat' dir='ltr'><strong>mini</strong></span> <span class='ocrx_word' id='word_1_10' title='bbox 270 644 377 706; x_wconf 84' lang='lat' dir='ltr'><strong>nostri</strong></span> <span class='ocrx_word' id='word_1_11' title='bbox 403 646 483 707; x_wconf 84' lang='lat' dir='ltr'><strong>iesu</strong></span> <span class='ocrx_word' id='word_1_12' title='bbox 505 644 629 704; x_wconf 79' lang='lat' dir='ltr'><strong>Christi</strong></span> <span class='ocrx_word' id='word_1_13' title='bbox 650 644 813 719; x_wconf 86' lang='lat' dir='ltr'><strong>quatenus</strong></span> <span class='ocrx_word' id='word_1_14' title='bbox 841 642 875 703; x_wconf 92' lang='lat' dir='ltr'><strong>et</strong></span> <span class='ocrx_word' id='word_1_15' title='bbox 900 640 969 707; x_wconf 68' lang='lat' dir='ltr'><strong>hic,</strong></span> 
     </span>
    </p>
   </div>
   <div class='ocr_carea' id='block_1_4' title="bbox 159 737 958 3338">
    <p class='ocr_par' dir='ltr' id='par_1_4' title="bbox 160 737 955 998">
     <span class='ocr_line' id='line_1_4' title="bbox 161 737 955 816; baseline -0.005 -13"><span class='ocrx_word' id='word_1_16' title='bbox 161 741 306 803; x_wconf 83' lang='lat' dir='ltr'><strong>fructum</strong></span> <span class='ocrx_word' id='word_1_17' title='bbox 324 741 421 802; x_wconf 87' lang='lat' dir='ltr'><strong>bonae</strong></span> <span class='ocrx_word' id='word_1_18' title='bbox 444 740 587 801; x_wconf 91' lang='lat' dir='ltr'><strong>actionis</strong></span> <span class='ocrx_word' id='word_1_19' title='bbox 608 739 805 816; x_wconf 78' lang='lat' dir='ltr'>percipiant,</span> <span class='ocrx_word' id='word_1_20' title='bbox 824 739 857 799; x_wconf 92' lang='lat' dir='ltr'><strong>et</strong></span> <span class='ocrx_word' id='word_1_21' title='bbox 868 737 955 814; x_wconf 88' lang='lat' dir='ltr'><strong>apud</strong></span> 
     </span>
     <span class='ocr_line' id='line_1_5' title="bbox 160 835 955 914; baseline -0.006 -15"><span class='ocrx_word' id='word_1_22' title='bbox 160 838 349 900; x_wconf 86' lang='lat' dir='ltr'><strong>districtum</strong></span> <span class='ocrx_word' id='word_1_23' title='bbox 371 837 519 914; x_wconf 88' lang='lat' dir='ltr'><strong>jndicem</strong></span> <span class='ocrx_word' id='word_1_24' title='bbox 548 837 685 913; x_wconf 86' lang='lat' dir='ltr'><strong>praemia</strong></span> <span class='ocrx_word' id='word_1_25' title='bbox 710 837 843 898; x_wconf 84' lang='lat' dir='ltr'><strong>aeternae</strong></span> <span class='ocrx_word' id='word_1_26' title='bbox 863 835 955 912; x_wconf 87' lang='lat' dir='ltr'><strong>pacis</strong></span> 
     </span>
     <span class='ocr_line' id='line_1_6' title="bbox 160 935 736 998; baseline -0.005 -2"><span class='ocrx_word' id='word_1_27' title='bbox 160 935 347 998; x_wconf 84' lang='lat' dir='ltr'><strong>inveniant.</strong></span> <span class='ocrx_word' id='word_1_28' title='bbox 359 939 475 996; x_wconf 84' lang='lat' dir='ltr'><strong>Amen.</strong></span> <span class='ocrx_word' id='word_1_29' title='bbox 490 937 605 995; x_wconf 81' lang='lat' dir='ltr'><strong>Amen.</strong></span> <span class='ocrx_word' id='word_1_30' title='bbox 622 938 736 994; x_wconf 80' lang='lat' dir='ltr'><strong>Amen.</strong></span> 
     </span>
    </p>

    <p class='ocr_par' dir='ltr' id='par_1_5' title="bbox 161 1028 957 1207">
     <span class='ocr_line' id='line_1_7' title="bbox 200 1028 957 1109; baseline -0.009 -15"><span class='ocrx_word' id='word_1_31' title='bbox 200 1036 269 1109; x_wconf 80' lang='lat' dir='ltr'><strong>Ego</strong></span> <span class='ocrx_word' id='word_1_32' title='bbox 288 1033 467 1104; x_wconf 89' lang='lat' dir='ltr'><strong>Honorius,</strong></span> <span class='ocrx_word' id='word_1_33' title='bbox 483 1030 658 1093; x_wconf 86' lang='lat' dir='ltr'><strong>catholicae</strong></span> <span class='ocrx_word' id='word_1_34' title='bbox 690 1028 847 1091; x_wconf 69' lang='lat' dir='ltr'><strong>Ecclesiae</strong></span> <span class='ocrx_word' id='word_1_35' title='bbox 872 1028 957 1105; x_wconf 90' lang='lat' dir='ltr'><strong>epis·</strong></span> 
     </span>
     <span class='ocr_line' id='line_1_8' title="bbox 161 1146 604 1207; baseline -0.009 -15"><span class='ocrx_word' id='word_1_36' title='bbox 161 1146 275 1207; x_wconf 91' lang='lat' dir='ltr'><strong>copus.</strong></span> <span class='ocrx_word' id='word_1_37' title='bbox 603 1174 604 1177; x_wconf 15' lang='grc' dir='ltr'>η</span> 
     </span>
    </p>

    <p class='ocr_par' dir='ltr' id='par_1_6' title="bbox 162 1222 953 1402">
     <span class='ocr_line' id='line_1_9' title="bbox 201 1222 953 1303; baseline -0.009 -14"><span class='ocrx_word' id='word_1_38' title='bbox 201 1230 270 1303; x_wconf 83' lang='lat' dir='ltr'><strong>Ego</strong></span> <span class='ocrx_word' id='word_1_39' title='bbox 294 1227 411 1298; x_wconf 78' lang='lat' dir='ltr'><strong>Guala,</strong></span> <span class='ocrx_word' id='word_1_40' title='bbox 434 1229 467 1288; x_wconf 87' lang='lat' dir='ltr'><strong>S.</strong></span> <span class='ocrx_word' id='word_1_41' title='bbox 496 1226 632 1288; x_wconf 89' lang='lat' dir='ltr'><strong>Martini</strong></span> <span class='ocrx_word' id='word_1_42' title='bbox 661 1223 769 1302; x_wconf 84' lang='lat' dir='ltr'><strong>presb.</strong></span> <span class='ocrx_word' id='word_1_43' title='bbox 786 1222 876 1284; x_wconf 91' lang='lat' dir='ltr'><strong>card.</strong></span> <span class='ocrx_word' id='word_1_44' title='bbox 902 1222 953 1283; x_wconf 88' lang='lat' dir='ltr'><strong>tit.</strong></span> 
     </span>
     <span class='ocr_line' id='line_1_10' title="bbox 162 1324 445 1402; baseline -0.007 -15"><span class='ocrx_word' id='word_1_45' title='bbox 162 1327 197 1387; x_wconf 74' lang='lat' dir='ltr'><strong>S·</strong></span> <span class='ocrx_word' id='word_1_46' title='bbox 211 1324 345 1402; x_wconf 80' lang='lat' dir='ltr'><strong>Equitii,</strong></span> <span class='ocrx_word' id='word_1_47' title='bbox 358 1340 445 1387; x_wconf 89' lang='lat' dir='ltr'><strong>susc.</strong></span> 
     </span>
    </p>

    <p class='ocr_par' dir='ltr' id='par_1_7' title="bbox 161 1416 958 1597">
     <span class='ocr_line' id='line_1_11' title="bbox 202 1416 958 1500; baseline -0.009 -16"><span class='ocrx_word' id='word_1_48' title='bbox 202 1425 270 1498; x_wconf 85' lang='lat' dir='ltr'><strong>Ego</strong></span> <span class='ocrx_word' id='word_1_49' title='bbox 297 1422 505 1500; x_wconf 88' lang='lat' dir='ltr'><strong>Stephanus,</strong></span> <span class='ocrx_word' id='word_1_50' title='bbox 529 1420 683 1482; x_wconf 84' lang='lat' dir='ltr'><strong>Basilicas</strong></span> <span class='ocrx_word' id='word_1_51' title='bbox 709 1421 771 1480; x_wconf 85' lang='lat' dir='ltr'><strong>XII</strong></span> <span class='ocrx_word' id='word_1_52' title='bbox 793 1416 958 1494; x_wconf 89' lang='lat' dir='ltr'><strong>apostolo·</strong></span> 
     </span>
     <span class='ocr_line' id='line_1_12' title="bbox 161 1518 731 1597; baseline -0.011 -16"><span class='ocrx_word' id='word_1_53' title='bbox 161 1535 236 1581; x_wconf 88' lang='lat' dir='ltr'><strong>rum</strong></span> <span class='ocrx_word' id='word_1_54' title='bbox 251 1520 426 1597; x_wconf 77' lang='lat' dir='ltr'><strong>presbyter</strong></span> <span class='ocrx_word' id='word_1_55' title='bbox 439 1518 632 1589; x_wconf 87' lang='lat' dir='ltr'><strong>cardinalis,</strong></span> <span class='ocrx_word' id='word_1_56' title='bbox 644 1533 731 1579; x_wconf 88' lang='lat' dir='ltr'><strong>susc.</strong></span> 
     </span>
    </p>

    <p class='ocr_par' dir='ltr' id='par_1_8' title="bbox 161 1613 954 1792">
     <span class='ocr_line' id='line_1_13' title="bbox 200 1613 954 1693; baseline -0.011 -14"><span class='ocrx_word' id='word_1_57' title='bbox 200 1619 270 1692; x_wconf 83' lang='lat' dir='ltr'><strong>ligo</strong></span> <span class='ocrx_word' id='word_1_58' title='bbox 297 1616 497 1693; x_wconf 88' lang='lat' dir='ltr'><strong>Hugolinus,</strong></span> <span class='ocrx_word' id='word_1_59' title='bbox 531 1616 683 1677; x_wconf 89' lang='lat' dir='ltr'><strong>Hostien.</strong></span> <span class='ocrx_word' id='word_1_60' title='bbox 711 1615 744 1675; x_wconf 90' lang='lat' dir='ltr'><strong>et</strong></span> <span class='ocrx_word' id='word_1_61' title='bbox 775 1613 954 1675; x_wconf 77' lang='lat' dir='ltr'><strong>velletren.</strong></span> 
     </span>
     <span class='ocr_line' id='line_1_14' title="bbox 161 1713 426 1792; baseline -0.004 -16"><span class='ocrx_word' id='word_1_62' title='bbox 161 1713 321 1792; x_wconf 74' lang='lat' dir='ltr'><strong>episcop„</strong></span> <span class='ocrx_word' id='word_1_63' title='bbox 338 1730 426 1777; x_wconf 91' lang='lat' dir='ltr'><strong>susc.</strong></span> 
     </span>
    </p>

    <p class='ocr_par' dir='ltr' id='par_1_9' title="bbox 201 1810 954 1897">
     <span class='ocr_line' id='line_1_15' title="bbox 201 1810 954 1897; baseline -0.007 -25"><span class='ocrx_word' id='word_1_64' title='bbox 201 1814 270 1886; x_wconf 82' lang='lat' dir='ltr'><strong>Ego</strong></span> <span class='ocrx_word' id='word_1_65' title='bbox 283 1812 453 1887; x_wconf 84' lang='lat' dir='ltr'><strong>Pelagius,</strong></span> <span class='ocrx_word' id='word_1_66' title='bbox 475 1810 638 1873; x_wconf 73' lang='lat' dir='ltr'><strong>albanen.</strong></span> <span class='ocrx_word' id='word_1_67' title='bbox 664 1810 850 1887; x_wconf 85' lang='lat' dir='ltr'><strong>epiecopus,</strong></span> <span class='ocrx_word' id='word_1_68' title='bbox 867 1822 954 1897; x_wconf 86' lang='lat' dir='ltr'><strong>susc.</strong></span> 
     </span>
    </p>

    <p class='ocr_par' dir='ltr' id='par_1_10' title="bbox 200 1904 954 1984">
     <span class='ocr_line' id='line_1_16' title="bbox 200 1904 954 1984; baseline -0.007 -14"><span class='ocrx_word' id='word_1_69' title='bbox 200 1912 268 1984; x_wconf 86' lang='lat' dir='ltr'><strong>Ego</strong></span> <span class='ocrx_word' id='word_1_70' title='bbox 277 1909 450 1981; x_wconf 87' lang='lat' dir='ltr'><strong>Nicolaus,</strong></span> <span class='ocrx_word' id='word_1_71' title='bbox 467 1908 644 1970; x_wconf 85' lang='lat' dir='ltr'><strong>Tusculan.</strong></span> <span class='ocrx_word' id='word_1_72' title='bbox 657 1904 848 1984; x_wconf 84' lang='lat' dir='ltr'><strong>episcopus,</strong></span> <span class='ocrx_word' id='word_1_73' title='bbox 868 1921 954 1966; x_wconf 90' lang='lat' dir='ltr'><strong>suso.</strong></span> 
     </span>
    </p>

    <p class='ocr_par' dir='ltr' id='par_1_11' title="bbox 160 2002 954 2177">
     <span class='ocr_line' id='line_1_17' title="bbox 201 2002 954 2083; baseline -0.009 -14"><span class='ocrx_word' id='word_1_74' title='bbox 201 2009 270 2083; x_wconf 79' lang='lat' dir='ltr'><strong>Ego</strong></span> <span class='ocrx_word' id='word_1_75' title='bbox 294 2007 463 2078; x_wconf 71' lang='lat' dir='ltr'><strong>Octavius,</strong></span> <span class='ocrx_word' id='word_1_76' title='bbox 485 2008 541 2068; x_wconf 88' lang='lat' dir='ltr'><strong>SS.</strong></span> <span class='ocrx_word' id='word_1_77' title='bbox 561 2005 670 2082; x_wconf 88' lang='lat' dir='ltr'><strong>Sergii</strong></span> <span class='ocrx_word' id='word_1_78' title='bbox 682 2005 716 2066; x_wconf 91' lang='lat' dir='ltr'><strong>et</strong></span> <span class='ocrx_word' id='word_1_79' title='bbox 727 2002 849 2066; x_wconf 88' lang='lat' dir='ltr'><strong>Bacchi</strong></span> <span class='ocrx_word' id='word_1_80' title='bbox 870 2002 954 2063; x_wconf 88' lang='lat' dir='ltr'><strong>diac.</strong></span> 
     </span>
     <span class='ocr_line' id='line_1_18' title="bbox 160 2104 460 2177; baseline -0.003 -11"><span class='ocrx_word' id='word_1_81' title='bbox 160 2104 356 2177; x_wconf 78' lang='lat' dir='ltr'><strong>cardinalis,</strong></span> <span class='ocrx_word' id='word_1_82' title='bbox 373 2120 460 2167; x_wconf 91' lang='lat' dir='ltr'><strong>susc.</strong></span> 
     </span>
    </p>

    <p class='ocr_par' dir='ltr' id='par_1_12' title="bbox 161 2195 954 2361">
     <span class='ocr_line' id='line_1_19' title="bbox 201 2195 954 2278; baseline -0.008 -15"><span class='ocrx_word' id='word_1_83' title='bbox 201 2204 273 2277; x_wconf 79' lang='lat' dir='ltr'><strong>ligo</strong></span> <span class='ocrx_word' id='word_1_84' title='bbox 296 2202 489 2278; x_wconf 81' lang='lat' dir='ltr'><strong>Gregorius,</strong></span> <span class='ocrx_word' id='word_1_85' title='bbox 514 2203 548 2263; x_wconf 87' lang='lat' dir='ltr'><strong>S.</strong></span> <span class='ocrx_word' id='word_1_86' title='bbox 568 2200 734 2262; x_wconf 86' lang='lat' dir='ltr'><strong>Theodori</strong></span> <span class='ocrx_word' id='word_1_87' title='bbox 745 2198 830 2259; x_wconf 88' lang='lat' dir='ltr'><strong>diac.</strong></span> <span class='ocrx_word' id='word_1_88' title='bbox 849 2195 954 2267; x_wconf 87' lang='lat' dir='ltr'><strong>card,</strong></span> 
     </span>
     <span class='ocr_line' id='line_1_20' title="bbox 161 2316 251 2361; baseline -0.011 0"><span class='ocrx_word' id='word_1_89' title='bbox 161 2316 251 2361; x_wconf 87' lang='lat' dir='ltr'><strong>susc.</strong></span> 
     </span>
    </p>

    <p class='ocr_par' dir='ltr' id='par_1_13' title="bbox 162 2391 954 2556">
     <span class='ocr_line' id='line_1_21' title="bbox 200 2391 954 2473; baseline -0.012 -13"><span class='ocrx_word' id='word_1_90' title='bbox 200 2399 271 2473; x_wconf 79' lang='lat' dir='ltr'><strong>Ego</strong></span> <span class='ocrx_word' id='word_1_91' title='bbox 298 2400 481 2470; x_wconf 87' lang='lat' dir='ltr'><strong>Romanus,</strong></span> <span class='ocrx_word' id='word_1_92' title='bbox 522 2398 555 2459; x_wconf 89' lang='lat' dir='ltr'><strong>S.</strong></span> <span class='ocrx_word' id='word_1_93' title='bbox 584 2396 704 2472; x_wconf 77' lang='lat' dir='ltr'><strong>angeli</strong></span> <span class='ocrx_word' id='word_1_94' title='bbox 735 2393 820 2455; x_wconf 89' lang='lat' dir='ltr'><strong>diac.</strong></span> <span class='ocrx_word' id='word_1_95' title='bbox 849 2391 954 2463; x_wconf 86' lang='lat' dir='ltr'><strong>card,</strong></span> 
     </span>
     <span class='ocr_line' id='line_1_22' title="bbox 162 2510 251 2556; baseline 0.011 -1"><span class='ocrx_word' id='word_1_96' title='bbox 162 2510 251 2556; x_wconf 89' lang='lat' dir='ltr'><strong>susc.</strong></span> 
     </span>
    </p>

    <p class='ocr_par' dir='ltr' id='par_1_14' title="bbox 161 2592 956 2762">
     <span class='ocr_line' id='line_1_23' title="bbox 203 2592 956 2670; baseline -0.005 -15"><span class='ocrx_word' id='word_1_97' title='bbox 203 2596 272 2670; x_wconf 84' lang='lat' dir='ltr'><strong>Ego</strong></span> <span class='ocrx_word' id='word_1_98' title='bbox 285 2594 415 2665; x_wconf 88' lang='lat' dir='ltr'><strong>Petrus,</strong></span> <span class='ocrx_word' id='word_1_99' title='bbox 431 2594 464 2655; x_wconf 88' lang='lat' dir='ltr'><strong>S.</strong></span> <span class='ocrx_word' id='word_1_100' title='bbox 479 2592 614 2668; x_wconf 80' lang='lat' dir='ltr'><strong>Georgii</strong></span> <span class='ocrx_word' id='word_1_101' title='bbox 628 2592 669 2653; x_wconf 94' lang='lat' dir='ltr'><strong>ad</strong></span> <span class='ocrx_word' id='word_1_102' title='bbox 684 2592 802 2653; x_wconf 89' lang='lat' dir='ltr'><strong>Velum</strong></span> <span class='ocrx_word' id='word_1_103' title='bbox 812 2596 956 2654; x_wconf 83' lang='lat' dir='ltr'><strong>Aureum</strong></span> 
     </span>
     <span class='ocr_line' id='line_1_24' title="bbox 161 2691 464 2762; baseline -0.01 -9"><span class='ocrx_word' id='word_1_104' title='bbox 161 2691 248 2753; x_wconf 85' lang='lat' dir='ltr'><strong>diac.</strong></span> <span class='ocrx_word' id='word_1_105' title='bbox 262 2691 365 2762; x_wconf 72' lang='lat' dir='ltr'><strong>card„</strong></span> <span class='ocrx_word' id='word_1_106' title='bbox 377 2706 464 2751; x_wconf 90' lang='lat' dir='ltr'><strong>susc.</strong></span> 
     </span>
    </p>

    <p class='ocr_par' dir='ltr' id='par_1_15' title="bbox 159 2784 957 3338">
     <span class='ocr_line' id='line_1_25' title="bbox 200 2784 956 2864; baseline -0.004 -15"><span class='ocrx_word' id='word_1_107' title='bbox 200 2790 319 2850; x_wconf 86' lang='lat' dir='ltr'><strong>Datum</strong></span> <span class='ocrx_word' id='word_1_108' title='bbox 347 2787 524 2860; x_wconf 80' lang='lat' dir='ltr'><strong>Laterani,</strong></span> <span class='ocrx_word' id='word_1_109' title='bbox 558 2802 619 2864; x_wconf 91' lang='lat' dir='ltr'><strong>per</strong></span> <span class='ocrx_word' id='word_1_110' title='bbox 642 2803 776 2848; x_wconf 90' lang='lat' dir='ltr'><strong>manum</strong></span> <span class='ocrx_word' id='word_1_111' title='bbox 805 2784 956 2862; x_wconf 75' lang='lat' dir='ltr'><strong>magistri</strong></span> 
     </span>
     <span class='ocr_line' id='line_1_26' title="bbox 160 2885 957 2962; baseline -0.004 -15"><span class='ocrx_word' id='word_1_112' title='bbox 160 2885 323 2947; x_wconf 77' lang='lat' dir='ltr'><strong>(luidonis</strong></span> <span class='ocrx_word' id='word_1_113' title='bbox 354 2885 480 2946; x_wconf 90' lang='lat' dir='ltr'><strong>domini</strong></span> <span class='ocrx_word' id='word_1_114' title='bbox 506 2900 599 2962; x_wconf 88' lang='lat' dir='ltr'><strong>papae</strong></span> <span class='ocrx_word' id='word_1_115' title='bbox 627 2885 767 2956; x_wconf 85' lang='lat' dir='ltr'><strong>notarii,</strong></span> <span class='ocrx_word' id='word_1_116' title='bbox 797 2887 826 2945; x_wconf 94' lang='lat' dir='ltr'><strong>ll</strong></span> <span class='ocrx_word' id='word_1_117' title='bbox 851 2899 957 2944; x_wconf 90' lang='lat' dir='ltr'><strong>nonas</strong></span> 
     </span>
     <span class='ocr_line' id='line_1_27' title="bbox 159 2978 954 3060; baseline -0.004 -18"><span class='ocrx_word' id='word_1_118' title='bbox 159 2982 332 3053; x_wconf 82' lang='lat' dir='ltr'><strong>februarii,</strong></span> <span class='ocrx_word' id='word_1_119' title='bbox 358 2982 540 3045; x_wconf 86' lang='lat' dir='ltr'><strong>indictione</strong></span> <span class='ocrx_word' id='word_1_120' title='bbox 570 2984 657 3043; x_wconf 82' lang='lat' dir='ltr'><strong>XLV</strong></span> <span class='ocrx_word' id='word_1_121' title='bbox 683 2980 793 3060; x_wconf 71' lang='lat' dir='ltr'><strong>(forte</strong></span> <span class='ocrx_word' id='word_1_122' title='bbox 813 2997 825 3040; x_wconf 90' lang='lat'><strong>.·</strong></span> <span class='ocrx_word' id='word_1_123' title='bbox 845 2978 954 3057; x_wconf 83' lang='grc' dir='ltr'>ΧΙΙΙ),</span> 
     </span>
     <span class='ocr_line' id='line_1_28' title="bbox 160 3080 954 3149; baseline -0.004 -8"><span class='ocrx_word' id='word_1_124' title='bbox 160 3080 405 3142; x_wconf 85' lang='lat' dir='ltr'><strong>incarnationis</strong></span> <span class='ocrx_word' id='word_1_125' title='bbox 439 3080 620 3141; x_wconf 88' lang='lat' dir='ltr'><strong>Dominicae</strong></span> <span class='ocrx_word' id='word_1_126' title='bbox 650 3095 738 3140; x_wconf 91' lang='lat' dir='ltr'><strong>auno</strong></span> <span class='ocrx_word' id='word_1_127' title='bbox 770 3080 954 3149; x_wconf 82' lang='lat' dir='ltr'><strong>MGGXXV,</strong></span> 
     </span>
     <span class='ocr_line' id='line_1_29' title="bbox 160 3176 957 3255; baseline -0.006 -14"><span class='ocrx_word' id='word_1_128' title='bbox 160 3179 372 3255; x_wconf 78' lang='lat' dir='ltr'><strong>pontificatus</strong></span> <span class='ocrx_word' id='word_1_129' title='bbox 393 3193 473 3240; x_wconf 84' lang='lat' dir='ltr'><strong>vero</strong></span> <span class='ocrx_word' id='word_1_130' title='bbox 497 3177 623 3240; x_wconf 90' lang='lat' dir='ltr'><strong>domini</strong></span> <span class='ocrx_word' id='word_1_131' title='bbox 646 3176 786 3238; x_wconf 90' lang='lat' dir='ltr'><strong>Houorii</strong></span> <span class='ocrx_word' id='word_1_132' title='bbox 800 3191 896 3253; x_wconf 89' lang='lat' dir='ltr'><strong>papae</strong></span> <span class='ocrx_word' id='word_1_133' title='bbox 911 3177 957 3236; x_wconf 89' lang='grc' dir='ltr'><strong>ΙΙΙ</strong></span> 
     </span>
     <span class='ocr_line' id='line_1_30' title="bbox 160 3290 364 3338; baseline -0.01 0"><span class='ocrx_word' id='word_1_134' title='bbox 160 3290 250 3338; x_wconf 91' lang='lat' dir='ltr'><strong>anno</strong></span> <span class='ocrx_word' id='word_1_135' title='bbox 264 3290 364 3337; x_wconf 91' lang='lat' dir='ltr'><strong>nono.</strong></span> 
     </span>
    </p>
   </div>
   <div class='ocr_carea' id='block_1_5' title="bbox 479 3461 638 3548">
    <p class='ocr_par' dir='ltr' id='par_1_16' title="bbox 479 3461 638 3548">
     <span class='ocr_line' id='line_1_31' title="bbox 479 3461 638 3548; baseline 0.013 -2"><span class='ocrx_word' id='word_1_136' title='bbox 479 3461 638 3548; x_wconf 78' lang='lat' dir='ltr'><strong>lxxiv</strong></span> 
     </span>
    </p>
   </div>
   <div class='ocr_carea' id='block_1_6' title="bbox 97 3612 936 3785">
    <p class='ocr_par' dir='ltr' id='par_1_17' title="bbox 97 3612 936 3785">
     <span class='ocr_line' id='line_1_32' title="bbox 97 3612 936 3689; baseline -0.007 -12"><span class='ocrx_word' id='word_1_137' title='bbox 97 3638 101 3645; x_wconf 85' lang='lat'><em>·</em></span> <span class='ocrx_word' id='word_1_138' title='bbox 177 3617 231 3677; x_wconf 83' lang='lat' dir='ltr'><strong>Ad</strong></span> <span class='ocrx_word' id='word_1_139' title='bbox 245 3615 542 3689; x_wconf 75' lang='lat' dir='ltr'><strong>archiepiscopum</strong></span> <span class='ocrx_word' id='word_1_140' title='bbox 551 3614 782 3674; x_wconf 76' lang='lat' dir='ltr'><strong>senonensem</strong></span> <span class='ocrx_word' id='word_1_141' title='bbox 796 3612 936 3685; x_wconf 79' lang='lat' dir='ltr'><strong>ejusque</strong></span> 
     </span>
     <span class='ocr_line' id='line_1_33' title="bbox 434 3710 694 3785; baseline 0.015 -14"><span class='ocrx_word' id='word_1_142' title='bbox 434 3710 694 3785; x_wconf 60' lang='lat' dir='ltr'><strong>suffraganeos..</strong></span> 
     </span>
    </p>
   </div>
   <div class='ocr_carea' id='block_1_7' title="bbox 224 3837 800 3913">
    <p class='ocr_par' dir='ltr' id='par_1_18' title="bbox 224 3837 800 3913">
     <span class='ocr_line' id='line_1_34' title="bbox 224 3837 800 3913; baseline -0.005 -15"><span class='ocrx_word' id='word_1_143' title='bbox 224 3900 227 3907; x_wconf 81' lang='grc'><em>,</em></span> <span class='ocrx_word' id='word_1_144' title='bbox 320 3838 489 3898; x_wconf 79' lang='lat' dir='ltr'><strong>diebrnarii</strong></span> <span class='ocrx_word' id='word_1_145' title='bbox 507 3837 554 3911; x_wconf 77' lang='lat' dir='ltr'><strong>[lb</strong></span> <span class='ocrx_word' id='word_1_146' title='bbox 565 3837 703 3913; x_wconf 86' lang='lat' dir='ltr'><strong>januarii]</strong></span> <span class='ocrx_word' id='word_1_147' title='bbox 722 3838 800 3896; x_wconf 74' lang='lat' dir='ltr'><strong>laad.</strong></span> 
     </span>
    </p>
   </div>
   <div class='ocr_carea' id='block_1_8' title="bbox 157 3960 954 4161">
    <p class='ocr_par' dir='ltr' id='par_1_19' title="bbox 157 3960 954 4161">
     <span class='ocr_line' id='line_1_35' title="bbox 183 3960 928 4031; baseline -0.012 -13"><span class='ocrx_word' id='word_1_148' title='bbox 183 3966 308 4031; x_wconf 81' lang='lat' dir='ltr'><strong>[liegest.,</strong></span> <span class='ocrx_word' id='word_1_149' title='bbox 318 3962 364 4014; x_wconf 90' lang='lat' dir='ltr'><strong>lib.</strong></span> <span class='ocrx_word' id='word_1_150' title='bbox 376 3964 420 4022; x_wconf 82' lang='lat' dir='ltr'><strong>tx,</strong></span> <span class='ocrx_word' id='word_1_151' title='bbox 433 3961 507 4028; x_wconf 81' lang='lat' dir='ltr'><strong>epist.</strong></span> <span class='ocrx_word' id='word_1_152' title='bbox 519 3961 574 4013; x_wconf 73' lang='lat' dir='ltr'><strong>lta.</strong></span> <span class='ocrx_word' id='word_1_153' title='bbox 584 3963 642 4012; x_wconf 89' lang='lat' dir='ltr'><strong>llss.</strong></span> <span class='ocrx_word' id='word_1_154' title='bbox 653 3963 691 4012; x_wconf 87' lang='lat' dir='ltr'><strong>La</strong></span> <span class='ocrx_word' id='word_1_155' title='bbox 700 3962 777 4012; x_wconf 88' lang='lat' dir='ltr'><strong>Porte</strong></span> <span class='ocrx_word' id='word_1_156' title='bbox 789 3960 823 4011; x_wconf 92' lang='lat' dir='ltr'><strong>du</strong></span> <span class='ocrx_word' id='word_1_157' title='bbox 834 3960 928 4026; x_wconf 78' lang='lat' dir='ltr'><strong>lircil]</strong></span> 
     </span>
     <span class='ocr_line' id='line_1_36' title="bbox 157 4085 954 4161; baseline -0.01 -10"><span class='ocrx_word' id='word_1_158' title='bbox 157 4090 276 4152; x_wconf 81' lang='lat' dir='ltr'><strong>liandat</strong></span> <span class='ocrx_word' id='word_1_159' title='bbox 287 4091 330 4148; x_wconf 90' lang='lat' dir='ltr'><strong>eis</strong></span> <span class='ocrx_word' id='word_1_160' title='bbox 348 4095 380 4147; x_wconf 92' lang='lat' dir='ltr'><strong>ut</strong></span> <span class='ocrx_word' id='word_1_161' title='bbox 392 4089 513 4146; x_wconf 84' lang='lat' dir='ltr'><strong>nuncios</strong></span> <span class='ocrx_word' id='word_1_162' title='bbox 530 4087 685 4161; x_wconf 85' lang='lat' dir='ltr'><strong>Hospitalis</strong></span> <span class='ocrx_word' id='word_1_163' title='bbox 705 4087 802 4145; x_wconf 83' lang='lat' dir='ltr'><strong>Sancti</strong></span> <span class='ocrx_word' id='word_1_164' title='bbox 817 4085 954 4144; x_wconf 87' lang='lat' dir='ltr'><strong>Bernardi</strong></span> 
     </span>
    </p>
   </div>
   <div class='ocr_carea' id='block_1_9' title="bbox 193 4173 955 4327">
    <p class='ocr_par' dir='ltr' id='par_1_20' title="bbox 193 4173 955 4327">
     <span class='ocr_line' id='line_1_37' title="bbox 193 4173 955 4249; baseline -0.005 -12"><span class='ocrx_word' id='word_1_165' title='bbox 193 4178 398 4238; x_wconf 80' lang='lat' dir='ltr'><strong>mundatoris</strong></span> <span class='ocrx_word' id='word_1_166' title='bbox 416 4177 616 4249; x_wconf 83' lang='lat' dir='ltr'><strong>eleemosynas</strong></span> <span class='ocrx_word' id='word_1_167' title='bbox 639 4181 800 4248; x_wconf 84' lang='lat' dir='ltr'><strong>querentes</strong></span> <span class='ocrx_word' id='word_1_168' title='bbox 823 4173 955 4233; x_wconf 83' lang='lat' dir='ltr'><strong>fidelibus</strong></span> 
     </span>
     <span class='ocr_line' id='line_1_38' title="bbox 193 4265 407 4327; baseline -0.023 0"><span class='ocrx_word' id='word_1_169' title='bbox 193 4265 407 4327; x_wconf 84' lang='lat' dir='ltr'><strong>commendent.</strong></span> 
     </span>
    </p>
   </div>
   <div class='ocr_carea' id='block_1_10' title="bbox 777 383 1185 451">
    <p class='ocr_par' dir='ltr' id='par_1_21' title="bbox 777 383 1185 451">
     <span class='ocr_line' id='line_1_39' title="bbox 777 383 1185 451; baseline -0.012 0"><span class='ocrx_word' id='word_1_170' title='bbox 777 383 1005 451; x_wconf 70' lang='lat' dir='ltr'><strong>KPISTOLAE.</strong></span> <span class='ocrx_word' id='word_1_171' title='bbox 1029 386 1106 448; x_wconf 82' lang='lat' dir='ltr'><strong>LIB.</strong></span> <span class='ocrx_word' id='word_1_172' title='bbox 1130 386 1185 448; x_wconf 85' lang='lat' dir='ltr'><strong>lX.</strong></span> 
     </span>
    </p>
   </div>
   <div class='ocr_carea' id='block_1_11' title="bbox 1744 389 1803 448">
    <p class='ocr_par' dir='ltr' id='par_1_22' title="bbox 1744 389 1803 448">
     <span class='ocr_line' id='line_1_40' title="bbox 1744 389 1803 448; baseline 0.017 -1"><span class='ocrx_word' id='word_1_173' title='bbox 1744 389 1803 448; x_wconf 86' lang='grc'><strong>778</strong></span> 
     </span>
    </p>
   </div>
   <div class='ocr_carea' id='block_1_12' title="bbox 1010 543 1806 1688">
    <p class='ocr_par' dir='ltr' id='par_1_23' title="bbox 1010 543 1806 1688">
     <span class='ocr_line' id='line_1_41' title="bbox 1010 543 1804 622; baseline 0.001 -16"><span class='ocrx_word' id='word_1_174' title='bbox 1010 546 1044 607; x_wconf 89' lang='lat' dir='ltr'><strong>et</strong></span> <span class='ocrx_word' id='word_1_175' title='bbox 1068 545 1140 622; x_wconf 87' lang='lat' dir='ltr'><strong>pias</strong></span> <span class='ocrx_word' id='word_1_176' title='bbox 1167 546 1398 622; x_wconf 87' lang='lat' dir='ltr'><strong>eleemosynas</strong></span> <span class='ocrx_word' id='word_1_177' title='bbox 1426 543 1573 622; x_wconf 87' lang='lat' dir='ltr'><strong>largiant</strong></span> <span class='ocrx_word' id='word_1_178' title='bbox 1604 560 1644 606; x_wconf 89' lang='lat' dir='ltr'><strong>ac</strong></span> <span class='ocrx_word' id='word_1_179' title='bbox 1679 546 1804 608; x_wconf 85' lang='lat' dir='ltr'><strong>certam</strong></span> 
     </span>
     <span class='ocr_line' id='line_1_42' title="bbox 1011 641 1803 719; baseline 0 -16"><span class='ocrx_word' id='word_1_180' title='bbox 1011 644 1220 718; x_wconf 88' lang='lat' dir='ltr'><strong>peccatorum</strong></span> <span class='ocrx_word' id='word_1_181' title='bbox 1242 642 1381 704; x_wconf 83' lang='lat' dir='ltr'><strong>lecimus</strong></span> <span class='ocrx_word' id='word_1_182' title='bbox 1406 641 1645 718; x_wconf 83' lang='lat' dir='ltr'><strong>indulgentiam</strong></span> <span class='ocrx_word' id='word_1_183' title='bbox 1672 641 1725 702; x_wconf 92' lang='lat' dir='ltr'><strong>bis</strong></span> <span class='ocrx_word' id='word_1_184' title='bbox 1746 642 1803 719; x_wconf 85' lang='lat' dir='ltr'><strong>qui</strong></span> 
     </span>
     <span class='ocr_line' id='line_1_43' title="bbox 1011 738 1804 816; baseline 0.004 -18"><span class='ocrx_word' id='word_1_185' title='bbox 1011 738 1060 798; x_wconf 90' lang='lat' dir='ltr'><strong>eis</strong></span> <span class='ocrx_word' id='word_1_186' title='bbox 1084 755 1217 800; x_wconf 89' lang='lat' dir='ltr'><strong>manum</strong></span> <span class='ocrx_word' id='word_1_187' title='bbox 1246 739 1457 816; x_wconf 84' lang='lat' dir='ltr'><strong>porrexerint</strong></span> <span class='ocrx_word' id='word_1_188' title='bbox 1487 740 1631 815; x_wconf 89' lang='lat' dir='ltr'><strong>pietatis.</strong></span> <span class='ocrx_word' id='word_1_189' title='bbox 1662 740 1804 816; x_wconf 84' lang='lat' dir='ltr'><strong>Ideoque</strong></span> 
     </span>
     <span class='ocr_line' id='line_1_44' title="bbox 1010 834 1804 898; baseline 0.001 -3"><span class='ocrx_word' id='word_1_190' title='bbox 1010 834 1252 898; x_wconf 83' lang='lat' dir='ltr'><strong>fraternitatem</strong></span> <span class='ocrx_word' id='word_1_191' title='bbox 1267 837 1412 898; x_wconf 79' lang='lat' dir='ltr'><strong>vestram</strong></span> <span class='ocrx_word' id='word_1_192' title='bbox 1434 836 1679 898; x_wconf 86' lang='lat' dir='ltr'><strong>sollicitandam</strong></span> <span class='ocrx_word' id='word_1_193' title='bbox 1701 837 1804 898; x_wconf 81' lang='lat' dir='ltr'><strong>duri-</strong></span> 
     </span>
     <span class='ocr_line' id='line_1_45' title="bbox 1011 934 1804 1011; baseline 0.004 -19"><span class='ocrx_word' id='word_1_194' title='bbox 1011 947 1084 993; x_wconf 89' lang='lat' dir='ltr'><strong>mus</strong></span> <span class='ocrx_word' id='word_1_195' title='bbox 1110 934 1144 994; x_wconf 86' lang='lat' dir='ltr'><strong>et</strong></span> <span class='ocrx_word' id='word_1_196' title='bbox 1169 935 1384 1006; x_wconf 89' lang='lat' dir='ltr'><strong>monendam,</strong></span> <span class='ocrx_word' id='word_1_197' title='bbox 1412 950 1471 1010; x_wconf 91' lang='lat' dir='ltr'><strong>per</strong></span> <span class='ocrx_word' id='word_1_198' title='bbox 1493 934 1681 1011; x_wconf 72' lang='lat' dir='ltr'><strong>apostolica</strong></span> <span class='ocrx_word' id='word_1_199' title='bbox 1710 934 1804 996; x_wconf 81' lang='lat' dir='ltr'><strong>vobis</strong></span> 
     </span>
     <span class='ocr_line' id='line_1_46' title="bbox 1010 1029 1805 1108; baseline 0.006 -20"><span class='ocrx_word' id='word_1_200' title='bbox 1010 1029 1134 1105; x_wconf 88' lang='lat' dir='ltr'><strong>scripta</strong></span> <span class='ocrx_word' id='word_1_201' title='bbox 1143 1031 1349 1102; x_wconf 85' lang='lat' dir='ltr'><strong>mandantes,</strong></span> <span class='ocrx_word' id='word_1_202' title='bbox 1363 1033 1527 1108; x_wconf 90' lang='lat' dir='ltr'><strong>quatenus</strong></span> <span class='ocrx_word' id='word_1_203' title='bbox 1541 1032 1666 1093; x_wconf 88' lang='lat' dir='ltr'><strong>eisdem</strong></span> <span class='ocrx_word' id='word_1_204' title='bbox 1679 1033 1805 1095; x_wconf 85' lang='lat' dir='ltr'><strong>nuntiis</strong></span> 
     </span>
     <span class='ocr_line' id='line_1_47' title="bbox 1011 1126 1803 1205; baseline 0.005 -18"><span class='ocrx_word' id='word_1_205' title='bbox 1011 1126 1140 1188; x_wconf 88' lang='lat' dir='ltr'><strong>litteras</strong></span> <span class='ocrx_word' id='word_1_206' title='bbox 1167 1130 1297 1189; x_wconf 87' lang='lat' dir='ltr'><strong>vestras</strong></span> <span class='ocrx_word' id='word_1_207' title='bbox 1322 1129 1443 1204; x_wconf 89' lang='lat' dir='ltr'><strong>singuli</strong></span> <span class='ocrx_word' id='word_1_208' title='bbox 1459 1145 1517 1205; x_wconf 88' lang='lat' dir='ltr'><strong>per</strong></span> <span class='ocrx_word' id='word_1_209' title='bbox 1540 1145 1618 1190; x_wconf 88' lang='lat' dir='ltr'><strong>suas</strong></span> <span class='ocrx_word' id='word_1_210' title='bbox 1642 1131 1803 1192; x_wconf 85' lang='lat' dir='ltr'><strong>dioecescs</strong></span> 
     </span>
     <span class='ocr_line' id='line_1_48' title="bbox 1011 1224 1806 1298; baseline 0.008 -15"><span class='ocrx_word' id='word_1_211' title='bbox 1011 1224 1201 1287; x_wconf 88' lang='lat' dir='ltr'><strong>concedatis</strong></span> <span class='ocrx_word' id='word_1_212' title='bbox 1215 1227 1344 1289; x_wconf 83' lang='lat' dir='ltr'><strong>vestros</strong></span> <span class='ocrx_word' id='word_1_213' title='bbox 1365 1225 1513 1287; x_wconf 87' lang='lat' dir='ltr'><strong>subditos</strong></span> <span class='ocrx_word' id='word_1_214' title='bbox 1528 1227 1749 1298; x_wconf 81' lang='lat' dir='ltr'><strong>exhortando,</strong></span> <span class='ocrx_word' id='word_1_215' title='bbox 1769 1231 1806 1290; x_wconf 86' lang='lat' dir='ltr'><strong>ut</strong></span> 
     </span>
     <span class='ocr_line' id='line_1_49' title="bbox 1011 1320 1805 1400; baseline 0.006 -19"><span class='ocrx_word' id='word_1_216' title='bbox 1011 1320 1052 1381; x_wconf 91' lang='lat' dir='ltr'><strong>ad</strong></span> <span class='ocrx_word' id='word_1_217' title='bbox 1066 1322 1297 1397; x_wconf 83' lang='lat' dir='ltr'><strong>exponendum</strong></span> <span class='ocrx_word' id='word_1_218' title='bbox 1312 1323 1434 1400; x_wconf 91' lang='lat' dir='ltr'><strong>populo</strong></span> <span class='ocrx_word' id='word_1_219' title='bbox 1454 1323 1584 1385; x_wconf 87' lang='lat' dir='ltr'><strong>litteras</strong></span> <span class='ocrx_word' id='word_1_220' title='bbox 1606 1325 1747 1396; x_wconf 87' lang='lat' dir='ltr'><strong>nostras,</strong></span> <span class='ocrx_word' id='word_1_221' title='bbox 1772 1328 1805 1387; x_wconf 88' lang='lat' dir='ltr'><strong>et</strong></span> 
     </span>
     <span class='ocr_line' id='line_1_50' title="bbox 1011 1418 1805 1497; baseline 0.005 -19"><span class='ocrx_word' id='word_1_222' title='bbox 1011 1418 1052 1478; x_wconf 86' lang='lat' dir='ltr'><strong>ad</strong></span> <span class='ocrx_word' id='word_1_223' title='bbox 1068 1419 1265 1495; x_wconf 84' lang='lat' dir='ltr'><strong>quaerendas</strong></span> <span class='ocrx_word' id='word_1_224' title='bbox 1278 1419 1506 1497; x_wconf 82' lang='lat' dir='ltr'><strong>eleemosynas</strong></span> <span class='ocrx_word' id='word_1_225' title='bbox 1517 1420 1552 1480; x_wconf 90' lang='lat' dir='ltr'><strong>iu</strong></span> <span class='ocrx_word' id='word_1_226' title='bbox 1567 1421 1718 1481; x_wconf 88' lang='lat' dir='ltr'><strong>ecclesiis</strong></span> <span class='ocrx_word' id='word_1_227' title='bbox 1734 1423 1805 1482; x_wconf 87' lang='lat' dir='ltr'><strong>suis</strong></span> 
     </span>
     <span class='ocr_line' id='line_1_51' title="bbox 1011 1514 1805 1605; baseline 0.005 -29"><span class='ocrx_word' id='word_1_228' title='bbox 1011 1514 1154 1592; x_wconf 88' lang='lat' dir='ltr'><strong>benigne</strong></span> <span class='ocrx_word' id='word_1_229' title='bbox 1163 1517 1326 1605; x_wconf 77' lang='lat' dir='ltr'><strong>recipiant</strong></span> <span class='ocrx_word' id='word_1_230' title='bbox 1334 1518 1468 1579; x_wconf 87' lang='lat' dir='ltr'><strong>nuntios</strong></span> <span class='ocrx_word' id='word_1_231' title='bbox 1479 1518 1673 1580; x_wconf 88' lang='lat' dir='ltr'><strong>antedictos.</strong></span> <span class='ocrx_word' id='word_1_232' title='bbox 1686 1520 1805 1580; x_wconf 87' lang='lat' dir='ltr'><strong>Datum</strong></span> 
     </span>
     <span class='ocr_line' id='line_1_52' title="bbox 1012 1613 1804 1688; baseline 0.004 -15"><span class='ocrx_word' id='word_1_233' title='bbox 1012 1613 1245 1685; x_wconf 87' lang='lat' dir='ltr'><strong>Laterani,XV</strong></span> <span class='ocrx_word' id='word_1_234' title='bbox 1255 1614 1417 1677; x_wconf 89' lang='lat' dir='ltr'><strong>kalendas</strong></span> <span class='ocrx_word' id='word_1_235' title='bbox 1431 1614 1602 1688; x_wconf 80' lang='lat' dir='ltr'><strong>februarii,</strong></span> <span class='ocrx_word' id='word_1_236' title='bbox 1611 1631 1804 1678; x_wconf 90' lang='lat' dir='ltr'><strong>annonono.</strong></span> 
     </span>
    </p>
   </div>
   <div class='ocr_carea' id='block_1_13' title="bbox 1239 1918 1479 2003">
    <p class='ocr_par' dir='ltr' id='par_1_24' title="bbox 1239 1918 1479 2003">
     <span class='ocr_line' id='line_1_53' title="bbox 1239 1918 1479 2003; baseline 0 0"><span class='ocrx_word' id='word_1_237' title='bbox 1239 1958 1242 1963; x_wconf 94' lang='lat'>·</span> <span class='ocrx_word' id='word_1_238' title='bbox 1343 1918 1479 2003; x_wconf 89' lang='lat' dir='ltr'>LXXV</span> 
     </span>
    </p>
   </div>
   <div class='ocr_carea' id='block_1_14' title="bbox 1046 2068 1771 2239">
    <p class='ocr_par' dir='ltr' id='par_1_25' title="bbox 1046 2068 1771 2239">
     <span class='ocr_line' id='line_1_54' title="bbox 1046 2068 1771 2142; baseline 0.004 -15"><span class='ocrx_word' id='word_1_239' title='bbox 1046 2068 1097 2127; x_wconf 81' lang='lat' dir='ltr'><strong>An</strong></span> <span class='ocrx_word' id='word_1_240' title='bbox 1110 2068 1265 2129; x_wconf 85' lang='lat' dir='ltr'><strong>abbatem</strong></span> <span class='ocrx_word' id='word_1_241' title='bbox 1278 2070 1484 2130; x_wconf 79' lang='lat' dir='ltr'><strong>ncortnstcrii</strong></span> <span class='ocrx_word' id='word_1_242' title='bbox 1498 2069 1617 2130; x_wconf 73' lang='lat' dir='ltr'><strong>Soracte·</strong></span> <span class='ocrx_word' id='word_1_243' title='bbox 1630 2072 1771 2142; x_wconf 82' lang='lat' dir='ltr'><strong>Hilarii,</strong></span> 
     </span>
     <span class='ocr_line' id='line_1_55' title="bbox 1256 2166 1559 2239; baseline -0.003 -14"><span class='ocrx_word' id='word_1_244' title='bbox 1256 2167 1397 2239; x_wconf 67' lang='lat' dir='ltr'><strong>mensque</strong></span> <span class='ocrx_word' id='word_1_245' title='bbox 1415 2166 1559 2238; x_wconf 61' lang='lat' dir='ltr'><strong>moires.</strong></span> 
     </span>
    </p>
   </div>
   <div class='ocr_carea' id='block_1_15' title="bbox 1253 2293 1559 2483">
    <p class='ocr_par' dir='ltr' id='par_1_26' title="bbox 1253 2293 1559 2483">
     <span class='ocr_line' id='line_1_56' title="bbox 1276 2293 1541 2354; baseline 0.004 -1"><span class='ocrx_word' id='word_1_246' title='bbox 1276 2295 1294 2353; x_wconf 79' lang='lat'>5</span> <span class='ocrx_word' id='word_1_247' title='bbox 1311 2293 1445 2354; x_wconf 78' lang='lat' dir='ltr'><strong>februarii</strong></span> <span class='ocrx_word' id='word_1_248' title='bbox 1462 2296 1541 2354; x_wconf 74' lang='lat'><strong>1223.</strong></span> 
     </span>
     <span class='ocr_line' id='line_1_57' title="bbox 1253 2416 1559 2483; baseline 0 -15"><span class='ocrx_word' id='word_1_249' title='bbox 1253 2417 1359 2482; x_wconf 70' lang='lat' dir='ltr'><strong>[Manui</strong></span> <span class='ocrx_word' id='word_1_250' title='bbox 1372 2418 1451 2476; x_wconf 74' lang='lat' dir='ltr'><strong>Cart..</strong></span> <span class='ocrx_word' id='word_1_251' title='bbox 1464 2420 1494 2478; x_wconf 84' lang='lat' dir='ltr'><strong>V,</strong></span> <span class='ocrx_word' id='word_1_252' title='bbox 1507 2416 1559 2483; x_wconf 67' lang='lat' dir='ltr'><strong>ii]</strong></span> 
     </span>
    </p>
   </div>
   <div class='ocr_carea' id='block_1_16' title="bbox 1012 2533 1807 2769">
    <p class='ocr_par' dir='ltr' id='par_1_27' title="bbox 1012 2533 1807 2769">
     <span class='ocr_line' id='line_1_58' title="bbox 1012 2533 1807 2610; baseline 0.004 -19"><span class='ocrx_word' id='word_1_253' title='bbox 1012 2534 1217 2592; x_wconf 85' lang='lat' dir='ltr'><strong>Monasterium</strong></span> <span class='ocrx_word' id='word_1_254' title='bbox 1237 2534 1266 2592; x_wconf 89' lang='lat' dir='ltr'><strong>S.</strong></span> <span class='ocrx_word' id='word_1_255' title='bbox 1283 2534 1384 2592; x_wconf 85' lang='lat' dir='ltr'><strong>Hilarii</strong></span> <span class='ocrx_word' id='word_1_256' title='bbox 1403 2549 1468 2592; x_wconf 89' lang='lat' dir='ltr'><strong>cum</strong></span> <span class='ocrx_word' id='word_1_257' title='bbox 1484 2533 1617 2593; x_wconf 90' lang='lat' dir='ltr'><strong>omnibus</strong></span> <span class='ocrx_word' id='word_1_258' title='bbox 1641 2537 1701 2593; x_wconf 90' lang='lat' dir='ltr'><strong>suis</strong></span> <span class='ocrx_word' id='word_1_259' title='bbox 1722 2538 1807 2610; x_wconf 87' lang='lat' dir='ltr'><strong>pcrti-</strong></span> 
     </span>
     <span class='ocr_line' id='line_1_59' title="bbox 1048 2623 1807 2700; baseline 0.005 -20"><span class='ocrx_word' id='word_1_260' title='bbox 1048 2624 1153 2681; x_wconf 88' lang='lat' dir='ltr'><strong>nentiis</strong></span> <span class='ocrx_word' id='word_1_261' title='bbox 1171 2623 1380 2698; x_wconf 86' lang='lat' dir='ltr'><strong>protegendum</strong></span> <span class='ocrx_word' id='word_1_262' title='bbox 1401 2625 1519 2697; x_wconf 89' lang='lat' dir='ltr'><strong>suscipit</strong></span> <span class='ocrx_word' id='word_1_263' title='bbox 1540 2624 1624 2697; x_wconf 85' lang='lat' dir='ltr'><strong>eique</strong></span> <span class='ocrx_word' id='word_1_264' title='bbox 1650 2626 1729 2698; x_wconf 89' lang='lat' dir='ltr'><strong>plura</strong></span> <span class='ocrx_word' id='word_1_265' title='bbox 1742 2626 1807 2700; x_wconf 75' lang='lat' dir='ltr'><strong>iura</strong></span> 
     </span>
     <span class='ocr_line' id='line_1_60' title="bbox 1047 2712 1154 2769; baseline -0.009 0"><span class='ocrx_word' id='word_1_266' title='bbox 1047 2712 1154 2769; x_wconf 87' lang='lat' dir='ltr'><strong>tribuit.</strong></span> 
     </span>
    </p>
   </div>
   <div class='ocr_carea' id='block_1_17' title="bbox 1009 2829 1808 3785">
    <p class='ocr_par' dir='ltr' id='par_1_28' title="bbox 1011 2829 1808 3392">
     <span class='ocr_line' id='line_1_61' title="bbox 1052 2829 1805 2907; baseline 0.004 -18"><span class='ocrx_word' id='word_1_267' title='bbox 1052 2830 1220 2891; x_wconf 87' lang='lat' dir='ltr'><strong>Honorius</strong></span> <span class='ocrx_word' id='word_1_268' title='bbox 1230 2829 1416 2907; x_wconf 90' lang='lat' dir='ltr'><strong>episcopus,</strong></span> <span class='ocrx_word' id='word_1_269' title='bbox 1427 2846 1544 2892; x_wconf 87' lang='lat' dir='ltr'><strong>servus</strong></span> <span class='ocrx_word' id='word_1_270' title='bbox 1554 2847 1726 2894; x_wconf 77' lang='lat' dir='ltr'><strong>servorum</strong></span> <span class='ocrx_word' id='word_1_271' title='bbox 1735 2833 1805 2905; x_wconf 88' lang='lat' dir='ltr'><strong>Dei,</strong></span> 
     </span>
     <span class='ocr_line' id='line_1_62' title="bbox 1012 2925 1805 3004; baseline 0.006 -19"><span class='ocrx_word' id='word_1_272' title='bbox 1012 2925 1142 2987; x_wconf 89' lang='lat' dir='ltr'><strong>dilectis</strong></span> <span class='ocrx_word' id='word_1_273' title='bbox 1157 2927 1236 2986; x_wconf 88' lang='lat' dir='ltr'><strong>tiliis</strong></span> <span class='ocrx_word' id='word_1_274' title='bbox 1255 2927 1406 3004; x_wconf 84' lang='lat' dir='ltr'><strong>Aiboyno</strong></span> <span class='ocrx_word' id='word_1_275' title='bbox 1428 2927 1539 2989; x_wconf 90' lang='lat' dir='ltr'><strong>abbati</strong></span> <span class='ocrx_word' id='word_1_276' title='bbox 1563 2930 1756 2991; x_wconf 90' lang='lat' dir='ltr'><strong>monasterii</strong></span> <span class='ocrx_word' id='word_1_277' title='bbox 1773 2932 1805 2991; x_wconf 90' lang='lat' dir='ltr'><strong>S.</strong></span> 
     </span>
     <span class='ocr_line' id='line_1_63' title="bbox 1012 3022 1808 3101; baseline 0.006 -18"><span class='ocrx_word' id='word_1_278' title='bbox 1012 3022 1240 3101; x_wconf 87' lang='lat' dir='ltr'><strong>Hilarii‚quod</strong></span> <span class='ocrx_word' id='word_1_279' title='bbox 1250 3025 1286 3083; x_wconf 92' lang='lat' dir='ltr'><strong>in</strong></span> <span class='ocrx_word' id='word_1_280' title='bbox 1295 3026 1553 3085; x_wconf 83' lang='lat' dir='ltr'><strong>carcassonensi</strong></span> <span class='ocrx_word' id='word_1_281' title='bbox 1564 3026 1698 3088; x_wconf 89' lang='lat' dir='ltr'><strong>dioecesi</strong></span> <span class='ocrx_word' id='word_1_282' title='bbox 1708 3028 1808 3088; x_wconf 91' lang='lat' dir='ltr'><strong>situm</strong></span> 
     </span>
     <span class='ocr_line' id='line_1_64' title="bbox 1012 3119 1806 3199; baseline 0.005 -19"><span class='ocrx_word' id='word_1_283' title='bbox 1012 3123 1061 3181; x_wconf 89' lang='lat' dir='ltr'><strong>est</strong></span> <span class='ocrx_word' id='word_1_284' title='bbox 1075 3119 1134 3199; x_wconf 88' lang='grc'>(1),</span> <span class='ocrx_word' id='word_1_285' title='bbox 1152 3124 1289 3198; x_wconf 88' lang='lat' dir='ltr'><strong>ejusque</strong></span> <span class='ocrx_word' id='word_1_286' title='bbox 1313 3120 1471 3182; x_wconf 87' lang='lat' dir='ltr'><strong>iratribus</strong></span> <span class='ocrx_word' id='word_1_287' title='bbox 1500 3124 1567 3183; x_wconf 90' lang='lat' dir='ltr'><strong>tam</strong></span> <span class='ocrx_word' id='word_1_288' title='bbox 1588 3123 1806 3199; x_wconf 90' lang='lat' dir='ltr'><strong>praesentibus</strong></span> 
     </span>
     <span class='ocr_line' id='line_1_65' title="bbox 1011 3218 1806 3298; baseline 0.006 -21"><span class='ocrx_word' id='word_1_289' title='bbox 1011 3234 1109 3295; x_wconf 88' lang='lat' dir='ltr'><strong>quam</strong></span> <span class='ocrx_word' id='word_1_290' title='bbox 1124 3218 1256 3291; x_wconf 82' lang='lat' dir='ltr'><strong>suturis,</strong></span> <span class='ocrx_word' id='word_1_291' title='bbox 1274 3219 1462 3296; x_wconf 86' lang='lat' dir='ltr'><strong>regularem</strong></span> <span class='ocrx_word' id='word_1_292' title='bbox 1478 3219 1580 3281; x_wconf 85' lang='lat' dir='ltr'><strong>vitam</strong></span> <span class='ocrx_word' id='word_1_293' title='bbox 1596 3220 1755 3298; x_wconf 81' lang='lat' dir='ltr'><strong>protessis</strong></span> <span class='ocrx_word' id='word_1_294' title='bbox 1771 3221 1806 3282; x_wconf 89' lang='lat' dir='ltr'><strong>in</strong></span> 
     </span>
     <span class='ocr_line' id='line_1_66' title="bbox 1011 3300 1654 3392; baseline 0.005 -17"><span class='ocrx_word' id='word_1_295' title='bbox 1011 3318 1219 3392; x_wconf 85' lang='lat' dir='ltr'><strong>perpetuum.</strong></span> <span class='ocrx_word' id='word_1_296' title='bbox 1650 3300 1654 3315; x_wconf 82' lang='grc'><em>’</em></span> 
     </span>
    </p>

    <p class='ocr_par' dir='ltr' id='par_1_29' title="bbox 1009 3413 1808 3785">
     <span class='ocr_line' id='line_1_67' title="bbox 1050 3413 1808 3492; baseline 0.005 -18"><span class='ocrx_word' id='word_1_297' title='bbox 1050 3413 1178 3474; x_wconf 87' lang='lat' dir='ltr'><strong>Vestris</strong></span> <span class='ocrx_word' id='word_1_298' title='bbox 1202 3414 1303 3492; x_wconf 87' lang='lat' dir='ltr'><strong>justis</strong></span> <span class='ocrx_word' id='word_1_299' title='bbox 1327 3413 1605 3490; x_wconf 87' lang='lat' dir='ltr'><strong>postulationibus</strong></span> <span class='ocrx_word' id='word_1_300' title='bbox 1627 3415 1808 3478; x_wconf 88' lang='lat' dir='ltr'><strong>clementer</strong></span> 
     </span>
     <span class='ocr_line' id='line_1_68' title="bbox 1011 3511 1805 3589; baseline 0.005 -17"><span class='ocrx_word' id='word_1_301' title='bbox 1011 3512 1200 3583; x_wconf 89' lang='lat' dir='ltr'><strong>annuimus,</strong></span> <span class='ocrx_word' id='word_1_302' title='bbox 1232 3514 1264 3574; x_wconf 88' lang='lat' dir='ltr'><strong>et</strong></span> <span class='ocrx_word' id='word_1_303' title='bbox 1292 3511 1466 3589; x_wconf 83' lang='lat' dir='ltr'><strong>praelatum</strong></span> <span class='ocrx_word' id='word_1_304' title='bbox 1504 3513 1744 3575; x_wconf 89' lang='lat' dir='ltr'><strong>monasterium</strong></span> <span class='ocrx_word' id='word_1_305' title='bbox 1771 3518 1805 3576; x_wconf 91' lang='lat' dir='ltr'><strong>S.</strong></span> 
     </span>
     <span class='ocr_line' id='line_1_69' title="bbox 1009 3608 1807 3688; baseline 0.008 -20"><span class='ocrx_word' id='word_1_306' title='bbox 1009 3609 1131 3669; x_wconf 89' lang='lat' dir='ltr'><strong>Hilarii</strong></span> <span class='ocrx_word' id='word_1_307' title='bbox 1147 3608 1207 3669; x_wconf 88' lang='lat' dir='ltr'><strong>sub</strong></span> <span class='ocrx_word' id='word_1_308' title='bbox 1222 3608 1311 3670; x_wconf 89' lang='lat' dir='ltr'><strong>beati</strong></span> <span class='ocrx_word' id='word_1_309' title='bbox 1325 3610 1416 3671; x_wconf 89' lang='lat' dir='ltr'><strong>Petri</strong></span> <span class='ocrx_word' id='word_1_310' title='bbox 1432 3613 1464 3672; x_wconf 86' lang='lat' dir='ltr'><strong>et</strong></span> <span class='ocrx_word' id='word_1_311' title='bbox 1476 3611 1590 3672; x_wconf 87' lang='lat' dir='ltr'><strong>nostra</strong></span> <span class='ocrx_word' id='word_1_312' title='bbox 1602 3612 1807 3688; x_wconf 90' lang='lat' dir='ltr'><strong>protectione</strong></span> 
     </span>
     <span class='ocr_line' id='line_1_70' title="bbox 1010 3706 1804 3785; baseline 0.004 -18"><span class='ocrx_word' id='word_1_313' title='bbox 1010 3706 1220 3783; x_wconf 87' lang='lat' dir='ltr'><strong>suscipimus,</strong></span> <span class='ocrx_word' id='word_1_314' title='bbox 1249 3709 1282 3768; x_wconf 91' lang='lat' dir='ltr'><strong>et</strong></span> <span class='ocrx_word' id='word_1_315' title='bbox 1302 3707 1477 3783; x_wconf 87' lang='lat' dir='ltr'><strong>praesentis</strong></span> <span class='ocrx_word' id='word_1_316' title='bbox 1497 3709 1611 3784; x_wconf 89' lang='lat' dir='ltr'><strong>scripti</strong></span> <span class='ocrx_word' id='word_1_317' title='bbox 1627 3708 1804 3785; x_wconf 84' lang='lat' dir='ltr'><strong>privilegio</strong></span> 
     </span>
    </p>
   </div>
   <div class='ocr_carea' id='block_1_18' title="bbox 986 3798 1805 3882">
    <p class='ocr_par' dir='ltr' id='par_1_30' title="bbox 986 3798 1805 3882">
     <span class='ocr_line' id='line_1_71' title="bbox 986 3798 1805 3882; baseline 0.002 -18"><span class='ocrx_word' id='word_1_318' title='bbox 986 3798 1302 3871; x_wconf 57' lang='lat' dir='ltr'><strong>communimus„</strong></span> <span class='ocrx_word' id='word_1_319' title='bbox 1331 3804 1551 3865; x_wconf 88' lang='lat' dir='ltr'><strong>statuentes...</strong></span> <span class='ocrx_word' id='word_1_320' title='bbox 1579 3820 1805 3882; x_wconf 88' lang='lat' dir='ltr'><strong>quascumque</strong></span> 
     </span>
    </p>
   </div>
   <div class='ocr_carea' id='block_1_19' title="bbox 1007 3900 1805 4370">
    <p class='ocr_par' dir='ltr' id='par_1_31' title="bbox 1007 3900 1805 4370">
     <span class='ocr_line' id='line_1_72' title="bbox 1009 3900 1805 3980; baseline 0.005 -18"><span class='ocrx_word' id='word_1_321' title='bbox 1009 3900 1274 3978; x_wconf 90' lang='lat' dir='ltr'><strong>possessiones...</strong></span> <span class='ocrx_word' id='word_1_322' title='bbox 1296 3900 1382 3961; x_wconf 88' lang='lat' dir='ltr'><strong>idem</strong></span> <span class='ocrx_word' id='word_1_323' title='bbox 1411 3902 1648 3962; x_wconf 88' lang='lat' dir='ltr'><strong>monasterium</strong></span> <span class='ocrx_word' id='word_1_324' title='bbox 1659 3904 1749 3980; x_wconf 84' lang='lat' dir='ltr'><strong>J‘uste</strong></span> <span class='ocrx_word' id='word_1_325' title='bbox 1765 3914 1805 3966; x_wconf 85' lang='lat' dir='ltr'><strong>ac</strong></span> 
     </span>
     <span class='ocr_line' id='line_1_73' title="bbox 1009 3996 1803 4079; baseline 0.005 -20"><span class='ocrx_word' id='word_1_326' title='bbox 1009 3998 1169 4060; x_wconf 91' lang='lat' dir='ltr'><strong>canonice</strong></span> <span class='ocrx_word' id='word_1_327' title='bbox 1184 3998 1380 4075; x_wconf 83' lang='lat' dir='ltr'><strong>possidet...</strong></span> <span class='ocrx_word' id='word_1_328' title='bbox 1395 3996 1491 4059; x_wconf 85' lang='lat' dir='ltr'><strong>drma</strong></span> <span class='ocrx_word' id='word_1_329' title='bbox 1507 3999 1599 4061; x_wconf 85' lang='lat' dir='ltr'><strong>vobis</strong></span> <span class='ocrx_word' id='word_1_330' title='bbox 1617 4001 1803 4079; x_wconf 77' lang='lat' dir='ltr'><strong>vestrisque</strong></span> 
     </span>
     <span class='ocr_line' id='line_1_74' title="bbox 1008 4095 1801 4173; baseline 0.006 -17"><span class='ocrx_word' id='word_1_331' title='bbox 1008 4096 1256 4157; x_wconf 89' lang='lat' dir='ltr'><strong>successoribus</strong></span> <span class='ocrx_word' id='word_1_332' title='bbox 1285 4096 1318 4157; x_wconf 91' lang='lat' dir='ltr'><strong>et</strong></span> <span class='ocrx_word' id='word_1_333' title='bbox 1345 4095 1474 4157; x_wconf 88' lang='lat' dir='ltr'><strong>illibata</strong></span> <span class='ocrx_word' id='word_1_334' title='bbox 1504 4099 1730 4173; x_wconf 88' lang='lat' dir='ltr'><strong>permaneant.</strong></span> <span class='ocrx_word' id='word_1_335' title='bbox 1763 4101 1801 4161; x_wconf 89' lang='lat' dir='ltr'><strong>ln</strong></span> 
     </span>
     <span class='ocr_line' id='line_1_75' title="bbox 1008 4192 1803 4272; baseline 0.005 -19"><span class='ocrx_word' id='word_1_336' title='bbox 1008 4192 1127 4269; x_wconf 87' lang='lat' dir='ltr'><strong>quibus</strong></span> <span class='ocrx_word' id='word_1_337' title='bbox 1152 4194 1224 4255; x_wconf 86' lang='lat' dir='ltr'><strong>haec</strong></span> <span class='ocrx_word' id='word_1_338' title='bbox 1250 4194 1394 4271; x_wconf 90' lang='lat' dir='ltr'><strong>propriis</strong></span> <span class='ocrx_word' id='word_1_339' title='bbox 1414 4193 1569 4255; x_wconf 83' lang='lat' dir='ltr'><strong>duximus</strong></span> <span class='ocrx_word' id='word_1_340' title='bbox 1585 4196 1803 4272; x_wconf 84' lang='lat' dir='ltr'><strong>exprimenda</strong></span> 
     </span>
     <span class='ocr_line' id='line_1_76' title="bbox 1007 4289 1803 4370; baseline 0.005 -18"><span class='ocrx_word' id='word_1_341' title='bbox 1007 4289 1178 4352; x_wconf 83' lang='lat' dir='ltr'><strong>vocabulis</strong></span> <span class='ocrx_word' id='word_1_342' title='bbox 1195 4312 1203 4350; x_wconf 72' lang='grc' dir='ltr'><strong><em>ε</em></strong></span> <span class='ocrx_word' id='word_1_343' title='bbox 1219 4292 1342 4353; x_wconf 89' lang='lat' dir='ltr'><strong>Locum</strong></span> <span class='ocrx_word' id='word_1_344' title='bbox 1360 4292 1467 4368; x_wconf 89' lang='lat' dir='ltr'><strong>ipsum</strong></span> <span class='ocrx_word' id='word_1_345' title='bbox 1486 4292 1603 4369; x_wconf 91' lang='lat' dir='ltr'><strong>inquo</strong></span> <span class='ocrx_word' id='word_1_346' title='bbox 1629 4293 1803 4370; x_wconf 83' lang='lat' dir='ltr'><strong>praelatum</strong></span> 
     </span>
    </p>
   </div>
   <div class='ocr_carea' id='block_1_20' title="bbox 119 4390 1804 5637">
    <p class='ocr_par' dir='ltr' id='par_1_32' title="bbox 154 4390 1804 4764">
     <span class='ocr_line' id='line_1_77' title="bbox 195 4390 1802 4469; baseline -0.004 -12"><span class='ocrx_word' id='word_1_347' title='bbox 195 4393 366 4457; x_wconf 85' lang='lat' dir='ltr'><strong>Honorius</strong></span> <span class='ocrx_word' id='word_1_348' title='bbox 376 4393 565 4469; x_wconf 87' lang='lat' dir='ltr'><strong>episcopus,</strong></span> <span class='ocrx_word' id='word_1_349' title='bbox 574 4407 690 4452; x_wconf 86' lang='lat' dir='ltr'><strong>servus</strong></span> <span class='ocrx_word' id='word_1_350' title='bbox 699 4406 870 4452; x_wconf 86' lang='lat' dir='ltr'><strong>servorum</strong></span> <span class='ocrx_word' id='word_1_351' title='bbox 880 4391 951 4462; x_wconf 86' lang='lat' dir='ltr'><strong>bei,</strong></span> <span class='ocrx_word' id='word_1_352' title='bbox 1008 4390 1246 4450; x_wconf 88' lang='lat' dir='ltr'><strong>monasterium</strong></span> <span class='ocrx_word' id='word_1_353' title='bbox 1262 4390 1363 4451; x_wconf 91' lang='lat' dir='ltr'><strong>situm</strong></span> <span class='ocrx_word' id='word_1_354' title='bbox 1389 4391 1451 4461; x_wconf 90' lang='lat' dir='ltr'><strong>est,</strong></span> <span class='ocrx_word' id='word_1_355' title='bbox 1473 4405 1547 4451; x_wconf 90' lang='lat' dir='ltr'><strong>cum</strong></span> <span class='ocrx_word' id='word_1_356' title='bbox 1564 4390 1716 4451; x_wconf 91' lang='lat' dir='ltr'><strong>omnibus</strong></span> <span class='ocrx_word' id='word_1_357' title='bbox 1732 4392 1802 4452; x_wconf 86' lang='lat' dir='ltr'><strong>suis</strong></span> 
     </span>
     <span class='ocr_line' id='line_1_78' title="bbox 155 4486 1800 4566; baseline -0.003 -12"><span class='ocrx_word' id='word_1_358' title='bbox 155 4490 405 4555; x_wconf 82' lang='lat' dir='ltr'><strong>venerabilibus</strong></span> <span class='ocrx_word' id='word_1_359' title='bbox 419 4487 616 4550; x_wconf 86' lang='lat' dir='ltr'><strong>iratribus...</strong></span> <span class='ocrx_word' id='word_1_360' title='bbox 629 4488 882 4565; x_wconf 85' lang='lat' dir='ltr'><strong>archiepiscopo</strong></span> <span class='ocrx_word' id='word_1_361' title='bbox 898 4490 954 4549; x_wconf 90' lang='lat' dir='ltr'><strong>Se·</strong></span> <span class='ocrx_word' id='word_1_362' title='bbox 1008 4486 1228 4562; x_wconf 88' lang='lat' dir='ltr'><strong>pertinentiis,</strong></span> <span class='ocrx_word' id='word_1_363' title='bbox 1255 4487 1411 4549; x_wconf 83' lang='lat' dir='ltr'><strong>videlicet</strong></span> <span class='ocrx_word' id='word_1_364' title='bbox 1439 4487 1538 4548; x_wconf 78' lang='lat' dir='ltr'><strong>uillas</strong></span> <span class='ocrx_word' id='word_1_365' title='bbox 1567 4487 1800 4566; x_wconf 86' lang='lat' dir='ltr'><strong>Campoliberi,</strong></span> 
     </span>
     <span class='ocr_line' id='line_1_79' title="bbox 156 4581 1802 4663; baseline -0.002 -13"><span class='ocrx_word' id='word_1_366' title='bbox 156 4589 299 4652; x_wconf 88' lang='lat' dir='ltr'><strong>nonensi</strong></span> <span class='ocrx_word' id='word_1_367' title='bbox 326 4591 359 4649; x_wconf 88' lang='lat' dir='ltr'><strong>et</strong></span> <span class='ocrx_word' id='word_1_368' title='bbox 384 4586 606 4662; x_wconf 74' lang='lat' dir='ltr'><strong>suffraganeis</strong></span> <span class='ocrx_word' id='word_1_369' title='bbox 633 4588 723 4662; x_wconf 77' lang='lat' dir='ltr'><strong>eJ&#39;us,</strong></span> <span class='ocrx_word' id='word_1_370' title='bbox 757 4586 953 4647; x_wconf 88' lang='lat' dir='ltr'><strong>salutemet</strong></span> <span class='ocrx_word' id='word_1_371' title='bbox 1008 4581 1244 4663; x_wconf 89' lang='lat' dir='ltr'><strong>(Cambieure),</strong></span> <span class='ocrx_word' id='word_1_372' title='bbox 1262 4587 1296 4645; x_wconf 90' lang='lat' dir='ltr'><strong>S.</strong></span> <span class='ocrx_word' id='word_1_373' title='bbox 1323 4584 1507 4653; x_wconf 87' lang='lat' dir='ltr'><strong>Saturnini,</strong></span> <span class='ocrx_word' id='word_1_374' title='bbox 1525 4585 1619 4646; x_wconf 90' lang='lat' dir='ltr'><strong>Podii</strong></span> <span class='ocrx_word' id='word_1_375' title='bbox 1647 4586 1802 4647; x_wconf 91' lang='lat' dir='ltr'><strong>Salomo-</strong></span> 
     </span>
     <span class='ocr_line' id='line_1_80' title="bbox 154 4672 1804 4764; baseline -0.003 -16"><span class='ocrx_word' id='word_1_376' title='bbox 154 4684 382 4764; x_wconf 72' lang='lat' dir='ltr'><strong>apostolicam</strong></span> <span class='ocrx_word' id='word_1_377' title='bbox 395 4682 672 4744; x_wconf 87' lang='lat' dir='ltr'><strong>benedictionem.</strong></span> <span class='ocrx_word' id='word_1_378' title='bbox 971 4672 974 4677; x_wconf 74' lang='grc'><strong><em>’</em></strong></span> <span class='ocrx_word' id='word_1_379' title='bbox 1007 4681 1070 4751; x_wconf 90' lang='lat' dir='ltr'><strong>nis,</strong></span> <span class='ocrx_word' id='word_1_380' title='bbox 1097 4680 1297 4753; x_wconf 85' lang='lat' dir='ltr'><strong>Corneliani,</strong></span> <span class='ocrx_word' id='word_1_381' title='bbox 1325 4682 1485 4751; x_wconf 84' lang='lat' dir='ltr'><strong>Benaciae,</strong></span> <span class='ocrx_word' id='word_1_382' title='bbox 1514 4682 1656 4753; x_wconf 84' lang='lat' dir='ltr'><strong>Gardiae,</strong></span> <span class='ocrx_word' id='word_1_383' title='bbox 1680 4684 1804 4743; x_wconf 83' lang='lat' dir='ltr'><strong>Caren-</strong></span> 
     </span>
    </p>

    <p class='ocr_par' dir='ltr' id='par_1_33' title="bbox 119 4775 1803 5637">
     <span class='ocr_line' id='line_1_81' title="bbox 195 4775 1803 4856; baseline -0.003 -11"><span class='ocrx_word' id='word_1_384' title='bbox 195 4781 411 4845; x_wconf 86' lang='lat' dir='ltr'><strong>Attendentes</strong></span> <span class='ocrx_word' id='word_1_385' title='bbox 434 4779 652 4841; x_wconf 87' lang='lat' dir='ltr'><strong>humanitatis</strong></span> <span class='ocrx_word' id='word_1_386' title='bbox 680 4778 798 4840; x_wconf 88' lang='lat' dir='ltr'><strong>solatia</strong></span> <span class='ocrx_word' id='word_1_387' title='bbox 823 4794 896 4855; x_wconf 89' lang='lat' dir='ltr'><strong>quae</strong></span> <span class='ocrx_word' id='word_1_388' title='bbox 917 4778 951 4839; x_wconf 92' lang='lat' dir='ltr'><strong>in</strong></span> <span class='ocrx_word' id='word_1_389' title='bbox 1007 4777 1101 4849; x_wconf 89' lang='lat' dir='ltr'><strong>tiani,</strong></span> <span class='ocrx_word' id='word_1_390' title='bbox 1116 4775 1299 4856; x_wconf 84' lang='lat' dir='ltr'><strong>(Crausse),</strong></span> <span class='ocrx_word' id='word_1_391' title='bbox 1312 4778 1716 4856; x_wconf 83' lang='lat' dir='ltr'><strong>Caprariae,Villaebasini,</strong></span> <span class='ocrx_word' id='word_1_392' title='bbox 1729 4780 1803 4841; x_wconf 85' lang='lat' dir='ltr'><strong>Vil-</strong></span> 
     </span>
     <span class='ocr_line' id='line_1_82' title="bbox 155 4874 1799 4957; baseline -0.002 -15"><span class='ocrx_word' id='word_1_393' title='bbox 155 4879 323 4957; x_wconf 87' lang='lat' dir='ltr'><strong>Hospitali</strong></span> <span class='ocrx_word' id='word_1_394' title='bbox 338 4878 451 4940; x_wconf 88' lang='lat' dir='ltr'><strong>Sancti</strong></span> <span class='ocrx_word' id='word_1_395' title='bbox 465 4876 627 4940; x_wconf 89' lang='lat' dir='ltr'><strong>Bernardi</strong></span> <span class='ocrx_word' id='word_1_396' title='bbox 641 4876 762 4937; x_wconf 90' lang='lat' dir='ltr'><strong>montis</strong></span> <span class='ocrx_word' id='word_1_397' title='bbox 776 4876 868 4938; x_wconf 82' lang='lat' dir='ltr'><strong>lovis</strong></span> <span class='ocrx_word' id='word_1_398' title='bbox 883 4877 951 4937; x_wconf 90' lang='lat' dir='ltr'><strong>tam</strong></span> <span class='ocrx_word' id='word_1_399' title='bbox 1006 4875 1087 4936; x_wconf 90' lang='lat' dir='ltr'><strong>laris</strong></span> <span class='ocrx_word' id='word_1_400' title='bbox 1116 4875 1156 4935; x_wconf 88' lang='lat' dir='ltr'><strong>de</strong></span> <span class='ocrx_word' id='word_1_401' title='bbox 1191 4874 1282 4936; x_wconf 88' lang='lat' dir='ltr'><strong>Bella</strong></span> <span class='ocrx_word' id='word_1_402' title='bbox 1308 4875 1586 4956; x_wconf 83' lang='lat' dir='ltr'><strong>(Villardebelle),</strong></span> <span class='ocrx_word' id='word_1_403' title='bbox 1615 4877 1799 4951; x_wconf 80' lang='lat' dir='ltr'><strong>Ferrarius,</strong></span> 
     </span>
     <span class='ocr_line' id='line_1_83' title="bbox 155 4970 1801 5057; baseline -0.002 -18"><span class='ocrx_word' id='word_1_404' title='bbox 155 4970 247 5039; x_wconf 87' lang='lat' dir='ltr'><strong>sanis</strong></span> <span class='ocrx_word' id='word_1_405' title='bbox 266 4992 364 5057; x_wconf 85' lang='lat' dir='ltr'><strong>quam</strong></span> <span class='ocrx_word' id='word_1_406' title='bbox 386 4975 548 5047; x_wconf 74' lang='lat' dir='ltr'><strong>infirmis,</strong></span> <span class='ocrx_word' id='word_1_407' title='bbox 576 4974 645 5036; x_wconf 89' lang='lat' dir='ltr'><strong>tam</strong></span> <span class='ocrx_word' id='word_1_408' title='bbox 670 4973 827 5035; x_wconf 89' lang='lat' dir='ltr'><strong>divitibus</strong></span> <span class='ocrx_word' id='word_1_409' title='bbox 852 4989 951 5050; x_wconf 89' lang='lat' dir='ltr'><strong>quam</strong></span> <span class='ocrx_word' id='word_1_410' title='bbox 1006 4972 1134 5045; x_wconf 83' lang='lat' dir='ltr'><strong>Garris,</strong></span> <span class='ocrx_word' id='word_1_411' title='bbox 1149 4973 1352 5046; x_wconf 88' lang='lat' dir='ltr'><strong>Nidolarias,</strong></span> <span class='ocrx_word' id='word_1_412' title='bbox 1378 4975 1585 5046; x_wconf 77' lang='lat' dir='ltr'><strong>cocciacum,</strong></span> <span class='ocrx_word' id='word_1_413' title='bbox 1601 4991 1675 5035; x_wconf 90' lang='lat' dir='ltr'><strong>cum</strong></span> <span class='ocrx_word' id='word_1_414' title='bbox 1690 4975 1801 5036; x_wconf 90' lang='lat' dir='ltr'><strong>eccle-</strong></span> 
     </span>
     <span class='ocr_line' id='line_1_84' title="bbox 154 5068 1802 5153; baseline -0.001 -17"><span class='ocrx_word' id='word_1_415' title='bbox 154 5074 358 5153; x_wconf 89' lang='lat' dir='ltr'><strong>pauperibus</strong></span> <span class='ocrx_word' id='word_1_416' title='bbox 382 5072 508 5150; x_wconf 89' lang='lat' dir='ltr'><strong>jugiter</strong></span> <span class='ocrx_word' id='word_1_417' title='bbox 534 5070 751 5139; x_wconf 77' lang='lat' dir='ltr'><strong>exhibentur,</strong></span> <span class='ocrx_word' id='word_1_418' title='bbox 777 5070 891 5131; x_wconf 86' lang='lat' dir='ltr'><strong>fideles</strong></span> <span class='ocrx_word' id='word_1_419' title='bbox 915 5072 951 5131; x_wconf 92' lang='lat' dir='ltr'><strong>in</strong></span> <span class='ocrx_word' id='word_1_420' title='bbox 1005 5068 1076 5142; x_wconf 88' lang='lat' dir='ltr'><strong>siis,</strong></span> <span class='ocrx_word' id='word_1_421' title='bbox 1093 5070 1230 5131; x_wconf 89' lang='lat' dir='ltr'><strong>decimis</strong></span> <span class='ocrx_word' id='word_1_422' title='bbox 1255 5073 1288 5131; x_wconf 91' lang='lat' dir='ltr'><strong>et</strong></span> <span class='ocrx_word' id='word_1_423' title='bbox 1302 5071 1454 5132; x_wconf 90' lang='lat' dir='ltr'><strong>omnibus</strong></span> <span class='ocrx_word' id='word_1_424' title='bbox 1478 5072 1519 5132; x_wconf 88' lang='lat' dir='ltr'><strong>ad</strong></span> <span class='ocrx_word' id='word_1_425' title='bbox 1540 5071 1672 5132; x_wconf 89' lang='lat' dir='ltr'><strong>easdem</strong></span> <span class='ocrx_word' id='word_1_426' title='bbox 1692 5073 1802 5134; x_wconf 89' lang='lat' dir='ltr'><strong>eccle·</strong></span> 
     </span>
     <span class='ocr_line' id='line_1_85' title="bbox 156 5166 1799 5247; baseline -0.002 -12"><span class='ocrx_word' id='word_1_427' title='bbox 156 5171 341 5235; x_wconf 90' lang='lat' dir='ltr'><strong>Senonensi</strong></span> <span class='ocrx_word' id='word_1_428' title='bbox 356 5170 528 5247; x_wconf 84' lang='lat' dir='ltr'><strong>prouincia</strong></span> <span class='ocrx_word' id='word_1_429' title='bbox 539 5169 736 5230; x_wconf 89' lang='lat' dir='ltr'><strong>constitutos</strong></span> <span class='ocrx_word' id='word_1_430' title='bbox 748 5182 807 5246; x_wconf 88' lang='lat' dir='ltr'><strong>per</strong></span> <span class='ocrx_word' id='word_1_431' title='bbox 819 5170 950 5230; x_wconf 89' lang='lat' dir='ltr'><strong>nostras</strong></span> <span class='ocrx_word' id='word_1_432' title='bbox 1005 5167 1072 5227; x_wconf 89' lang='lat' dir='ltr'><strong>sias</strong></span> <span class='ocrx_word' id='word_1_433' title='bbox 1087 5166 1329 5244; x_wconf 85' lang='lat' dir='ltr'><strong>pertinentibus</strong></span> <span class='ocrx_word' id='word_1_434' title='bbox 1347 5189 1354 5228; x_wconf 85' lang='lat' dir='ltr'><strong>t</strong></span> <span class='ocrx_word' id='word_1_435' title='bbox 1370 5168 1546 5229; x_wconf 87' lang='lat' dir='ltr'><strong>ecclesiam</strong></span> <span class='ocrx_word' id='word_1_436' title='bbox 1560 5170 1596 5229; x_wconf 91' lang='lat' dir='ltr'><strong>B.</strong></span> <span class='ocrx_word' id='word_1_437' title='bbox 1621 5168 1736 5230; x_wconf 86' lang='lat' dir='ltr'><strong>Mariae</strong></span> <span class='ocrx_word' id='word_1_438' title='bbox 1758 5169 1799 5231; x_wconf 87' lang='lat' dir='ltr'><strong>de</strong></span> 
     </span>
     <span class='ocr_line' id='line_1_86' title="bbox 156 5258 1799 5341; baseline -0.002 -10"><span class='ocrx_word' id='word_1_439' title='bbox 156 5268 348 5331; x_wconf 78' lang='lat' dir='ltr'><strong>curarimus</strong></span> <span class='ocrx_word' id='word_1_440' title='bbox 362 5267 491 5328; x_wconf 85' lang='lat' dir='ltr'><strong>litteras</strong></span> <span class='ocrx_word' id='word_1_441' title='bbox 507 5265 690 5335; x_wconf 82' lang='lat' dir='ltr'><strong>exhortari,</strong></span> <span class='ocrx_word' id='word_1_442' title='bbox 706 5268 740 5327; x_wconf 90' lang='lat' dir='ltr'><strong>et</strong></span> <span class='ocrx_word' id='word_1_443' title='bbox 759 5266 808 5326; x_wconf 89' lang='lat' dir='ltr'><strong>eis</strong></span> <span class='ocrx_word' id='word_1_444' title='bbox 829 5264 865 5326; x_wconf 91' lang='lat' dir='ltr'><strong>in</strong></span> <span class='ocrx_word' id='word_1_445' title='bbox 890 5282 949 5326; x_wconf 91' lang='lat' dir='ltr'><strong>re·</strong></span> <span class='ocrx_word' id='word_1_446' title='bbox 1004 5264 1276 5336; x_wconf 69' lang='lat' dir='ltr'><strong>terenciacum</strong></span> <span class='ocrx_word' id='word_1_447' title='bbox 1301 5266 1394 5341; x_wconf 90' lang='lat' dir='ltr'><strong>parte</strong></span> <span class='ocrx_word' id='word_1_448' title='bbox 1409 5258 1508 5335; x_wconf 83' lang='lat' dir='ltr'><strong>villae,</strong></span> <span class='ocrx_word' id='word_1_449' title='bbox 1534 5265 1648 5325; x_wconf 83' lang='lat' dir='ltr'><strong>villam</strong></span> <span class='ocrx_word' id='word_1_450' title='bbox 1663 5267 1799 5328; x_wconf 85' lang='lat' dir='ltr'><strong>Vennu-</strong></span> 
     </span>
     <span class='ocr_line' id='line_1_87' title="bbox 156 5357 1798 5442; baseline -0.001 -14"><span class='ocrx_word' id='word_1_451' title='bbox 156 5367 349 5428; x_wconf 89' lang='lat' dir='ltr'><strong>missionem</strong></span> <span class='ocrx_word' id='word_1_452' title='bbox 364 5363 570 5442; x_wconf 82' lang='lat' dir='ltr'><strong>injunximus</strong></span> <span class='ocrx_word' id='word_1_453' title='bbox 586 5366 806 5439; x_wconf 89' lang='lat' dir='ltr'><strong>peccatorum,</strong></span> <span class='ocrx_word' id='word_1_454' title='bbox 820 5365 951 5424; x_wconf 90' lang='lat' dir='ltr'><strong>utnun·</strong></span> <span class='ocrx_word' id='word_1_455' title='bbox 1005 5362 1138 5422; x_wconf 89' lang='lat' dir='ltr'><strong>cianum</strong></span> <span class='ocrx_word' id='word_1_456' title='bbox 1163 5360 1373 5441; x_wconf 88' lang='lat' dir='ltr'><strong>(Benansse),</strong></span> <span class='ocrx_word' id='word_1_457' title='bbox 1398 5362 1513 5422; x_wconf 86' lang='lat' dir='ltr'><strong>villam</strong></span> <span class='ocrx_word' id='word_1_458' title='bbox 1529 5364 1562 5422; x_wconf 89' lang='lat' dir='ltr'><strong>S.</strong></span> <span class='ocrx_word' id='word_1_459' title='bbox 1580 5357 1700 5423; x_wconf 77' lang='lat' dir='ltr'><strong>Hilarii</strong></span> <span class='ocrx_word' id='word_1_460' title='bbox 1723 5381 1798 5427; x_wconf 92' lang='lat' dir='ltr'><strong>cum</strong></span> 
     </span>
     <span class='ocr_line' id='line_1_88' title="bbox 119 5459 1798 5541; baseline -0.001 -15"><span class='ocrx_word' id='word_1_461' title='bbox 119 5478 124 5483; x_wconf 84' lang='lat'><strong>·</strong></span> <span class='ocrx_word' id='word_1_462' title='bbox 154 5464 211 5526; x_wconf 92' lang='lat' dir='ltr'><strong>tiis</strong></span> <span class='ocrx_word' id='word_1_463' title='bbox 221 5461 371 5541; x_wconf 80' lang='lat' dir='ltr'><strong>eJusdem</strong></span> <span class='ocrx_word' id='word_1_464' title='bbox 384 5461 577 5538; x_wconf 71' lang='lat' dir='ltr'><strong>Hospitalis</strong></span> <span class='ocrx_word' id='word_1_465' title='bbox 590 5476 665 5521; x_wconf 91' lang='lat' dir='ltr'><strong>cum</strong></span> <span class='ocrx_word' id='word_1_466' title='bbox 678 5460 719 5522; x_wconf 89' lang='lat' dir='ltr'><strong>ad</strong></span> <span class='ocrx_word' id='word_1_467' title='bbox 733 5476 790 5521; x_wconf 91' lang='lat' dir='ltr'><strong>eos</strong></span> <span class='ocrx_word' id='word_1_468' title='bbox 803 5474 950 5522; x_wconf 88' lang='lat' dir='ltr'><strong>accesse-</strong></span> <span class='ocrx_word' id='word_1_469' title='bbox 1004 5459 1166 5531; x_wconf 88' lang='lat' dir='ltr'><strong>ecclesiis,</strong></span> <span class='ocrx_word' id='word_1_470' title='bbox 1186 5459 1345 5520; x_wconf 86' lang='lat' dir='ltr'><strong>ecclesias</strong></span> <span class='ocrx_word' id='word_1_471' title='bbox 1362 5461 1394 5519; x_wconf 91' lang='lat' dir='ltr'><strong>S.</strong></span> <span class='ocrx_word' id='word_1_472' title='bbox 1407 5459 1522 5520; x_wconf 79' lang='lat' dir='ltr'><strong>Marias</strong></span> <span class='ocrx_word' id='word_1_473' title='bbox 1533 5459 1574 5520; x_wconf 90' lang='lat' dir='ltr'><strong>de</strong></span> <span class='ocrx_word' id='word_1_474' title='bbox 1588 5460 1677 5522; x_wconf 90' lang='lat' dir='ltr'><strong>Mala</strong></span> <span class='ocrx_word' id='word_1_475' title='bbox 1688 5462 1798 5525; x_wconf 74' lang='lat' dir='ltr'><strong>(larda</strong></span> 
     </span>
     <span class='ocr_line' id='line_1_89' title="bbox 155 5555 1798 5637; baseline -0.001 -14"><span class='ocrx_word' id='word_1_476' title='bbox 155 5562 235 5629; x_wconf 90' lang='lat' dir='ltr'><strong>rint,</strong></span> <span class='ocrx_word' id='word_1_477' title='bbox 246 5560 476 5637; x_wconf 91' lang='lat' dir='ltr'><strong>eleemosynas</strong></span> <span class='ocrx_word' id='word_1_478' title='bbox 485 5558 632 5635; x_wconf 86' lang='lat' dir='ltr'><strong>petituri,</strong></span> <span class='ocrx_word' id='word_1_479' title='bbox 642 5557 791 5621; x_wconf 87' lang='lat' dir='ltr'><strong>caritatis</strong></span> <span class='ocrx_word' id='word_1_480' title='bbox 801 5556 948 5620; x_wconf 89' lang='lat' dir='ltr'><strong>subsidio</strong></span> <span class='ocrx_word' id='word_1_481' title='bbox 1004 5560 1036 5618; x_wconf 92' lang='lat' dir='ltr'><strong>et</strong></span> <span class='ocrx_word' id='word_1_482' title='bbox 1059 5559 1092 5619; x_wconf 87' lang='lat' dir='ltr'><strong>S.</strong></span> <span class='ocrx_word' id='word_1_483' title='bbox 1109 5556 1245 5619; x_wconf 87' lang='lat' dir='ltr'><strong>Martini</strong></span> <span class='ocrx_word' id='word_1_484' title='bbox 1266 5556 1306 5618; x_wconf 92' lang='lat' dir='ltr'><strong>de</strong></span> <span class='ocrx_word' id='word_1_485' title='bbox 1333 5555 1480 5629; x_wconf 82' lang='lat' dir='ltr'><strong>Limosa,</strong></span> <span class='ocrx_word' id='word_1_486' title='bbox 1504 5572 1578 5618; x_wconf 90' lang='lat' dir='ltr'><strong>cum</strong></span> <span class='ocrx_word' id='word_1_487' title='bbox 1603 5557 1743 5621; x_wconf 90' lang='lat' dir='ltr'><strong>decimis</strong></span> <span class='ocrx_word' id='word_1_488' title='bbox 1766 5562 1798 5622; x_wconf 91' lang='lat' dir='ltr'><strong>et</strong></span> 
     </span>
    </p>
   </div>
   <div class='ocr_carea' id='block_1_21' title="bbox 190 5706 668 5783">
    <p class='ocr_par' dir='ltr' id='par_1_34' title="bbox 190 5706 668 5783">
     <span class='ocr_line' id='line_1_90' title="bbox 190 5706 668 5783; baseline -0.01 -16"><span class='ocrx_word' id='word_1_489' title='bbox 190 5710 230 5783; x_wconf 89' lang='lat' dir='ltr'><strong>(l)</strong></span> <span class='ocrx_word' id='word_1_490' title='bbox 246 5709 275 5767; x_wconf 90' lang='lat' dir='ltr'><strong>S.</strong></span> <span class='ocrx_word' id='word_1_491' title='bbox 297 5706 403 5767; x_wconf 85' lang='lat' dir='ltr'><strong>ililaire</strong></span> <span class='ocrx_word' id='word_1_492' title='bbox 416 5706 453 5765; x_wconf 88' lang='lat' dir='ltr'><strong>de</strong></span> <span class='ocrx_word' id='word_1_493' title='bbox 464 5707 668 5767; x_wconf 74' lang='lat' dir='ltr'><strong>carcassonne.</strong></span> 
     </span>
    </p>
   </div>
   <div class='ocr_carea' id='block_1_22' title="bbox 0 0 1970 6197">
    <p class='ocr_par' dir='ltr' id='par_1_35' title="bbox 0 0 1970 6197">
     <span class='ocr_line' id='line_1_91' title="bbox 0 0 1970 6197; baseline 0 0"><span class='ocrx_word' id='word_1_494' title='bbox 0 0 1970 6197; x_wconf 95' lang='lat' dir='ltr'><strong> </strong></span> 
     </span>
    </p>
   </div>
  </div>
 </body>
</html>
