4014 6224
213 284 256 346 99
831 284 1075 347 naitonum
1095 285 1244 348 OPERA.
1799 288 1859 350 100

215 445 246 507 sl
270 445 350 507 laici
371 444 506 518 inemut,
534 442 666 522 publice
685 443 833 507 candelis
855 444 1007 507 accensis
1060 442 1182 506 iratres
1194 443 1399 520 etlcerenou
1413 443 1581 517 verentur,
1601 460 1677 508 oum
1694 443 1859 511 noemam

214 533 571 596 excommunicationis
597 533 763 596 sententia
795 533 1005 610 percellatis,
1061 555 1119 602 eos
1143 540 1288 616 henigne
1311 555 1351 602 ac
1371 541 1537 617 patienter
1557 541 1676 603 andire
1693 544 1727 605 et
1749 558 1856 620 paro·

215 633 245 694 si
265 646 346 692 vero
365 630 518 692 canonici
539 630 722 707 regulares,
739 630 792 691 vel
808 629 933 703 clerici,
948 645 1007 692 seu
1061 637 1200 699 chianos
1224 653 1302 699 snos
1334 637 1376 699 ad
1404 638 1622 700 conterendas
1654 640 1856 718 pauperihus

213 728 370 791 monachi
393 728 527 800 luerint,
540 743 609 799 eos,
625 727 847 805 appellatione
866 731 1004 801 remota,
1061 733 1289 811 eleemosynas
1317 734 1477 796 attentius
1504 736 1688 797 exhortari.
1719 736 1856 799 Accedit

214 825 376 889 ahotlicio
391 826 425 887 et
439 824 835 903 henetlciosuspendatis,
855 826 1006 888 neutram
1061 829 1103 891 ad
1128 830 1211 903 haec,
1235 830 1320 908 qruod
1349 830 1450 893 iidem
1476 832 1660 909 presbyteri
1680 834 1857 910 qnamdam

214 923 399 986 relaxaturi
416 923 614 985 sententiam
630 922 735 984 donec
751 922 1005 1000 praedictislra·
1062 927 1188 1004 paream
1209 928 1495 1005 eleemosynarnm
1512 944 1694 1006 pauperum
1716 931 1858 1006 exigunt

213 1021 321 1083 trihus
343 1021 493 1098 plenarie
521 1019 749 1096 satisfaciant3
776 1021 810 1082 et
833 1021 901 1081 tam
927 1020 1006 1081 laici
1062 1024 1282 1102 impudenter,
1307 1026 1350 1097 et,
1367 1026 1404 1087 nt
1417 1026 1545 1102 possint
1558 1029 1757 1104 extorquere
1769 1027 1857 1105 quod

214 1116 1007 1197 quamclericisaecularesquiproviolentama·
1061 1124 1223 1199 quaerunt,
1253 1120 1466 1198 parochianis
1496 1123 1567 1184 suis
1594 1122 1858 1186 reclamantibus

214 1232 318 1299 nuum
338 1217 519 1294 injectione
533 1215 755 1278 anathematis
775 1215 909 1303 uinculo
933 1213 1007 1277 iue-
1061 1232 1247 1296 pauperum
1260 1220 1697 1298 obsequiumimpedirepro
1711 1236 1857 1283 suaevo-

213 1311 1004 1393 rintinnodati,cumdioecesaniepiscopilitteris,
1061 1316 1199 1378 luntatis
1214 1316 1353 1379 arbitrio
1368 1331 1434 1378 non
1448 1317 1636 1379 formidant.
1652 1316 1758 1391 Unde,
1771 1332 1859 1396 qno-

213 1411 255 1473 ad
277 1410 394 1473 Sedem
411 1411 634 1488 apostolicam
646 1411 818 1472 venientes
833 1409 875 1471 ab
889 1410 1005 1473 eodem
1061 1411 1151 1473 niam
1173 1413 1302 1474 tantum
1323 1413 1556 1491 predictorum
1576 1413 1715 1475 fratrum
1730 1430 1857 1491 grara-

212 1507 348 1570 uinculo
363 1507 554 1571 mereantur
567 1506 708 1568 absolvi.
720 1505 825 1568 Villas
840 1506 1005 1578 autem,in
1060 1523 1133 1571 men
1159 1511 1192 1571 et
1205 1525 1388 1588 pauperum
1410 1509 1619 1587 dispendium
1639 1510 1763 1572 clausis
1787 1527 1856 1573 non

212 1605 331 1684 quihus
349 1605 437 1666 bona
452 1604 685 1683 praedictorum
706 1602 846 1665 fratrum
860 1603 914 1664 rel
938 1603 1005 1665 ho·-
1060 1604 1216 1667 dehemus
1231 1607 1338 1668 oculis
1358 1608 1574 1684 pertransire,
1592 1608 1712 1685 curtius
1729 1624 1773 1670 ex
1796 1607 1860 1671 de-

212 1703 338 1764 minum
352 1718 487 1764 suornm
502 1717 561 1778 per
574 1700 767 1763 violentiam
788 1700 920 1763 detenta
938 1700 1006 1761 lhe-
1059 1701 1129 1765 hito
1141 1704 1318 1779 pastoralis
1338 1703 1439 1766 olilcii
1463 1704 1685 1781 patrocinium
1703 1707 1861 1767 tenemur

153 1834 159 1843 ·
211 1800 291 1873 rint,
311 1798 467 1878 quamdin
483 1799 529 1860 lbi
544 1800 631 1870 sunt,
645 1798 815 1860 interdicti
833 1799 1005 1865 sententias
1060 1802 1173 1862 contra
1189 1801 1337 1861 omnium
1354 1801 1566 1863 insolentiam
1582 1801 1761 1878 impertiri,
1778 1802 1861 1862 uni-

212 1898 418 1979 supponatis.
446 1897 564 1959 Datum
595 1895 763 1968 Laterani,
789 1897 821 1956 X
844 1894 1006 1957 kalendas
1059 1897 1340 1960 versitatirestrae
1354 1914 1415 1975 per
1428 1898 1617 1975 Apostolica
1630 1899 1753 1976 scripta
1765 1914 1861 1960 man·

211 1994 335 2067 martit,
349 1993 561 2073 pontificatus
576 1994 683 2056 nostri
697 2008 786 2055 anno
798 1992 903 2055 sexto.
1060 1993 1176 2055 damus
1186 1996 1285 2072 atque
1293 1996 1516 2072 praecipimus,
1525 1997 1681 2073 quatinus
1689 1997 1860 2058 uniuersis

250 2120 426 2194 sumptum
456 2119 510 2181 est
542 2121 580 2179 tn
612 2122 769 2180 eumaem
799 2120 941 2179 modum
971 2117 1005 2179 εἰ
1059 2091 1263 2170 preshyteris
1285 2093 1405 2154 vestras
1431 2093 1586 2170 potestati
1609 2092 1767 2171 subjectis
1794 2092 1859 2155 suh

211 2220 329 2280 eodem
352 2220 408 2278 dte
434 2216 476 2277 ad
505 2215 683 2292 Siglridum
718 2214 1005 2291 archiepiscopum
1060 2204 1158 2266 loena
1176 2188 1278 2251 Officii
1297 2192 1331 2252 0¹
1350 2188 1503 2252 beneficti
1521 2187 1719 2270 [amistfflldi]
1734 2184 1859 2268 injun-

210 2312 1005 2391 Magunfinum‚suffraganeogejugafiosqueec,
1058 2286 1387 2363 gatis,utpraediotos
1396 2285 1517 2348 trah-es
1527 2288 1562 2347 in
1571 2286 1722 2349 ecclesiis
1732 2288 1803 2348 suis
1812 2287 1858 2348 ad

210 2411 388 2474 elegiarum
419 2410 575 2487 praepawg
614 2425 674 2487 per
714 2410 1004 2486 Magunfinensem
1059 2398 1142 2460 opus
1154 2399 1332 2461 pauperum
1344 2383 1526 2461 praedicare
1535 2386 1567 2447 et
1577 2385 1805 2461 eleemosynas
1816 2385 1859 2445 li-

211 2508 418 2586 provlncjam
448 2508 655 2579 constitutos,
679 2510 716 2569 ut
749 2506 901 2569 abbatem
930 2506 1003 2569 sm,
1059 2480 1860 2558 herequarerejuxtaquodeisduximusindnl-

210 2609 344 2683 tresque
367 2605 561 2667 massarii
584 2606 624 2667 (10
643 2603 786 2666 scondal
803 2602 1002 2686 (scoenthal)
1058 2576 1201 2653 gelidum
1214 2577 1860 2655 sinequalibetcontradictieneperm’rt-

213 2703 340 2769 (minis
363 2702 594 2766 ffistercpensis
607 2702 776 2765 tueantur·
1057 2675 1140 2745 tant,
1157 2674 1250 2735 salua
1274 2675 1503 2737 moderatione
1516 2675 1657 2737 concilii
1671 2674 1859 2752 generalis,

1059 2786 1120 2834 nec
1135 2770 1175 2832 ah
1205 2772 1255 2833 eis
1275 2771 1401 2849 aliquid
1426 2772 1562 2848 erigere
1579 2772 1633 2834 vel
1655 2773 1861 2849 extorquere

1058 2872 1270 2945 praesumant.
1284 2870 1319 2930 Si
1329 2884 1408 2931 vero
1422 2869 1628 2946 postmodnm
1644 2868 1685 2929 de
1692 2871 1763 2947 jam
1775 2869 1858 2930 dic·

545 3009 665 3097 CXXI
1058 2964 1101 3026 tis
1116 2965 1318 3043 preshyteris
1335 2965 1376 3028 ad
1393 2965 1598 3028 audientiam
1612 2967 1756 3028 vestram
1771 2980 1862 3043 que-

1057 3060 1129 3124 rela
1150 3062 1350 3139 pervenerit,
1367 3062 1401 3124 in
1412 3065 1680 3139 transgressores
1696 3063 1859 3140 precepti

206 3161 259 3223 Ad
281 3162 563 3235 archiepiscopos,
591 3163 777 3235 episcopos,
806 3158 1003 3222 annotasse
1058 3160 1412 3235 nostrijuxtamodnm
1421 3159 1527 3237 culpae
1536 3159 1652 3222 taliter
1663 3160 1859 3233 vindicetis,

337 3261 423 3320 altos
447 3260 669 3320 scelestorum
688 3256 863 3332 praecoces.
1058 3255 1144 3333 quod
1166 3271 1223 3319 eos
1243 3273 1313 3319 suae
1333 3256 1529 3319 temeritatis
1548 3257 1710 3333 poeniteat
1726 3258 1760 3318 et
1777 3256 1859 3318 h‘a-

455 3388 491 3446 20
518 3385 652 3444 [eumeuii
674 3386 753 3444 ,Μ
1059 3355 1126 3414 tres
1140 3354 1205 3430 ipsi
1223 3370 1284 3432 pro
1299 3353 1579 3432 delectuJustitiae
1600 3369 1666 3415 non
1690 3354 1862 3429 cogantur

255 3451 265 3459 “
867 3463 872 3471 ·
1058 3449 1099 3512 ad
1118 3453 1265 3513 nostram
1280 3452 1497 3528 praesentiam,
1515 3450 1680 3514 laborare.
1696 3451 1862 3514 Pervenit

285 3511 421 3576 [⁵‘'⁰¹¹l¹‘⁰’
432 3510 497 3563 hb·
511 3510 565 3561 ⁰¹⁶·
579 3511 681 3569 Tbffl*
693 3524 720 3575 ¹''
734 3508 791 3569 m
805 3524 832 3563 ¹¹·
846 3508 917 3576 Μ’]
1057 3549 1218 3624 praeterea
1233 3547 1275 3609 ad
1296 3548 1502 3612 audientiam
1523 3549 1682 3620 nostram,
1703 3548 1802 3626 quod,
1823 3548 1860 3610 si

208 3636 352 3695 fl⁰⁰⁰l51¹⁸
374 3635 455 3710 juna
482 3636 614 3709 lffflltlffl
639 3634 768 3693 ⁰ttfi⁰0ffl
796 3634 1003 3693 Thettttsslwffl
1057 3644 1188 3722 quando
1211 3646 1407 3723 parochiani
1430 3645 1535 3707 vestri
1558 3644 1707 3722 praefatis
1737 3644 1862 3707 hahi-

244 3740 332 3824 mauu
344 3733 443 3783 tsssselfl
454 3727 488 3821 ,⁵1¹
499 3723 661 3823 luoeitssdifl
673 3738 723 3821 130?
732 3724 870 3822 ⁶0⁰&ss
879 3724 1003 3782 0¹00ffl0·
1056 3741 1118 3802 bns
1140 3741 1299 3804 derebus
1323 3743 1394 3803 suls
1415 3743 1592 3820 quicquam
1607 3742 1642 3802 in
1655 3743 1860 3805 testamento

242 3818 360 3883 syurset
372 3812 477 3884 legans
490 3811 617 3883 plenaria
632 3808 816 3882 recipiendis.
1057 3838 1260 3916 relinquunt,
1283 3840 1433 3902 hoeredes
1448 3855 1575 3909 eorum,
1596 3838 1648 3902 vel
1664 3839 1715 3900 iffi
1728 3839 1785 3916 qui
1797 3854 1860 3901 ms

166 3964 171 3969 ·
248 3935 614 4012 Honorinsepiscopus,
627 3949 921 3996 servasservorum
930 3934 1002 4005 Dei,
1057 3936 1148 4014 ipsas
1170 3950 1274 4014 penes
1299 3953 1335 3999 se
1359 3936 1493 4009 hahent,
1519 3937 1627 4014 ipsum
1642 3937 1788 4012 legatum
1802 3935 1859 3998 eis

206 4032 455 4094 venerabilibus
490 4032 647 4093 iratribus
681 4031 943 4109 archiepiscopis
970 4034 1004 4096 et
1058 4033 1189 4096 solvere
1222 4034 1462 4096 contradicunt
1500 4035 1584 4106 Quia
1609 4049 1689 4095 vero
1716 4048 1858 4109 grauem

208 4131 372 4209 episcopis
388 4131 421 4191 et
439 4128 568 4191 dilectis
584 4128 663 4190 tiliis
680 4129 866 4201 abbatibus,
879 4129 1004 4206 priori-
1058 4128 1164 4204 culpae
1185 4129 1351 4190 maculam
1375 4124 1577 4190 contrahunt
1594 4128 1627 4189 et
1641 4143 1707 4189 non
1724 4127 1861 4189 medio-

207 4228 280 4299 hus,
310 4226 568 4297 archidiaconis,
595 4226 731 4286 decanis
752 4225 785 4286 et
799 4224 876 4287 aliis
894 4224 1004 4287 eccle-
1057 4226 1160 4288 ariter
1178 4226 1294 4287 oculos
1317 4226 1439 4288 divinae
1462 4225 1646 4303 majestatis
1668 4225 1856 4299 offendunt,

207 4327 333 4387 siarum
360 4323 519 4402 praelatis,
541 4323 583 4384 ad
598 4338 681 4400 quos
696 4323 816 4385 litterae
830 4324 906 4385 istae
925 4339 1004 4401 per·
1057 4323 1114 4400 qui
1128 4338 1179 4395 ea,
1192 4339 1266 4400 quae
1278 4324 1385 4384 sacris
1396 4323 1457 4384 Dei
1467 4323 1619 4384 ecclesiis
1632 4322 1666 4383 et
1674 4323 1758 4383 viris
1771 4322 1861 4383 reli-

207 4420 371 4491 vsnerint,
396 4418 536 4480 salutem
558 4419 593 4481 et
615 4416 832 4494 apostolicam
845 4417 1003 4481 benedie-
1055 4420 1148 4496 gioni
1168 4423 1202 4481 et
1228 4420 1394 4482 honestati
1416 4419 1535 4481 deditis
1556 4418 1802 4482 rationabiliter
1815 4419 1858 4482 in

206 4519 343 4583 donem.
1055 4516 1254 4578 testamento
1286 4516 1459 4593 legantur,
1488 4516 1676 4578 temeritate
1703 4514 1856 4593 qualibet

249 4613 423 4688 Querelam
442 4627 577 4690 gravem
599 4613 785 4689 recepimus
806 4612 1002 4676 dilectomrm
1057 4612 1207 4675 detinere
1233 4615 1456 4692 praesumunt3
1484 4613 1696 4675 universitati
1729 4613 1857 4676 vestrae

208 4714 355 4775 illiorum
374 4710 527 4773 Fratrum
545 4710 726 4787 Hospitalis
742 4712 871 4772 Sanctae
886 4712 1003 4773 Mariae
1055 4725 1116 4787 per
1127 4711 1318 4788 apostolica
1331 4711 1456 4787 scripta
1470 4709 1696 4787 praecipiendo
1707 4709 1856 4772 manda-

206 4809 487 4872 'iheutonlcorum
499 4806 807 4883 Hierosolymitani,
824 4823 1001 4884 quamprae
1056 4823 1141 4881 mus,
1164 4809 1338 4886 quatenus,
1366 4807 1542 4885 siquando
1557 4806 1708 4885 praedicti
1730 4806 1857 4869 iratres

206 4906 436 4985 magnitudine
450 4905 557 4982 culpa
572 4919 613 4965 ac
629 4919 812 4981 pauperum
825 4905 1001 4981 dispendio
1056 4904 1143 4980 apud
1157 4920 1217 4967 vos
1231 4904 1352 4966 exinde
1365 4904 1606 4981 querimoniam
1622 4903 1853 4991 deposuerint,

206 5005 420 5068 dissimulare
431 5017 496 5064 nec
508 5001 662 5063 volumus
672 5000 908 5063 neodehemus.
918 5005 1002 5064 Pro-
1055 5002 1145 5075 illes,
1161 5017 1244 5081 quos
1259 5001 1354 5064 vohis
1372 5000 1633 5072 nominaverint,
1650 5000 1678 5062 si
1693 4999 1789 5062 vohis
1804 5001 1855 5064 ita

206 5102 389 5181 posuerunt
402 5099 565 5177 siquidem
576 5100 647 5175 jam
662 5097 743 5159 dicti
757 5096 890 5170 fratres,
901 5099 1000 5176 qnod,
1055 5114 1130 5160 esse
1155 5099 1352 5171 constiterit,
1382 5099 1545 5161 moneatis
1564 5097 1722 5160 attentius
1732 5101 1765 5159 et
1778 5097 1856 5160 dis-

206 5217 281 5263 cum
296 5215 356 5277 pro
369 5195 562 5259 confratriis
573 5195 608 5257 et
627 5194 850 5272 eleemosynis
870 5209 1000 5273 paupe·
1054 5197 1186 5258 trictius
1211 5196 1428 5273 compellatis,
1459 5198 1495 5258 ut
1513 5210 1565 5264 ea,
1592 5210 1666 5272 quae
1680 5195 1854 5271 praedictis

207 5314 280 5359 rum
295 5293 504 5374 requirendis
518 5291 700 5354 secundum
715 5290 801 5369 quod
813 5292 864 5353 eis
885 5291 1000 5353 indul·
1055 5292 1213 5355 iratribus
1233 5294 1311 5357 sunt
1324 5293 1360 5355 in
1375 5293 1569 5355 testamento
1582 5291 1704 5368 legata,
1719 5294 1852 5357 remoto

94 5448 97 5455 ,
207 5395 311 5456 umus
323 5393 365 5455 ad
380 5390 541 5454 ecclesias
562 5388 779 5466 quorumdam
790 5387 1003 5466 presbytero-
1055 5389 1288 5468 appellationis
1301 5390 1483 5462 obstaculo,
1492 5388 1566 5451 sine
1579 5388 1748 5451 malitiosa
1759 5388 1852 5453 dila-

206 5507 281 5553 rum
307 5488 479 5561 accedunt,
507 5501 566 5549 eos
598 5486 750 5563 recipere
773 5485 900 5556 nolunt,
929 5486 999 5560 sed,
1054 5487 1145 5549 tione
1159 5485 1284 5566 absque
1303 5486 1532 5559 diminutione,
1546 5485 1738 5563 persolvant
1746 5485 1852 5549 velin

208 5586 294 5666 quod
306 5585 512 5663 mansisset,
520 5582 722 5646 ahscclesiis
732 5582 815 5660 ipsis
824 5581 1001 5661 praedictos
1054 5585 1232 5662 praesentia
1245 5585 1367 5657 vestra,
1380 5582 1602 5662 appellatione
1610 5582 1748 5656 remota,
1757 5583 1855 5647 exhi·
