3930 6206
85 332 149 396 725
707 332 937 393 aristeum.
964 331 1044 392 LIB.
1069 332 1124 392 IX.
1181 328 1183 332 ’
1678 333 1738 394 726

85 497 174 559 tram
190 491 492 572 attentequaienus
506 507 546 554 eo
572 492 645 570 ipso
664 493 886 555 animosiores
941 491 1002 553 riae
1023 490 1215 552 Alexander
1235 492 1340 567 Papa,
1365 489 1590 568 praedecessor
1611 494 1736 569 noster,

86 593 175 670 quod
203 593 340 654 certatis
362 592 478 653 contra
507 590 823 663 excommunicatos,
853 592 886 652 et
942 588 1058 649 volens
1086 587 1182 649 vobis
1223 588 1393 665 proprium
1428 591 1621 668 episcopum
1654 607 1736 668 pro-

86 690 322 751 schismaticos
334 688 478 749 oblatam
489 687 584 749 vobis
595 686 752 749 uincendi
765 702 888 764 oppor-
941 686 1114 762 priamque
1127 685 1296 746 dioecesim
1308 685 1493 762 assignare,
1502 703 1563 764 pro
1573 689 1647 765 ipsa
1659 688 1739 751 dioe-

84 787 266 849 tunitatem
284 783 887 862 11111111111111111111111,111111
941 783 1010 844 cesi
1045 782 1247 859 assignanda
1286 783 1539 847 circumstantes
1576 785 1737 849 dioeceses

85 884 238 945 nuncin
267 883 379 945 hostes
416 882 619 943 unanimiter
653 881 884 954 surrexeritis,
942 879 1118 941 mutilavit.
1137 879 1301 941 scandalo
1320 881 1434 957 igitur,
1460 882 1492 942 et
1508 882 1583 943 odio
1604 885 1738 960 propter

85 982 243 1059 poteritis
264 981 400 1042 auctore
417 982 487 1041 lieo
511 979 606 1041 brevi
624 979 738 1041 labore
753 979 902 1061 longam
942 977 1006 1037 boc
1017 977 1133 1038 contra
1147 980 1293 1038 vestram
1306 979 1474 1040 civitatem
1490 980 1636 1052 sebaste,
1648 981 1737 1042 idem

85 1078 186 1139 vobis
199 1093 393 1155 comparare
406 1077 550 1154 quietem
564 1078 597 1139 et
609 1076 697 1138 viam
715 1076 886 1153 jamdicto
942 1073 1170 1151 praedecessor
1191 1077 1316 1139 noster,
1341 1076 1376 1136 11
1396 1076 1585 1154 hujusmodl
1602 1077 1738 1139 scanda-

84 1176 204 1236 Terrae
227 1175 359 1236 Sanctae
385 1175 560 1236 succursui
589 1189 788 1250 praeparare.
818 1175 886 1235 Nos
941 1171 1021 1241 lum,
1043 1171 1075 1232 et
1091 1170 1203 1231 odium
1216 1172 1384 1248 sopiretur
1394 1174 1519 1247 statuit,
1534 1176 1570 1236 ut
1583 1174 1735 1237 Alexan-

85 1275 202 1334 autem
214 1272 255 1333 ad
269 1273 511 1333 incrementum
526 1270 657 1332 roboris
671 1271 774 1333 vestri
788 1271 888 1333 duxi·
909 1298 910 1303 1
941 1267 1038 1328 drina
1066 1268 1100 1328 et
1122 1268 1286 1345 Aquensis
1313 1270 1464 1332 ecclesiae
1488 1272 1674 1345 unirentur,
1703 1273 1737 1335 et

86 1386 165 1431 mus
179 1369 403 1441 statuendum,
417 1370 453 1429 ut
467 1384 533 1429 non
548 1367 674 1430 feudati
686 1368 722 1428 in
736 1368 809 1444 ipso
823 1368 888 1427 im·
942 1366 990 1426 sic
1010 1365 1159 1426 astensis
1182 1366 1324 1427 ecclesia
1341 1367 1480 1443 paciilce
1498 1368 1636 1429 retinuit
1659 1367 1737 1444 pla-

87 1464 258 1545 perloqui
279 1482 411 1527 crucem
435 1481 496 1542 pro
515 1465 612 1527 dictae
630 1465 887 1526 Γ1111118111111
940 1461 1014 1522 bem
1024 1461 1284 1538 deQuargnento
1295 1479 1334 1524 ac
1343 1464 1471 1540 plebem
1481 1465 1520 1526 11
1528 1464 1737 1526 l'neliiscum

89 1563 748 1640 1111111111111111111,11111111111
770 1565 887 1638 cujus·
942 1559 1079 1636 capellis
1101 1560 1260 1636 ipsarum,
1285 1560 1317 1623 et
1338 1562 1555 1623 ecclesiarum
1577 1563 1618 1624 11
1639 1563 1737 1624 Sole·

88 1676 235 1737 cumque
259 1659 399 1721 alterius
420 1659 700 1736 peregrinationis
723 1658 885 1731 adstricti,
941 1658 1014 1729 riis,
1032 1656 1150 1734 quibus
1166 1658 1316 1720 mutilata
1332 1658 1441 1721 suerat
1457 1659 1490 1720 in
1510 1661 1739 1737 assignatione

89 1758 120 1820 si
134 1756 308 1819 vobiscum
319 1757 434 1818 contra
443 1758 534 1833 ipsos
549 1756 660 1819 hostes
675 1756 817 1819 fideliter
831 1772 889 1832 pu-

88 1870 197 1931 gnare
210 1854 388 1927 volueriut,
405 1856 463 1915 aut
483 1869 543 1931 pro
567 1869 604 1914 se
626 1854 793 1915 destinare
806 1869 886 1913 suc-

90 1967 228 2013 cursum
249 1952 346 2029 juxta
366 1950 575 2028 prudentiam
596 1950 798 2013 venerabilis
819 1948 890 2010 lra-

88 2050 152 2111 tris
174 2049 320 2110 nostri...
344 2048 889 2124 111111111111111111111111-

89 2144 167 2208 lice
195 2146 292 2208 Sedis
314 2145 427 2222 legati,
451 2161 511 2223 per
530 2160 605 2205 eum
620 2160 641 2205 a
659 2146 736 2206 roto
760 2144 886 2215 Crucis,

75 2243 303 2319 aliarumque
336 2241 642 2319 peregrinationum
667 2239 890 2318 quarumlibet

89 2341 309 2403 absolvantur
323 2355 482 2401 concessa
497 2339 546 2400 eis
561 2339 660 2416 piena
679 2354 813 2399 suorum
831 2353 890 2399 ve-

88 2439 146 2499 nia
160 2439 384 2514 peccatorum,
401 2436 442 2497 de
457 2436 666 2513 quibusvere
680 2435 814 2497 contriti
823 2434 890 2496 lue

88 2535 159 2596 rint
180 2536 214 2596 et
235 2534 392 2596 confessi.
413 2533 553 2594 lieudati
577 2533 747 2610 1111111
768 2534 891 2609 praeter

88 2630 383 2708 1111111111,1111
411 2630 523 2692 facere
549 2631 708 2692 tenentur
735 2629 889 2706 imperio,

89 2728 261 2791 soluerint
283 2727 446 2789 exercitui
467 2728 565 2805 juxta
592 2726 782 2788 eorumdem
809 2742 890 2804 pru-

86 2825 239 2888 dentiam
265 2826 455 2902 competens
484 2824 669 2886 subsidium
684 2824 888 2896 ministrare,

88 2923 247 2984 similiter
275 2924 485 2999 peccatorum
521 2937 658 2983 suorum
693 2922 734 2982 11
770 2921 889 2999 quibus

88 3035 171 3083 sere
183 3020 318 3082 contriti
333 3019 501 3081 luerintet
515 3018 659 3080 confessi
674 3019 807 3081 veniam
828 3034 888 3080 as-

88 3119 247 3195 quentnr.
268 3116 339 3189 llis,
357 3116 413 3193 qui
437 3116 565 3178 tuerint
582 3118 659 3178 roto
682 3116 808 3185 crucis,
831 3119 889 3178 aut

89 3214 233 3275 alterius
256 3214 536 3291 peregrinationis
552 3214 714 3286 adstricti,
730 3229 789 3292 per
801 3229 890 3275 eum-

87 3311 164 3372 dem
180 3311 327 3387 legatum
342 3311 383 3371 ab
403 3309 559 3372 omnibns
579 3310 676 3372 vobis
697 3311 888 3388 buJusmodi

88 3404 266 3480 absolutis,
286 3408 439 3485 idemque
452 3408 543 3469 circa
558 3408 699 3469 clericos
714 3411 791 3471 voto
806 3410 890 3469 tiru-

87 3505 151 3577 cls,
165 3503 220 3565 vel
234 3508 471 3582 cujuscumque
491 3505 630 3567 alterius
646 3506 891 3583 peregrinatio·

86 3602 142 3663 nis
164 3601 343 3663 adstrictos
363 3602 517 3664 volumus
544 3601 728 3674 observari,
751 3602 814 3664 hoc
847 3603 888 3665 ad

86 3698 257 3760 cautelam
273 3714 445 3775 expresso,
464 3701 502 3761 ut
524 3701 683 3762 statutum
698 3699 888 3777 hujusmodi

88 3795 239 3857 nonnisi
254 3795 294 3856 ad
311 3796 438 3858 incolas
454 3797 561 3874 ipsius
576 3798 709 3874 imperii
722 3798 888 3860 extenda-

87 3894 155 3954 tur.
167 3894 289 3953 Datum
298 3894 466 3967 Laterani,
477 3896 507 3955 ΙΙ
520 3894 681 3955 kalendas
691 3895 886 3967 decembris,

87 4012 180 4060 anno
196 4012 295 4060 nono.

411 4274 574 4363 XXXVI

138 4441 193 4499 Act
213 4439 401 4511 1111111111
414 4438 448 4499 et
461 4440 554 4499 cives
568 4440 835 4501 Alexandrinos.

363 4575 525 4634 11111111).
543 4574 622 4634 im.

118 4709 244 4775 [chcst.,
256 4708 491 4800 1111111111181.
507 4709 564 4759 llss.
582 4711 619 4761 La
631 4711 748 4761 Ρο11111
760 4711 854 4777 111111]

149 4818 280 4908 injungit
299 4834 370 4907 ipsis
389 4841 419 4891 ut
437 4835 576 4893 ecclesias
597 4834 736 4907 quasdam
756 4851 827 4908 qous

188 4921 364 4989 detinebant,
378 4924 493 4980 astensi
508 4921 625 4981 dioecesi
638 4924 797 4981 restituant.

128 5057 300 5118 Honorius
308 5057 621 5132 episcopusservus
631 5073 802 5125 servorum
814 5060 884 5133 Dei,

89 5153 225 5215 dilectis
239 5153 319 5214 liliis
334 5154 480 5230 capitulo
495 5155 529 5215 11
545 5154 673 5216 civibus
687 5156 888 5218 Alexandri-

88 5252 155 5321 nis,
190 5250 331 5311 salutem
364 5255 398 5312 11
432 5252 656 5328 Apostolicam
688 5252 888 5317 benedictio

87 5363 178 5409 nem.

127 5442 342 5505 Venerabilis
356 5442 462 5507 irater
476 5446 626 5507 noster...
643 5446 831 5523 episcopus,
855 5451 888 5512 11

86 5540 203 5603 dilecti
229 5539 291 5602 tilii
314 5541 497 5619 capitulum
520 5544 678 5604 Astenses
705 5559 765 5605 sua
788 5545 887 5607 nobis

88 5638 252 5714 petitione
270 5640 508 5710 monstrarunt,
523 5639 609 5716 quod
633 5639 742 5702 ielicis
762 5658 888 5706 momo-

942 1754 1096 1815 dicecesis
1111 1756 1322 1832 supradictae.
1339 1759 1420 1818 Cum
1442 1756 1599 1835 praedicta
1615 1757 1742 1819 unione'

942 1868 1008 1913 non
1031 1854 1209 1914 consecuta
1233 1852 1400 1925 effectum,
1424 1855 1482 1915 diu
1508 1856 1580 1916 sine
1601 1855 1737 1933 proprio

943 1949 1098 2026 episcopo
1118 1948 1276 2022 fuissetis,
1300 1951 1432 2012 demum
1458 1952 1607 2029 tempore
1630 1951 1738 2013 felicis

943 2046 1113 2107 memoriae
1137 2048 1323 2109 innocentii
1351 2051 1451 2126 Papae
1480 2049 1737 2126 predecessoris

943 2143 1050 2204 nostri
1073 2145 1250 2206 tractatum
1272 2145 1313 2207 11
1334 2144 1487 2207 babendo
1509 2146 1663 2224 episcopo
1682 2163 1740 2208 re·

944 2240 1144 2317 sumpsistis.
1157 2242 1255 2302 'Idem
1281 2243 1385 2319 igitur
1405 2244 1630 2320 praedecessor
1654 2259 1738 2305 nos-

943 2341 994 2399 ter
1013 2338 1145 2414 cognito
1167 2356 1210 2401 ex
1230 2340 1372 2415 regestis
1394 2341 1541 2417 ejusdem
1557 2341 1740 2402 Alexandri

944 2438 1055 2513 Papae,
1073 2436 1159 2513 quod
1174 2437 1246 2514 ipse
1261 2436 1344 2499 duos
1364 2437 1604 2514 excogitaverit
1623 2438 1739 2499 modos

943 2532 1038 2594 robis
1049 2534 1241 2611 episcopum
1256 2534 1464 2611 providendi,
1476 2535 1740 2612 assignationem

943 2630 1100 2693 videlicet
1125 2631 1252 2709 proprii
1278 2633 1439 2711 episcopi,
1457 2636 1490 2694 et
1511 2632 1676 2706 dioecesis,
1700 2648 1740 2694 ac

944 2728 1102 2789 unionem
1116 2729 1238 2790 deinde
1252 2729 1475 2805 supradictam
1490 2729 1660 2793 mandarit
1679 2729 1742 2791 bo·

944 2840 996 2886 nae
1013 2827 1220 2888 memoriae...
1237 2826 1435 2888 terdonensi
1450 2828 1616 2904 episcopo,
1633 2826 1666 2889 11
1678 2842 1739 2888 ar-

944 2921 1142 2982 cbidiacono
1155 2921 1372 2994 vercellensi,
1396 2924 1442 2996 ut,
1465 2924 1495 2983 si
1518 2923 1592 2985 fleri
1613 2923 1735 3000 posset,

944 3018 1018 3079 sine
1039 3018 1134 3094 gravi
1157 3019 1326 3091 scandalo,
1343 3021 1377 3081 et
1395 3020 1526 3081 enormi
1544 3019 1739 3097 praejudicio

943 3114 1099 3188 aliorum,
1109 3117 1208 3192 Juxta
1221 3117 1364 3193 primum
1379 3117 1512 3177 modum
1527 3118 1598 3180 sive
1613 3132 1739 3179 secun·

943 3212 1021 3272 dum
1041 3212 1254 3288 providerent
1274 3213 1369 3275 robis
1386 3229 1561 3291 personam
1585 3215 1740 3276 idoneam

942 3309 979 3369 in
993 3310 1172 3386 pastorem.
1185 3310 1340 3388 Alioquin
1354 3328 1427 3388 quac
1442 3327 1544 3389 super
1557 3311 1601 3372 iis
1618 3312 1739 3374 evenl-

943 3408 1029 3478 rent,
1046 3407 1077 3467 ei
1095 3423 1249 3483 persnas
1264 3409 1393 3471 litteras
1410 3410 1616 3481 intimarent,
1631 3411 1667 3472 ut
1681 3425 1741 3486 per

944 3519 1059 3565 eorum
1074 3505 1271 3567 relationem
1291 3506 1483 3580 instructus,
1496 3507 1692 3584 procederet
1702 3508 1738 3568 in

943 3600 1016 3678 1111
1038 3602 1183 3677 negotia,
1211 3603 1308 3678 prout
1333 3603 1462 3666 videret
1486 3604 1597 3681 potius
1623 3619 1742 3681 proce-

944 3696 1098 3759 dendum.
1116 3700 1289 3762 Praedictis
1304 3716 1384 3777 ergo
1397 3702 1563 3779 episcopo,
1580 3702 1615 3763 et
1625 3701 1739 3762 archi-

944 3795 1084 3857 diacono
1105 3796 1136 3857 ei
1156 3797 1422 3872 significantibus
1436 3814 1509 3875 quae
1527 3798 1736 3872 invenerant,

943 3893 1015 3969 ipse
1041 3893 1239 3969 praeeligens
1269 3894 1450 3955 secundum
1472 3894 1739 3972 1111111111-

944 3989 1044 4050 dendi
1058 3989 1154 4050 vobis
1164 3990 1367 4068 episcopum,
1378 3993 1535 4054 unionem
1548 3993 1741 4069 praedictam

943 4086 1127 4149 deliberato
1152 4088 1293 4149 consilio
1316 4089 1536 4152 confirmavit.
1551 4092 1619 4153 Vos
1645 4106 1738 4165 rere,

943 4184 1005 4245 1111
1018 4184 1201 4262 capitulum
1217 4201 1283 4247 non
1298 4187 1516 4261 attendentes,
1533 4189 1618 4266 quod
1634 4189 1740 4251 electo

943 4281 1090 4342 secundo
1103 4281 1267 4344 dictorum
1283 4283 1467 4357 modorum,
1481 4285 1608 4362 primus
1621 4302 1738 4350 cessa-

942 4381 1050 4451 verat,
1077 4379 1297 4442 nibilominus
1324 4381 1480 4459 praelatas
1505 4384 1739 4447 1111111111-

942 4475 1074 4549 clasiae,
1098 4492 1181 4553 qrras
1207 4479 1358 4541 Asianeis
1394 4480 1535 4542 ecclesia
1561 4497 1666 4559 usque
1696 4481 1739 4543 ad

942 4573 1030 4634 diem
1047 4574 1140 4634 illam
1161 4576 1365 4650 possederat.
1387 4578 1465 4639 Sine
1483 4579 1541 4640 lite
1555 4579 1661 4649 vobis,
1677 4580 1739 4641 tilii

942 4671 1044 4743 cives,
1063 4668 1206 4751 [contra]
1221 4673 1386 4749 justitiam
1408 4675 1631 4763 detinentibus
1654 4677 1739 4737 bur·

941 4770 1739 4852 gumQuargnenticumpertinentiissuisdejure

942 4865 983 4925 ad
997 4868 1171 4928 Astensem
1185 4868 1361 4930 ecclesiam
1373 4867 1604 4944 pertinentem,
1618 4874 1650 4933 et
1660 4871 1739 4933 licet

942 4978 1043 5039 super
1056 4963 1109 5023 bis
1125 4964 1252 5040 pluries
1266 4966 1476 5043 Apostolicas
1491 4968 1620 5030 litteras
1632 4969 1741 5047 impe·

941 5060 1053 5131 travit,
1064 5061 1211 5122 nondum
1224 5063 1335 5124 tamen
1347 5079 1440 5125 suam
1454 5066 1630 5142 potuerunt
1636 5067 1739 5143 11111-

940 5157 1022 5219 tiam
1033 5158 1200 5233 obtinere;
1211 5176 1314 5237 quare
1325 5160 1420 5222 nobis
1433 5163 1603 5223 humiliter
1615 5164 1740 5241 suppli·

942 5258 1061 5316 carunt
1073 5257 1109 5317 ut
1124 5258 1282 5333 11111111
1301 5258 1365 5318 sibi
1388 5259 1519 5320 restitui
1538 5259 1736 5335 laceremus,

942 5353 994 5413 rei
1008 5353 1124 5415 saltem
1137 5356 1259 5430 partes,
1272 5372 1371 5432 quum
1382 5372 1483 5417 causa
1500 5356 1544 5419 sit
1554 5358 1669 5431 ardua,
1684 5358 1738 5420 di-

941 5466 1122 5527 gnaremur
1140 5451 1181 5513 ad
1202 5454 1349 5514 nostram
1368 5469 1490 5515 vocare
1511 5456 1735 5530 praesentiam,

942 5550 974 5609 11
989 5564 1061 5609 eam
1084 5548 1149 5609 line
1168 5547 1279 5610 debito
1298 5549 1488 5611 terminare.
1510 5554 1616 5631 Quum
1635 5554 1738 5630 igitur

942 5659 982 5706 11
997 5661 1072 5723 quae
1089 5646 1261 5723 praemissa
1279 5648 1356 5709 sunt
1370 5646 1411 5708 de
1423 5649 1566 5725 propriae
1583 5650 1736 5713 dioecesis
