<?xml version="1.0" encoding="UTF-8"?>
<!DOCTYPE html PUBLIC "-//W3C//DTD XHTML 1.0 Transitional//EN"
    "http://www.w3.org/TR/xhtml1/DTD/xhtml1-transitional.dtd">
<html xmlns="http://www.w3.org/1999/xhtml" xml:lang="en" lang="en">
 <head>
  <title>
</title>
<meta http-equiv="Content-Type" content="text/html;charset=utf-8" />
  <meta name='ocr-system' content='tesseract 3.04.00' />
  <meta name='ocr-capabilities' content='ocr_page ocr_carea ocr_par ocr_line ocrx_word'/>
</head>
<body>
  <div class='ocr_page' id='page_1' title='image "./mediiaevibiblio04bottgoog_0345.png"; bbox 0 0 3930 6206; ppageno 0'>
   <div class='ocr_carea' id='block_1_1' title="bbox 239 370 1266 433">
    <p class='ocr_par' dir='ltr' id='par_1_1' title="bbox 239 370 1266 433">
     <span class='ocr_line' id='line_1_1' title="bbox 239 370 1266 433; baseline -0.003 0"><span class='ocrx_word' id='word_1_1' title='bbox 239 370 300 433; x_wconf 74' lang='lat'>659</span> <span class='ocrx_word' id='word_1_2' title='bbox 852 370 1029 431; x_wconf 87' lang='lat' dir='ltr'>HONORII</span> <span class='ocrx_word' id='word_1_3' title='bbox 1051 370 1097 431; x_wconf 88' lang='lat'>111</span> <span class='ocrx_word' id='word_1_4' title='bbox 1118 372 1266 433; x_wconf 76' lang='lat' dir='ltr'><strong>OPERA.</strong></span> 
     </span>
    </p>
   </div>
   <div class='ocr_carea' id='block_1_2' title="bbox 1809 375 1860 436">
    <p class='ocr_par' dir='ltr' id='par_1_2' title="bbox 1809 375 1860 436">
     <span class='ocr_line' id='line_1_2' title="bbox 1809 375 1860 436; baseline 0 0"><span class='ocrx_word' id='word_1_5' title='bbox 1809 375 1860 436; x_wconf 78' lang='lat' dir='ltr'>ito</span> 
     </span>
    </p>
   </div>
   <div class='ocr_carea' id='block_1_3' title="bbox 232 490 1859 704">
    <p class='ocr_par' dir='ltr' id='par_1_3' title="bbox 232 490 1859 704">
     <span class='ocr_line' id='line_1_3' title="bbox 234 490 1859 605; baseline 0.001 -13"><span class='ocrx_word' id='word_1_6' title='bbox 234 528 380 592; x_wconf 87' lang='lat' dir='ltr'>sanioris</span> <span class='ocrx_word' id='word_1_7' title='bbox 406 529 589 592; x_wconf 89' lang='lat' dir='ltr'>secundum</span> <span class='ocrx_word' id='word_1_8' title='bbox 617 529 678 591; x_wconf 92' lang='lat' dir='ltr'>Dei</span> <span class='ocrx_word' id='word_1_9' title='bbox 703 528 857 590; x_wconf 85' lang='lat' dir='ltr'>timorem</span> <span class='ocrx_word' id='word_1_10' title='bbox 883 529 917 591; x_wconf 92' lang='lat' dir='ltr'>et</span> <span class='ocrx_word' id='word_1_11' title='bbox 939 526 1028 590; x_wconf 90' lang='lat' dir='ltr'>beati</span> <span class='ocrx_word' id='word_1_12' title='bbox 1078 529 1178 605; x_wconf 83' lang='lat' dir='ltr'>junii,</span> <span class='ocrx_word' id='word_1_13' title='bbox 1201 490 1317 592; x_wconf 82' lang='lat' dir='ltr'>indict.</span> <span class='ocrx_word' id='word_1_14' title='bbox 1332 531 1406 600; x_wconf 82' lang='lat' dir='ltr'>xli,</span> <span class='ocrx_word' id='word_1_15' title='bbox 1428 529 1671 591; x_wconf 89' lang='lat' dir='ltr'>iucarnationis</span> <span class='ocrx_word' id='word_1_16' title='bbox 1696 531 1859 593; x_wconf 81' lang='lat' dir='ltr'>Dominica</span> 
     </span>
     <span class='ocr_line' id='line_1_4' title="bbox 232 624 1858 704; baseline -0.001 -15"><span class='ocrx_word' id='word_1_17' title='bbox 232 626 403 690; x_wconf 80' lang='lat' dir='ltr'>Benedicti</span> <span class='ocrx_word' id='word_1_18' title='bbox 418 627 578 703; x_wconf 88' lang='lat' dir='ltr'>regulam,</span> <span class='ocrx_word' id='word_1_19' title='bbox 595 626 805 704; x_wconf 73' lang='lat' dir='ltr'>providerint</span> <span class='ocrx_word' id='word_1_20' title='bbox 824 626 1026 702; x_wconf 90' lang='lat' dir='ltr'>eligendum.</span> <span class='ocrx_word' id='word_1_21' title='bbox 1082 640 1170 688; x_wconf 92' lang='lat' dir='ltr'>anno</span> <span class='ocrx_word' id='word_1_22' title='bbox 1196 628 1397 699; x_wconf 70' lang='lat' dir='ltr'>dcccxxiv,</span> <span class='ocrx_word' id='word_1_23' title='bbox 1421 624 1633 703; x_wconf 79' lang='lat' dir='ltr'>pontificatus</span> <span class='ocrx_word' id='word_1_24' title='bbox 1650 641 1732 688; x_wconf 86' lang='lat' dir='ltr'>vero</span> <span class='ocrx_word' id='word_1_25' title='bbox 1749 626 1858 688; x_wconf 89' lang='lat' dir='ltr'>domini</span> 
     </span>
    </p>
   </div>
   <div class='ocr_carea' id='block_1_4' title="bbox 200 722 1029 5659">
    <p class='ocr_par' dir='ltr' id='par_1_4' title="bbox 216 722 1029 3328">
     <span class='ocr_line' id='line_1_5' title="bbox 233 722 1028 800; baseline 0 -15"><span class='ocrx_word' id='word_1_26' title='bbox 233 723 449 785; x_wconf 90' lang='lat' dir='ltr'>Decernimus</span> <span class='ocrx_word' id='word_1_27' title='bbox 461 739 554 800; x_wconf 89' lang='lat' dir='ltr'>ergo,</span> <span class='ocrx_word' id='word_1_28' title='bbox 565 726 602 785; x_wconf 87' lang='lat' dir='ltr'>ut</span> <span class='ocrx_word' id='word_1_29' title='bbox 613 723 698 785; x_wconf 90' lang='lat' dir='ltr'>nulli</span> <span class='ocrx_word' id='word_1_30' title='bbox 710 723 844 785; x_wconf 90' lang='lat' dir='ltr'>omnino</span> <span class='ocrx_word' id='word_1_31' title='bbox 857 722 1028 793; x_wconf 68' lang='lat' dir='ltr'>honorium</span> 
     </span>
     <span class='ocr_line' id='line_1_6' title="bbox 233 819 1028 898; baseline 0.001 -18"><span class='ocrx_word' id='word_1_32' title='bbox 233 819 284 881; x_wconf 85' lang='lat' dir='ltr'>ias</span> <span class='ocrx_word' id='word_1_33' title='bbox 304 821 347 882; x_wconf 90' lang='lat' dir='ltr'>sit</span> <span class='ocrx_word' id='word_1_34' title='bbox 363 821 538 898; x_wconf 82' lang='lat' dir='ltr'>praelatum</span> <span class='ocrx_word' id='word_1_35' title='bbox 553 820 793 883; x_wconf 88' lang='lat' dir='ltr'>monasterium</span> <span class='ocrx_word' id='word_1_36' title='bbox 807 821 932 882; x_wconf 85' lang='lat' dir='ltr'>temere</span> <span class='ocrx_word' id='word_1_37' title='bbox 951 836 1028 897; x_wconf 89' lang='lat' dir='ltr'>per-</span> 
     </span>
     <span class='ocr_line' id='line_1_7' title="bbox 232 915 1026 996; baseline -0.001 -17"><span class='ocrx_word' id='word_1_38' title='bbox 232 915 380 990; x_wconf 90' lang='lat' dir='ltr'>turbare,</span> <span class='ocrx_word' id='word_1_39' title='bbox 397 920 455 979; x_wconf 89' lang='lat' dir='ltr'>aut</span> <span class='ocrx_word' id='word_1_40' title='bbox 473 921 546 996; x_wconf 87' lang='lat' dir='ltr'>ejus</span> <span class='ocrx_word' id='word_1_41' title='bbox 561 917 790 995; x_wconf 89' lang='lat' dir='ltr'>possessiones</span> <span class='ocrx_word' id='word_1_42' title='bbox 809 917 953 989; x_wconf 81' lang='lat' dir='ltr'>auferre,</span> <span class='ocrx_word' id='word_1_43' title='bbox 974 917 1026 979; x_wconf 90' lang='lat' dir='ltr'>vel</span> 
     </span>
     <span class='ocr_line' id='line_1_8' title="bbox 232 1013 1029 1092; baseline 0.003 -17"><span class='ocrx_word' id='word_1_44' title='bbox 232 1013 363 1076; x_wconf 85' lang='lat' dir='ltr'>ablatas</span> <span class='ocrx_word' id='word_1_45' title='bbox 383 1016 538 1087; x_wconf 89' lang='lat' dir='ltr'>retinere,</span> <span class='ocrx_word' id='word_1_46' title='bbox 563 1017 723 1087; x_wconf 86' lang='lat' dir='ltr'>minuere,</span> <span class='ocrx_word' id='word_1_47' title='bbox 747 1031 806 1076; x_wconf 90' lang='lat' dir='ltr'>seu</span> <span class='ocrx_word' id='word_1_48' title='bbox 828 1014 1029 1092; x_wconf 80' lang='lat' dir='ltr'>quibuslibet</span> 
     </span>
     <span class='ocr_line' id='line_1_9' title="bbox 233 1111 1028 1189; baseline 0 -16"><span class='ocrx_word' id='word_1_49' title='bbox 233 1111 467 1173; x_wconf 83' lang='lat' dir='ltr'>vexationibus</span> <span class='ocrx_word' id='word_1_50' title='bbox 493 1112 647 1189; x_wconf 82' lang='lat' dir='ltr'>fatigare,</span> <span class='ocrx_word' id='word_1_51' title='bbox 673 1113 732 1174; x_wconf 89' lang='lat' dir='ltr'>sed</span> <span class='ocrx_word' id='word_1_52' title='bbox 761 1113 874 1173; x_wconf 90' lang='lat' dir='ltr'>omnia</span> <span class='ocrx_word' id='word_1_53' title='bbox 896 1112 1028 1188; x_wconf 91' lang='lat' dir='ltr'>integra</span> 
     </span>
     <span class='ocr_line' id='line_1_10' title="bbox 232 1209 1028 1286; baseline 0.001 -16"><span class='ocrx_word' id='word_1_54' title='bbox 232 1211 472 1272; x_wconf 81' lang='lat' dir='ltr'>conserventur</span> <span class='ocrx_word' id='word_1_55' title='bbox 487 1224 613 1282; x_wconf 90' lang='lat' dir='ltr'>eorum,</span> <span class='ocrx_word' id='word_1_56' title='bbox 630 1225 689 1286; x_wconf 94' lang='lat' dir='ltr'>pro</span> <span class='ocrx_word' id='word_1_57' title='bbox 705 1224 846 1286; x_wconf 89' lang='lat' dir='ltr'>quorum</span> <span class='ocrx_word' id='word_1_58' title='bbox 860 1209 1028 1285; x_wconf 89' lang='lat' dir='ltr'>guberna·</span> 
     </span>
     <span class='ocr_line' id='line_1_11' title="bbox 230 1305 1027 1378; baseline 0.001 -11"><span class='ocrx_word' id='word_1_59' title='bbox 230 1305 322 1367; x_wconf 90' lang='lat' dir='ltr'>tioue</span> <span class='ocrx_word' id='word_1_60' title='bbox 333 1322 372 1368; x_wconf 91' lang='lat' dir='ltr'>ac</span> <span class='ocrx_word' id='word_1_61' title='bbox 383 1308 623 1369; x_wconf 84' lang='lat' dir='ltr'>sustentatione</span> <span class='ocrx_word' id='word_1_62' title='bbox 636 1321 795 1368; x_wconf 89' lang='lat' dir='ltr'>concessa</span> <span class='ocrx_word' id='word_1_63' title='bbox 809 1308 896 1378; x_wconf 88' lang='lat' dir='ltr'>sunt,</span> <span class='ocrx_word' id='word_1_64' title='bbox 912 1305 1027 1368; x_wconf 90' lang='lat' dir='ltr'>usibus</span> 
     </span>
     <span class='ocr_line' id='line_1_12' title="bbox 232 1403 1026 1481; baseline -0.003 -15"><span class='ocrx_word' id='word_1_65' title='bbox 232 1403 431 1467; x_wconf 86' lang='lat' dir='ltr'>omnimodis</span> <span class='ocrx_word' id='word_1_66' title='bbox 451 1404 636 1481; x_wconf 85' lang='lat' dir='ltr'>profutura,</span> <span class='ocrx_word' id='word_1_67' title='bbox 660 1406 755 1467; x_wconf 89' lang='lat' dir='ltr'>salva</span> <span class='ocrx_word' id='word_1_68' title='bbox 770 1404 865 1465; x_wconf 89' lang='lat' dir='ltr'>Sedis</span> <span class='ocrx_word' id='word_1_69' title='bbox 881 1405 1026 1481; x_wconf 86' lang='lat' dir='ltr'>Aposto-</span> 
     </span>
     <span class='ocr_line' id='line_1_13' title="bbox 231 1500 1028 1579; baseline 0.001 -18"><span class='ocrx_word' id='word_1_70' title='bbox 231 1500 307 1563; x_wconf 80' lang='lat' dir='ltr'>licoe</span> <span class='ocrx_word' id='word_1_71' title='bbox 332 1502 542 1575; x_wconf 87' lang='lat' dir='ltr'>auctoritate,</span> <span class='ocrx_word' id='word_1_72' title='bbox 570 1504 669 1579; x_wconf 89' lang='lat' dir='ltr'>atque</span> <span class='ocrx_word' id='word_1_73' title='bbox 692 1502 840 1579; x_wconf 90' lang='lat' dir='ltr'>ejusdem</span> <span class='ocrx_word' id='word_1_74' title='bbox 866 1501 1028 1563; x_wconf 87' lang='lat' dir='ltr'>canonica</span> 
     </span>
     <span class='ocr_line' id='line_1_14' title="bbox 226 1597 1028 1677; baseline 0 -18"><span class='ocrx_word' id='word_1_75' title='bbox 226 1597 369 1676; x_wconf 75' lang='lat' dir='ltr'>justitia.</span> <span class='ocrx_word' id='word_1_76' title='bbox 387 1600 422 1660; x_wconf 87' lang='lat' dir='ltr'>Si</span> <span class='ocrx_word' id='word_1_77' title='bbox 437 1615 502 1677; x_wconf 88' lang='lat' dir='ltr'>qua</span> <span class='ocrx_word' id='word_1_78' title='bbox 516 1600 620 1674; x_wconf 88' lang='lat' dir='ltr'>igitur</span> <span class='ocrx_word' id='word_1_79' title='bbox 635 1599 669 1660; x_wconf 90' lang='lat' dir='ltr'>in</span> <span class='ocrx_word' id='word_1_80' title='bbox 685 1599 834 1662; x_wconf 83' lang='lat' dir='ltr'>futurum</span> <span class='ocrx_word' id='word_1_81' title='bbox 848 1598 1028 1661; x_wconf 86' lang='lat' dir='ltr'>ecclesias-</span> 
     </span>
     <span class='ocr_line' id='line_1_15' title="bbox 230 1694 1027 1772; baseline 0.001 -16"><span class='ocrx_word' id='word_1_82' title='bbox 230 1694 297 1756; x_wconf 89' lang='lat' dir='ltr'>tica</span> <span class='ocrx_word' id='word_1_83' title='bbox 308 1696 524 1758; x_wconf 74' lang='lat' dir='ltr'>secularisve</span> <span class='ocrx_word' id='word_1_84' title='bbox 535 1712 678 1772; x_wconf 88' lang='lat' dir='ltr'>persona</span> <span class='ocrx_word' id='word_1_85' title='bbox 693 1697 781 1758; x_wconf 90' lang='lat' dir='ltr'>hanc</span> <span class='ocrx_word' id='word_1_86' title='bbox 791 1697 914 1759; x_wconf 86' lang='lat' dir='ltr'>nostrae</span> <span class='ocrx_word' id='word_1_87' title='bbox 927 1712 1027 1757; x_wconf 91' lang='lat' dir='ltr'>cons-</span> 
     </span>
     <span class='ocr_line' id='line_1_16' title="bbox 229 1791 1027 1870; baseline 0 -15"><span class='ocrx_word' id='word_1_88' title='bbox 229 1791 396 1855; x_wconf 88' lang='lat' dir='ltr'>titutionis</span> <span class='ocrx_word' id='word_1_89' title='bbox 420 1794 576 1870; x_wconf 86' lang='lat' dir='ltr'>paginam</span> <span class='ocrx_word' id='word_1_90' title='bbox 601 1794 711 1855; x_wconf 89' lang='lat' dir='ltr'>sciens</span> <span class='ocrx_word' id='word_1_91' title='bbox 735 1796 850 1856; x_wconf 90' lang='lat' dir='ltr'>contra</span> <span class='ocrx_word' id='word_1_92' title='bbox 876 1809 951 1856; x_wconf 88' lang='lat' dir='ltr'>eam</span> <span class='ocrx_word' id='word_1_93' title='bbox 974 1796 1027 1855; x_wconf 88' lang='lat' dir='ltr'>to-</span> 
     </span>
     <span class='ocr_line' id='line_1_17' title="bbox 230 1891 1027 1960; baseline 0.001 -10"><span class='ocrx_word' id='word_1_94' title='bbox 230 1904 322 1951; x_wconf 89' lang='lat' dir='ltr'>mere</span> <span class='ocrx_word' id='word_1_95' title='bbox 348 1891 465 1952; x_wconf 90' lang='lat' dir='ltr'>venire</span> <span class='ocrx_word' id='word_1_96' title='bbox 491 1891 681 1960; x_wconf 87' lang='lat' dir='ltr'>tentaverit,</span> <span class='ocrx_word' id='word_1_97' title='bbox 711 1891 857 1953; x_wconf 89' lang='lat' dir='ltr'>secundo</span> <span class='ocrx_word' id='word_1_98' title='bbox 884 1891 1027 1954; x_wconf 88' lang='lat' dir='ltr'>tertiove</span> 
     </span>
     <span class='ocr_line' id='line_1_18' title="bbox 230 1989 1026 2064; baseline 0.003 -16"><span class='ocrx_word' id='word_1_99' title='bbox 230 1989 441 2060; x_wconf 90' lang='lat' dir='ltr'>commonita,</span> <span class='ocrx_word' id='word_1_100' title='bbox 464 1989 531 2050; x_wconf 87' lang='lat' dir='ltr'>nisi</span> <span class='ocrx_word' id='word_1_101' title='bbox 545 1990 673 2052; x_wconf 89' lang='lat' dir='ltr'>reatum</span> <span class='ocrx_word' id='word_1_102' title='bbox 689 2004 786 2050; x_wconf 89' lang='lat' dir='ltr'>suum</span> <span class='ocrx_word' id='word_1_103' title='bbox 805 1989 905 2064; x_wconf 90' lang='lat' dir='ltr'>digna</span> <span class='ocrx_word' id='word_1_104' title='bbox 925 1989 1026 2050; x_wconf 91' lang='lat' dir='ltr'>satis-</span> 
     </span>
     <span class='ocr_line' id='line_1_19' title="bbox 229 2082 1026 2164; baseline 0 -18"><span class='ocrx_word' id='word_1_105' title='bbox 229 2082 374 2146; x_wconf 77' lang='lat' dir='ltr'>factione</span> <span class='ocrx_word' id='word_1_106' title='bbox 405 2088 601 2157; x_wconf 86' lang='lat' dir='ltr'>correxerit,</span> <span class='ocrx_word' id='word_1_107' title='bbox 627 2087 799 2164; x_wconf 88' lang='lat' dir='ltr'>potestatis</span> <span class='ocrx_word' id='word_1_108' title='bbox 824 2086 1026 2162; x_wconf 86' lang='lat' dir='ltr'>honorisque</span> 
     </span>
     <span class='ocr_line' id='line_1_20' title="bbox 231 2182 1027 2262; baseline 0.004 -21"><span class='ocrx_word' id='word_1_109' title='bbox 231 2182 284 2242; x_wconf 86' lang='lat' dir='ltr'>sui</span> <span class='ocrx_word' id='word_1_110' title='bbox 300 2185 413 2245; x_wconf 86' lang='lat' dir='ltr'>careat</span> <span class='ocrx_word' id='word_1_111' title='bbox 428 2184 600 2259; x_wconf 88' lang='lat' dir='ltr'>dignitate,</span> <span class='ocrx_word' id='word_1_112' title='bbox 618 2199 778 2262; x_wconf 88' lang='lat' dir='ltr'>reamque</span> <span class='ocrx_word' id='word_1_113' title='bbox 795 2199 830 2246; x_wconf 91' lang='lat' dir='ltr'>se</span> <span class='ocrx_word' id='word_1_114' title='bbox 848 2184 960 2245; x_wconf 90' lang='lat' dir='ltr'>divino</span> <span class='ocrx_word' id='word_1_115' title='bbox 969 2186 1027 2261; x_wconf 89' lang='lat' dir='ltr'>jn-</span> 
     </span>
     <span class='ocr_line' id='line_1_21' title="bbox 230 2278 1027 2358; baseline 0.004 -20"><span class='ocrx_word' id='word_1_116' title='bbox 230 2278 318 2340; x_wconf 89' lang='lat' dir='ltr'>dicio</span> <span class='ocrx_word' id='word_1_117' title='bbox 331 2281 487 2352; x_wconf 83' lang='lat' dir='ltr'>existere,</span> <span class='ocrx_word' id='word_1_118' title='bbox 503 2281 543 2341; x_wconf 93' lang='lat' dir='ltr'>de</span> <span class='ocrx_word' id='word_1_119' title='bbox 556 2282 745 2357; x_wconf 83' lang='lat' dir='ltr'>perpetrata</span> <span class='ocrx_word' id='word_1_120' title='bbox 758 2280 933 2358; x_wconf 87' lang='lat' dir='ltr'>iniquitate</span> <span class='ocrx_word' id='word_1_121' title='bbox 946 2296 1027 2355; x_wconf 93' lang='lat' dir='ltr'>cog-</span> 
     </span>
     <span class='ocr_line' id='line_1_22' title="bbox 230 2378 1026 2454; baseline 0.004 -18"><span class='ocrx_word' id='word_1_122' title='bbox 230 2379 348 2437; x_wconf 88' lang='lat' dir='ltr'>noscat</span> <span class='ocrx_word' id='word_1_123' title='bbox 370 2380 403 2439; x_wconf 89' lang='lat' dir='ltr'>et</span> <span class='ocrx_word' id='word_1_124' title='bbox 425 2392 446 2438; x_wconf 90' lang='lat' dir='ltr'>a</span> <span class='ocrx_word' id='word_1_125' title='bbox 472 2378 700 2439; x_wconf 87' lang='lat' dir='ltr'>sacratissimo</span> <span class='ocrx_word' id='word_1_126' title='bbox 724 2393 863 2454; x_wconf 90' lang='lat' dir='ltr'>corpore</span> <span class='ocrx_word' id='word_1_127' title='bbox 886 2394 926 2439; x_wconf 85' lang='lat' dir='ltr'>ac</span> <span class='ocrx_word' id='word_1_128' title='bbox 947 2394 1026 2439; x_wconf 89' lang='lat' dir='ltr'>san·</span> 
     </span>
     <span class='ocr_line' id='line_1_23' title="bbox 229 2472 1026 2551; baseline 0.004 -19"><span class='ocrx_word' id='word_1_129' title='bbox 229 2472 331 2548; x_wconf 91' lang='lat' dir='ltr'>guine</span> <span class='ocrx_word' id='word_1_130' title='bbox 357 2473 417 2534; x_wconf 92' lang='lat' dir='ltr'>Dei</span> <span class='ocrx_word' id='word_1_131' title='bbox 451 2475 484 2534; x_wconf 89' lang='lat' dir='ltr'>et</span> <span class='ocrx_word' id='word_1_132' title='bbox 512 2475 645 2536; x_wconf 84' lang='lat' dir='ltr'>Domini</span> <span class='ocrx_word' id='word_1_133' title='bbox 679 2474 911 2551; x_wconf 86' lang='lat' dir='ltr'>Redemptoris</span> <span class='ocrx_word' id='word_1_134' title='bbox 946 2478 1026 2538; x_wconf 84' lang='lat' dir='ltr'>Jesu</span> 
     </span>
     <span class='ocr_line' id='line_1_24' title="bbox 230 2569 1025 2649; baseline 0.005 -20"><span class='ocrx_word' id='word_1_135' title='bbox 230 2569 351 2632; x_wconf 83' lang='lat' dir='ltr'>christi</span> <span class='ocrx_word' id='word_1_136' title='bbox 362 2570 474 2632; x_wconf 86' lang='lat' dir='ltr'>aliena</span> <span class='ocrx_word' id='word_1_137' title='bbox 482 2570 550 2644; x_wconf 85' lang='lat' dir='ltr'>hat,</span> <span class='ocrx_word' id='word_1_138' title='bbox 558 2573 657 2649; x_wconf 89' lang='lat' dir='ltr'>atque</span> <span class='ocrx_word' id='word_1_139' title='bbox 668 2571 702 2633; x_wconf 92' lang='lat' dir='ltr'>in</span> <span class='ocrx_word' id='word_1_140' title='bbox 714 2574 862 2633; x_wconf 84' lang='lat' dir='ltr'>extremo</span> <span class='ocrx_word' id='word_1_141' title='bbox 871 2572 1025 2633; x_wconf 72' lang='lat' dir='ltr'>ommino</span> 
     </span>
     <span class='ocr_line' id='line_1_25' title="bbox 229 2666 1024 2745; baseline 0.005 -18"><span class='ocrx_word' id='word_1_142' title='bbox 229 2666 390 2729; x_wconf 87' lang='lat' dir='ltr'>districtae</span> <span class='ocrx_word' id='word_1_143' title='bbox 413 2668 585 2745; x_wconf 88' lang='lat' dir='ltr'>subjaceat</span> <span class='ocrx_word' id='word_1_144' title='bbox 607 2669 739 2731; x_wconf 89' lang='lat' dir='ltr'>ultioni.</span> <span class='ocrx_word' id='word_1_145' title='bbox 764 2669 898 2731; x_wconf 89' lang='lat' dir='ltr'>Cunctis</span> <span class='ocrx_word' id='word_1_146' title='bbox 914 2671 1024 2731; x_wconf 88' lang='lat' dir='ltr'>autem</span> 
     </span>
     <span class='ocr_line' id='line_1_26' title="bbox 229 2762 1026 2844; baseline 0.006 -21"><span class='ocrx_word' id='word_1_147' title='bbox 229 2762 337 2826; x_wconf 89' lang='lat' dir='ltr'>eidem</span> <span class='ocrx_word' id='word_1_148' title='bbox 360 2765 433 2826; x_wconf 90' lang='lat' dir='ltr'>loco</span> <span class='ocrx_word' id='word_1_149' title='bbox 463 2782 525 2827; x_wconf 87' lang='lat' dir='ltr'>sua</span> <span class='ocrx_word' id='word_1_150' title='bbox 546 2768 625 2844; x_wconf 86' lang='lat' dir='ltr'>jura</span> <span class='ocrx_word' id='word_1_151' title='bbox 649 2766 858 2829; x_wconf 87' lang='lat' dir='ltr'>servantibus</span> <span class='ocrx_word' id='word_1_152' title='bbox 887 2766 931 2829; x_wconf 89' lang='lat' dir='ltr'>sit</span> <span class='ocrx_word' id='word_1_153' title='bbox 959 2783 1026 2843; x_wconf 84' lang='lat' dir='ltr'>pax</span> 
     </span>
     <span class='ocr_line' id='line_1_27' title="bbox 230 2860 1024 2940; baseline 0.005 -19"><span class='ocrx_word' id='word_1_154' title='bbox 230 2860 364 2923; x_wconf 89' lang='lat' dir='ltr'>Domini</span> <span class='ocrx_word' id='word_1_155' title='bbox 377 2863 483 2925; x_wconf 90' lang='lat' dir='ltr'>nostri</span> <span class='ocrx_word' id='word_1_156' title='bbox 497 2865 578 2926; x_wconf 87' lang='lat' dir='ltr'>Jesn</span> <span class='ocrx_word' id='word_1_157' title='bbox 593 2864 726 2935; x_wconf 87' lang='lat' dir='ltr'>Christi,</span> <span class='ocrx_word' id='word_1_158' title='bbox 744 2864 907 2940; x_wconf 89' lang='lat' dir='ltr'>quatenus</span> <span class='ocrx_word' id='word_1_159' title='bbox 924 2865 957 2926; x_wconf 89' lang='lat' dir='ltr'>et</span> <span class='ocrx_word' id='word_1_160' title='bbox 968 2864 1024 2925; x_wconf 93' lang='lat' dir='ltr'>hic</span> 
     </span>
     <span class='ocr_line' id='line_1_28' title="bbox 229 2956 1023 3038; baseline 0.003 -20"><span class='ocrx_word' id='word_1_161' title='bbox 229 2956 374 3021; x_wconf 80' lang='lat' dir='ltr'>inicium</span> <span class='ocrx_word' id='word_1_162' title='bbox 392 2959 488 3022; x_wconf 84' lang='lat' dir='ltr'>bonae</span> <span class='ocrx_word' id='word_1_163' title='bbox 509 2961 652 3023; x_wconf 91' lang='lat' dir='ltr'>actionis</span> <span class='ocrx_word' id='word_1_164' title='bbox 667 2961 863 3038; x_wconf 91' lang='lat' dir='ltr'>percipiant,</span> <span class='ocrx_word' id='word_1_165' title='bbox 884 2961 918 3023; x_wconf 90' lang='lat' dir='ltr'>et</span> <span class='ocrx_word' id='word_1_166' title='bbox 935 2960 1023 3037; x_wconf 87' lang='lat' dir='ltr'>apud</span> 
     </span>
     <span class='ocr_line' id='line_1_29' title="bbox 230 3055 1024 3135; baseline 0.005 -20"><span class='ocrx_word' id='word_1_167' title='bbox 230 3055 417 3120; x_wconf 89' lang='lat' dir='ltr'>districtum</span> <span class='ocrx_word' id='word_1_168' title='bbox 438 3058 585 3135; x_wconf 88' lang='lat' dir='ltr'>judicem</span> <span class='ocrx_word' id='word_1_169' title='bbox 608 3058 747 3135; x_wconf 90' lang='lat' dir='ltr'>praemia</span> <span class='ocrx_word' id='word_1_170' title='bbox 770 3060 904 3120; x_wconf 86' lang='lat' dir='ltr'>aeternae</span> <span class='ocrx_word' id='word_1_171' title='bbox 930 3058 1024 3135; x_wconf 91' lang='lat' dir='ltr'>pacis</span> 
     </span>
     <span class='ocr_line' id='line_1_30' title="bbox 229 3151 545 3217; baseline 0.009 -4"><span class='ocrx_word' id='word_1_172' title='bbox 229 3151 414 3216; x_wconf 86' lang='lat' dir='ltr'>inveniant</span> <span class='ocrx_word' id='word_1_173' title='bbox 429 3160 545 3217; x_wconf 87' lang='lat' dir='ltr'>Amen.</span> 
     </span>
     <span class='ocr_line' id='line_1_31' title="bbox 216 3245 1025 3328; baseline -0.001 -16"><span class='ocrx_word' id='word_1_174' title='bbox 216 3245 220 3252; x_wconf 80' lang='grc'><strong>’</strong></span> <span class='ocrx_word' id='word_1_175' title='bbox 270 3252 337 3326; x_wconf 81' lang='lat' dir='ltr'>Ego</span> <span class='ocrx_word' id='word_1_176' title='bbox 358 3252 539 3324; x_wconf 89' lang='lat' dir='ltr'>Honorius,</span> <span class='ocrx_word' id='word_1_177' title='bbox 562 3251 736 3314; x_wconf 87' lang='lat' dir='ltr'>catholicae</span> <span class='ocrx_word' id='word_1_178' title='bbox 756 3250 913 3313; x_wconf 76' lang='lat' dir='ltr'>Ecclesiae</span> <span class='ocrx_word' id='word_1_179' title='bbox 935 3251 1025 3328; x_wconf 90' lang='lat' dir='ltr'>epis·</span> 
     </span>
    </p>

    <p class='ocr_par' dir='ltr' id='par_1_5' title="bbox 200 3360 938 3522">
     <span class='ocr_line' id='line_1_32' title="bbox 233 3360 346 3424; baseline 0 -16"><span class='ocrx_word' id='word_1_180' title='bbox 233 3360 346 3424; x_wconf 90' lang='lat' dir='ltr'>copus.</span> 
     </span>
     <span class='ocr_line' id='line_1_33' title="bbox 200 3434 938 3522; baseline -0.001 -16"><span class='ocrx_word' id='word_1_181' title='bbox 200 3434 206 3443; x_wconf 83' lang='lat'>&#39;</span> <span class='ocrx_word' id='word_1_182' title='bbox 269 3446 339 3520; x_wconf 81' lang='lat' dir='ltr'>Dgo</span> <span class='ocrx_word' id='word_1_183' title='bbox 353 3445 521 3521; x_wconf 79' lang='lat' dir='ltr'>Pelagius,</span> <span class='ocrx_word' id='word_1_184' title='bbox 537 3445 736 3507; x_wconf 86' lang='lat' dir='ltr'>Albanensis</span> <span class='ocrx_word' id='word_1_185' title='bbox 751 3445 938 3522; x_wconf 89' lang='lat' dir='ltr'>episcopus.</span> 
     </span>
    </p>

    <p class='ocr_par' dir='ltr' id='par_1_6' title="bbox 269 3542 943 3619">
     <span class='ocr_line' id='line_1_34' title="bbox 269 3542 943 3619; baseline 0 -17"><span class='ocrx_word' id='word_1_186' title='bbox 269 3544 338 3617; x_wconf 82' lang='lat' dir='ltr'>Ego</span> <span class='ocrx_word' id='word_1_187' title='bbox 350 3542 522 3613; x_wconf 90' lang='lat' dir='ltr'>Nicolaus,</span> <span class='ocrx_word' id='word_1_188' title='bbox 536 3544 743 3604; x_wconf 85' lang='lat' dir='ltr'>Tusculanus</span> <span class='ocrx_word' id='word_1_189' title='bbox 756 3542 943 3619; x_wconf 89' lang='lat' dir='ltr'>episcopus.</span> 
     </span>
    </p>

    <p class='ocr_par' dir='ltr' id='par_1_7' title="bbox 230 3639 1024 3815">
     <span class='ocr_line' id='line_1_35' title="bbox 269 3639 1024 3716; baseline 0.001 -16"><span class='ocrx_word' id='word_1_190' title='bbox 269 3642 338 3716; x_wconf 86' lang='lat' dir='ltr'>Ego</span> <span class='ocrx_word' id='word_1_191' title='bbox 362 3642 440 3712; x_wconf 88' lang='lat' dir='ltr'>Leo,</span> <span class='ocrx_word' id='word_1_192' title='bbox 466 3640 554 3702; x_wconf 88' lang='lat' dir='ltr'>tituli</span> <span class='ocrx_word' id='word_1_193' title='bbox 579 3643 613 3702; x_wconf 83' lang='lat' dir='ltr'>s.</span> <span class='ocrx_word' id='word_1_194' title='bbox 639 3642 754 3703; x_wconf 88' lang='lat' dir='ltr'>Crucis</span> <span class='ocrx_word' id='word_1_195' title='bbox 777 3640 814 3701; x_wconf 92' lang='lat' dir='ltr'>in</span> <span class='ocrx_word' id='word_1_196' title='bbox 838 3639 1024 3702; x_wconf 87' lang='lat' dir='ltr'>Jerusalem</span> 
     </span>
     <span class='ocr_line' id='line_1_36' title="bbox 230 3737 611 3815; baseline -0.005 -15"><span class='ocrx_word' id='word_1_197' title='bbox 230 3738 405 3815; x_wconf 83' lang='lat' dir='ltr'>presbyter</span> <span class='ocrx_word' id='word_1_198' title='bbox 418 3737 611 3799; x_wconf 90' lang='lat' dir='ltr'>cardinalis.</span> 
     </span>
    </p>

    <p class='ocr_par' dir='ltr' id='par_1_8' title="bbox 229 3834 1026 4010">
     <span class='ocr_line' id='line_1_37' title="bbox 269 3834 1026 3913; baseline -0.003 -16"><span class='ocrx_word' id='word_1_199' title='bbox 269 3839 337 3912; x_wconf 75' lang='lat' dir='ltr'>ligo</span> <span class='ocrx_word' id='word_1_200' title='bbox 362 3836 479 3905; x_wconf 86' lang='lat' dir='ltr'>Guala,</span> <span class='ocrx_word' id='word_1_201' title='bbox 504 3839 537 3897; x_wconf 90' lang='lat' dir='ltr'>S.</span> <span class='ocrx_word' id='word_1_202' title='bbox 560 3835 698 3897; x_wconf 88' lang='lat' dir='ltr'>Martini</span> <span class='ocrx_word' id='word_1_203' title='bbox 716 3834 890 3913; x_wconf 87' lang='lat' dir='ltr'>presbyter</span> <span class='ocrx_word' id='word_1_204' title='bbox 913 3834 1026 3896; x_wconf 89' lang='lat' dir='ltr'>cardi-</span> 
     </span>
     <span class='ocr_line' id='line_1_38' title="bbox 229 3933 571 4010; baseline -0.006 -14"><span class='ocrx_word' id='word_1_205' title='bbox 229 3934 317 3996; x_wconf 88' lang='lat' dir='ltr'>nalis</span> <span class='ocrx_word' id='word_1_206' title='bbox 331 3934 421 3996; x_wconf 87' lang='lat' dir='ltr'>tituli</span> <span class='ocrx_word' id='word_1_207' title='bbox 436 3933 571 4010; x_wconf 86' lang='lat' dir='ltr'>Equitii.</span> 
     </span>
    </p>

    <p class='ocr_par' dir='ltr' id='par_1_9' title="bbox 229 4028 1026 4205">
     <span class='ocr_line' id='line_1_39' title="bbox 270 4028 1026 4109; baseline 0 -18"><span class='ocrx_word' id='word_1_208' title='bbox 270 4033 338 4107; x_wconf 82' lang='lat' dir='ltr'>Ego</span> <span class='ocrx_word' id='word_1_209' title='bbox 354 4032 554 4109; x_wconf 83' lang='lat' dir='ltr'>Stephanus,</span> <span class='ocrx_word' id='word_1_210' title='bbox 568 4028 716 4091; x_wconf 75' lang='lat' dir='ltr'>basilicae</span> <span class='ocrx_word' id='word_1_211' title='bbox 729 4029 909 4092; x_wconf 87' lang='lat' dir='ltr'>Duodecim</span> <span class='ocrx_word' id='word_1_212' title='bbox 923 4032 1026 4106; x_wconf 87' lang='lat' dir='ltr'>Apos-</span> 
     </span>
     <span class='ocr_line' id='line_1_40' title="bbox 229 4128 764 4205; baseline -0.009 -13"><span class='ocrx_word' id='word_1_213' title='bbox 229 4128 374 4192; x_wconf 85' lang='lat' dir='ltr'>tolorum</span> <span class='ocrx_word' id='word_1_214' title='bbox 387 4128 559 4205; x_wconf 88' lang='lat' dir='ltr'>presbyter</span> <span class='ocrx_word' id='word_1_215' title='bbox 571 4128 764 4189; x_wconf 88' lang='lat' dir='ltr'>cardinalis.</span> 
     </span>
    </p>

    <p class='ocr_par' dir='ltr' id='par_1_10' title="bbox 232 4223 1024 4399">
     <span class='ocr_line' id='line_1_41' title="bbox 271 4223 1024 4301; baseline 0.001 -16"><span class='ocrx_word' id='word_1_216' title='bbox 271 4227 340 4300; x_wconf 76' lang='lat' dir='ltr'>ligo</span> <span class='ocrx_word' id='word_1_217' title='bbox 362 4224 553 4301; x_wconf 78' lang='lat' dir='ltr'>Gregorius,</span> <span class='ocrx_word' id='word_1_218' title='bbox 580 4224 667 4286; x_wconf 91' lang='lat' dir='ltr'>tituli</span> <span class='ocrx_word' id='word_1_219' title='bbox 692 4225 822 4287; x_wconf 81' lang='lat' dir='ltr'>Sanctae</span> <span class='ocrx_word' id='word_1_220' title='bbox 838 4223 1024 4286; x_wconf 71' lang='lat' dir='ltr'>Anastasia</span> 
     </span>
     <span class='ocr_line' id='line_1_42' title="bbox 232 4321 613 4399; baseline 0.003 -17"><span class='ocrx_word' id='word_1_221' title='bbox 232 4321 406 4399; x_wconf 89' lang='lat' dir='ltr'>presbyter</span> <span class='ocrx_word' id='word_1_222' title='bbox 420 4321 613 4383; x_wconf 88' lang='lat' dir='ltr'>cardinalis.</span> 
     </span>
    </p>

    <p class='ocr_par' dir='ltr' id='par_1_11' title="bbox 230 4417 1027 4594">
     <span class='ocr_line' id='line_1_43' title="bbox 269 4417 1027 4495; baseline 0 -15"><span class='ocrx_word' id='word_1_223' title='bbox 269 4421 337 4495; x_wconf 80' lang='lat' dir='ltr'>Ego</span> <span class='ocrx_word' id='word_1_224' title='bbox 351 4419 505 4490; x_wconf 83' lang='lat' dir='ltr'>Thomas,</span> <span class='ocrx_word' id='word_1_225' title='bbox 525 4418 615 4481; x_wconf 91' lang='lat' dir='ltr'>tituli</span> <span class='ocrx_word' id='word_1_226' title='bbox 635 4419 765 4481; x_wconf 83' lang='lat' dir='ltr'>Sanctae</span> <span class='ocrx_word' id='word_1_227' title='bbox 783 4417 915 4481; x_wconf 83' lang='lat' dir='ltr'>Sabinae</span> <span class='ocrx_word' id='word_1_228' title='bbox 930 4433 1027 4495; x_wconf 89' lang='lat' dir='ltr'>pres-</span> 
     </span>
     <span class='ocr_line' id='line_1_44' title="bbox 230 4514 534 4594; baseline 0 -18"><span class='ocrx_word' id='word_1_229' title='bbox 230 4514 328 4594; x_wconf 88' lang='lat' dir='ltr'>byter</span> <span class='ocrx_word' id='word_1_230' title='bbox 342 4515 534 4578; x_wconf 84' lang='lat' dir='ltr'>cardinalis.</span> 
     </span>
    </p>

    <p class='ocr_par' dir='ltr' id='par_1_12' title="bbox 229 4611 1027 4779">
     <span class='ocr_line' id='line_1_45' title="bbox 270 4611 1027 4690; baseline -0.003 -14"><span class='ocrx_word' id='word_1_231' title='bbox 270 4616 339 4690; x_wconf 83' lang='lat' dir='ltr'>Ego</span> <span class='ocrx_word' id='word_1_232' title='bbox 376 4613 588 4684; x_wconf 89' lang='lat' dir='ltr'>Octavianus,</span> <span class='ocrx_word' id='word_1_233' title='bbox 624 4613 820 4675; x_wconf 81' lang='lat' dir='ltr'>Sanctorum</span> <span class='ocrx_word' id='word_1_234' title='bbox 857 4611 965 4688; x_wconf 87' lang='lat' dir='ltr'>Sergii</span> <span class='ocrx_word' id='word_1_235' title='bbox 993 4613 1027 4674; x_wconf 90' lang='lat' dir='ltr'>et</span> 
     </span>
     <span class='ocr_line' id='line_1_46' title="bbox 229 4708 740 4779; baseline -0.006 -7"><span class='ocrx_word' id='word_1_236' title='bbox 229 4711 332 4773; x_wconf 88' lang='lat' dir='ltr'>Bachi</span> <span class='ocrx_word' id='word_1_237' title='bbox 344 4710 504 4773; x_wconf 86' lang='lat' dir='ltr'>diaconus</span> <span class='ocrx_word' id='word_1_238' title='bbox 519 4708 711 4773; x_wconf 84' lang='lat' dir='ltr'>cardinalis.</span> <span class='ocrx_word' id='word_1_239' title='bbox 735 4772 740 4779; x_wconf 69' lang='grc'>,</span> 
     </span>
    </p>

    <p class='ocr_par' dir='ltr' id='par_1_13' title="bbox 231 4805 1025 4968">
     <span class='ocr_line' id='line_1_47' title="bbox 271 4805 1025 4884; baseline -0.003 -14"><span class='ocrx_word' id='word_1_240' title='bbox 271 4811 339 4884; x_wconf 82' lang='lat' dir='ltr'>Ego</span> <span class='ocrx_word' id='word_1_241' title='bbox 352 4808 543 4883; x_wconf 79' lang='lat' dir='ltr'>Gregorius,</span> <span class='ocrx_word' id='word_1_242' title='bbox 561 4807 674 4869; x_wconf 83' lang='lat' dir='ltr'>Sancti</span> <span class='ocrx_word' id='word_1_243' title='bbox 687 4806 852 4868; x_wconf 88' lang='lat' dir='ltr'>Theodori</span> <span class='ocrx_word' id='word_1_244' title='bbox 865 4805 1025 4869; x_wconf 92' lang='lat' dir='ltr'>diaconus</span> 
     </span>
     <span class='ocr_line' id='line_1_48' title="bbox 231 4905 425 4968; baseline -0.01 0"><span class='ocrx_word' id='word_1_245' title='bbox 231 4905 425 4968; x_wconf 86' lang='lat' dir='ltr'>cardinalis.</span> 
     </span>
    </p>

    <p class='ocr_par' dir='ltr' id='par_1_14' title="bbox 230 5000 1026 5164">
     <span class='ocr_line' id='line_1_49' title="bbox 271 5000 1026 5081; baseline -0.005 -15"><span class='ocrx_word' id='word_1_246' title='bbox 271 5006 340 5081; x_wconf 79' lang='lat' dir='ltr'>ligo</span> <span class='ocrx_word' id='word_1_247' title='bbox 367 5005 548 5075; x_wconf 88' lang='lat' dir='ltr'>Romanus,</span> <span class='ocrx_word' id='word_1_248' title='bbox 576 5002 689 5063; x_wconf 83' lang='lat' dir='ltr'>Sancti</span> <span class='ocrx_word' id='word_1_249' title='bbox 715 5000 832 5077; x_wconf 83' lang='lat' dir='ltr'>Angeli</span> <span class='ocrx_word' id='word_1_250' title='bbox 865 5000 1026 5062; x_wconf 89' lang='lat' dir='ltr'>diaconus</span> 
     </span>
     <span class='ocr_line' id='line_1_50' title="bbox 230 5101 424 5164; baseline -0.01 -1"><span class='ocrx_word' id='word_1_251' title='bbox 230 5101 424 5164; x_wconf 87' lang='lat' dir='ltr'>cardinalis.</span> 
     </span>
    </p>

    <p class='ocr_par' dir='ltr' id='par_1_15' title="bbox 232 5194 1026 5359">
     <span class='ocr_line' id='line_1_51' title="bbox 271 5194 1026 5277; baseline -0.007 -17"><span class='ocrx_word' id='word_1_252' title='bbox 271 5202 340 5277; x_wconf 80' lang='lat' dir='ltr'>ligo</span> <span class='ocrx_word' id='word_1_253' title='bbox 356 5199 557 5275; x_wconf 83' lang='lat' dir='ltr'>Stephanus,</span> <span class='ocrx_word' id='word_1_254' title='bbox 576 5195 690 5257; x_wconf 89' lang='lat' dir='ltr'>Sancti</span> <span class='ocrx_word' id='word_1_255' title='bbox 709 5194 847 5256; x_wconf 76' lang='lat' dir='ltr'>Adriani</span> <span class='ocrx_word' id='word_1_256' title='bbox 866 5194 1026 5256; x_wconf 89' lang='lat' dir='ltr'>diaconus</span> 
     </span>
     <span class='ocr_line' id='line_1_52' title="bbox 232 5297 426 5359; baseline -0.01 0"><span class='ocrx_word' id='word_1_257' title='bbox 232 5297 426 5359; x_wconf 88' lang='lat' dir='ltr'>cardinalis.</span> 
     </span>
    </p>

    <p class='ocr_par' dir='ltr' id='par_1_16' title="bbox 233 5388 1028 5550">
     <span class='ocr_line' id='line_1_53' title="bbox 273 5388 1028 5470; baseline -0.012 -14"><span class='ocrx_word' id='word_1_258' title='bbox 273 5397 341 5470; x_wconf 84' lang='lat' dir='ltr'>Ego</span> <span class='ocrx_word' id='word_1_259' title='bbox 374 5395 504 5463; x_wconf 88' lang='lat' dir='ltr'>Petrus,</span> <span class='ocrx_word' id='word_1_260' title='bbox 531 5389 647 5452; x_wconf 88' lang='lat' dir='ltr'>Sancti</span> <span class='ocrx_word' id='word_1_261' title='bbox 674 5388 807 5465; x_wconf 82' lang='lat' dir='ltr'>Georgii</span> <span class='ocrx_word' id='word_1_262' title='bbox 842 5388 884 5449; x_wconf 90' lang='lat' dir='ltr'>ad</span> <span class='ocrx_word' id='word_1_263' title='bbox 910 5388 1028 5450; x_wconf 88' lang='lat' dir='ltr'>Velum</span> 
     </span>
     <span class='ocr_line' id='line_1_54' title="bbox 233 5484 761 5550; baseline -0.011 0"><span class='ocrx_word' id='word_1_264' title='bbox 233 5493 379 5550; x_wconf 81' lang='lat' dir='ltr'>Aureum</span> <span class='ocrx_word' id='word_1_265' title='bbox 394 5489 553 5549; x_wconf 89' lang='lat' dir='ltr'>diaconus</span> <span class='ocrx_word' id='word_1_266' title='bbox 569 5484 761 5547; x_wconf 88' lang='lat' dir='ltr'>cardinalis.</span> 
     </span>
    </p>

    <p class='ocr_par' dir='ltr' id='par_1_17' title="bbox 275 5580 1028 5659">
     <span class='ocr_line' id='line_1_55' title="bbox 275 5580 1028 5659; baseline -0.008 -13"><span class='ocrx_word' id='word_1_267' title='bbox 275 5586 393 5647; x_wconf 90' lang='lat' dir='ltr'>Datum</span> <span class='ocrx_word' id='word_1_268' title='bbox 420 5584 588 5656; x_wconf 82' lang='lat' dir='ltr'>Laterani,</span> <span class='ocrx_word' id='word_1_269' title='bbox 616 5598 676 5659; x_wconf 91' lang='lat' dir='ltr'>per</span> <span class='ocrx_word' id='word_1_270' title='bbox 710 5597 845 5643; x_wconf 91' lang='lat' dir='ltr'>manum</span> <span class='ocrx_word' id='word_1_271' title='bbox 877 5580 1028 5657; x_wconf 89' lang='lat' dir='ltr'>magistri</span> 
     </span>
    </p>
   </div>
   <div class='ocr_carea' id='block_1_5' title="bbox 235 5676 1028 5757">
    <p class='ocr_par' dir='ltr' id='par_1_18' title="bbox 235 5676 1028 5757">
     <span class='ocr_line' id='line_1_56' title="bbox 235 5676 1028 5757; baseline -0.003 -17"><span class='ocrx_word' id='word_1_272' title='bbox 235 5680 407 5749; x_wconf 86' lang='lat' dir='ltr'>Gnidonis,</span> <span class='ocrx_word' id='word_1_273' title='bbox 424 5680 549 5741; x_wconf 92' lang='lat' dir='ltr'>domini</span> <span class='ocrx_word' id='word_1_274' title='bbox 565 5695 658 5757; x_wconf 84' lang='lat' dir='ltr'>papae</span> <span class='ocrx_word' id='word_1_275' title='bbox 673 5678 807 5751; x_wconf 90' lang='lat' dir='ltr'>notarii,</span> <span class='ocrx_word' id='word_1_276' title='bbox 823 5681 852 5740; x_wconf 82' lang='lat' dir='ltr'>X</span> <span class='ocrx_word' id='word_1_277' title='bbox 868 5676 1028 5739; x_wconf 88' lang='lat' dir='ltr'>kalendas</span> 
     </span>
    </p>
   </div>
   <div class='ocr_carea' id='block_1_6' title="bbox 1082 724 1636 802">
    <p class='ocr_par' dir='ltr' id='par_1_19' title="bbox 1082 724 1636 802">
     <span class='ocr_line' id='line_1_57' title="bbox 1082 724 1636 802; baseline -0.002 -17"><span class='ocrx_word' id='word_1_278' title='bbox 1082 724 1222 786; x_wconf 85' lang='lat' dir='ltr'>Honorii</span> <span class='ocrx_word' id='word_1_279' title='bbox 1237 740 1331 802; x_wconf 87' lang='lat' dir='ltr'>papae</span> <span class='ocrx_word' id='word_1_280' title='bbox 1346 726 1392 785; x_wconf 86' lang='lat'>111</span> <span class='ocrx_word' id='word_1_281' title='bbox 1407 739 1495 786; x_wconf 89' lang='lat' dir='ltr'>anno</span> <span class='ocrx_word' id='word_1_282' title='bbox 1508 724 1636 786; x_wconf 87' lang='lat' dir='ltr'>octavo.</span> 
     </span>
    </p>
   </div>
   <div class='ocr_carea' id='block_1_7' title="bbox 1081 1125 1859 1200">
    <p class='ocr_par' dir='ltr' id='par_1_20' title="bbox 1081 1125 1859 1200">
     <span class='ocr_line' id='line_1_58' title="bbox 1081 1125 1859 1200; baseline -0.004 -15"><span class='ocrx_word' id='word_1_283' title='bbox 1081 1127 1134 1186; x_wconf 86' lang='lat' dir='ltr'>Ad</span> <span class='ocrx_word' id='word_1_284' title='bbox 1140 1128 1336 1200; x_wconf 77' lang='lat' dir='ltr'>episcopam</span> <span class='ocrx_word' id='word_1_285' title='bbox 1344 1125 1378 1187; x_wconf 84' lang='lat' dir='ltr'>et</span> <span class='ocrx_word' id='word_1_286' title='bbox 1386 1125 1617 1199; x_wconf 70' lang='lat' dir='ltr'>praepositum</span> <span class='ocrx_word' id='word_1_287' title='bbox 1623 1126 1859 1186; x_wconf 76' lang='lat' dir='ltr'>Ariminenses.</span> 
     </span>
    </p>
   </div>
   <div class='ocr_carea' id='block_1_8' title="bbox 1188 1255 1769 1444">
    <p class='ocr_par' dir='ltr' id='par_1_21' title="bbox 1188 1255 1769 1444">
     <span class='ocr_line' id='line_1_59' title="bbox 1372 1255 1581 1313; baseline -0.005 0"><span class='ocrx_word' id='word_1_288' title='bbox 1372 1255 1408 1313; x_wconf 75' lang='lat' dir='ltr'>ai</span> <span class='ocrx_word' id='word_1_289' title='bbox 1422 1255 1490 1312; x_wconf 86' lang='lat' dir='ltr'>maii</span> <span class='ocrx_word' id='word_1_290' title='bbox 1503 1255 1581 1312; x_wconf 69' lang='lat' dir='ltr'>lm.</span> 
     </span>
     <span class='ocr_line' id='line_1_60' title="bbox 1188 1377 1769 1444; baseline -0.005 -13"><span class='ocrx_word' id='word_1_291' title='bbox 1188 1378 1327 1444; x_wconf 69' lang='lat' dir='ltr'>[Fortunat</span> <span class='ocrx_word' id='word_1_292' title='bbox 1340 1379 1452 1429; x_wconf 74' lang='lat' dir='ltr'>honum.</span> <span class='ocrx_word' id='word_1_293' title='bbox 1465 1378 1618 1436; x_wconf 81' lang='lat' dir='ltr'>Ravennati,</span> <span class='ocrx_word' id='word_1_294' title='bbox 1631 1378 1653 1438; x_wconf 91' lang='lat' dir='ltr'>l,</span> <span class='ocrx_word' id='word_1_295' title='bbox 1665 1393 1691 1443; x_wconf 85' lang='lat' dir='ltr'>p.</span> <span class='ocrx_word' id='word_1_296' title='bbox 1701 1377 1769 1439; x_wconf 75' lang='lat' dir='ltr'>mo]</span> 
     </span>
    </p>
   </div>
   <div class='ocr_carea' id='block_1_9' title="bbox 1117 1502 1832 1664">
    <p class='ocr_par' dir='ltr' id='par_1_22' title="bbox 1117 1502 1832 1664">
     <span class='ocr_line' id='line_1_61' title="bbox 1117 1502 1832 1577; baseline -0.006 -13"><span class='ocrx_word' id='word_1_297' title='bbox 1117 1505 1154 1564; x_wconf 84' lang='lat' dir='ltr'>lit</span> <span class='ocrx_word' id='word_1_298' title='bbox 1168 1502 1383 1577; x_wconf 87' lang='lat' dir='ltr'>archiepiscopo</span> <span class='ocrx_word' id='word_1_299' title='bbox 1393 1504 1550 1561; x_wconf 80' lang='lat' dir='ltr'>Ravennati</span> <span class='ocrx_word' id='word_1_300' title='bbox 1563 1502 1689 1561; x_wconf 86' lang='lat' dir='ltr'>tribuant</span> <span class='ocrx_word' id='word_1_301' title='bbox 1696 1502 1832 1560; x_wconf 80' lang='lat' dir='ltr'>licentiam</span> 
     </span>
     <span class='ocr_line' id='line_1_62' title="bbox 1249 1590 1707 1664; baseline -0.009 -12"><span class='ocrx_word' id='word_1_302' title='bbox 1249 1591 1392 1652; x_wconf 77' lang='lat' dir='ltr'>vendendi</span> <span class='ocrx_word' id='word_1_303' title='bbox 1405 1599 1529 1649; x_wconf 81' lang='lat' dir='ltr'>castrum</span> <span class='ocrx_word' id='word_1_304' title='bbox 1538 1590 1707 1664; x_wconf 79' lang='lat' dir='ltr'>savignani.</span> 
     </span>
    </p>
   </div>
   <div class='ocr_carea' id='block_1_10' title="bbox 1080 1716 1861 2378">
    <p class='ocr_par' dir='ltr' id='par_1_23' title="bbox 1080 1716 1860 2073">
     <span class='ocr_line' id='line_1_63' title="bbox 1120 1716 1859 1797; baseline -0.005 -17"><span class='ocrx_word' id='word_1_305' title='bbox 1120 1719 1287 1781; x_wconf 86' lang='lat' dir='ltr'>Honorius</span> <span class='ocrx_word' id='word_1_306' title='bbox 1295 1719 1482 1797; x_wconf 89' lang='lat' dir='ltr'>episcopus,</span> <span class='ocrx_word' id='word_1_307' title='bbox 1494 1733 1610 1779; x_wconf 89' lang='lat' dir='ltr'>servus</span> <span class='ocrx_word' id='word_1_308' title='bbox 1619 1730 1793 1779; x_wconf 86' lang='lat' dir='ltr'>servorum</span> <span class='ocrx_word' id='word_1_309' title='bbox 1800 1716 1859 1787; x_wconf 88' lang='lat' dir='ltr'>Dei,</span> 
     </span>
     <span class='ocr_line' id='line_1_64' title="bbox 1080 1812 1860 1892; baseline -0.004 -15"><span class='ocrx_word' id='word_1_310' title='bbox 1080 1815 1264 1878; x_wconf 89' lang='lat' dir='ltr'>venerabili</span> <span class='ocrx_word' id='word_1_311' title='bbox 1281 1815 1428 1878; x_wconf 76' lang='lat' dir='ltr'>fratri...</span> <span class='ocrx_word' id='word_1_312' title='bbox 1445 1814 1600 1892; x_wconf 88' lang='lat' dir='ltr'>episcopo</span> <span class='ocrx_word' id='word_1_313' title='bbox 1614 1814 1649 1876; x_wconf 91' lang='lat' dir='ltr'>et</span> <span class='ocrx_word' id='word_1_314' title='bbox 1667 1813 1788 1876; x_wconf 89' lang='lat' dir='ltr'>dilecto</span> <span class='ocrx_word' id='word_1_315' title='bbox 1803 1812 1860 1874; x_wconf 88' lang='lat' dir='ltr'>illio</span> 
     </span>
     <span class='ocr_line' id='line_1_65' title="bbox 1081 1910 1859 1990; baseline -0.001 -18"><span class='ocrx_word' id='word_1_316' title='bbox 1081 1914 1257 1990; x_wconf 88' lang='lat' dir='ltr'>praeposito</span> <span class='ocrx_word' id='word_1_317' title='bbox 1272 1913 1468 1984; x_wconf 83' lang='lat' dir='ltr'>Ariminen,</span> <span class='ocrx_word' id='word_1_318' title='bbox 1489 1911 1630 1973; x_wconf 88' lang='lat' dir='ltr'>salutem</span> <span class='ocrx_word' id='word_1_319' title='bbox 1651 1914 1685 1973; x_wconf 91' lang='lat' dir='ltr'>et</span> <span class='ocrx_word' id='word_1_320' title='bbox 1703 1910 1859 1988; x_wconf 86' lang='lat' dir='ltr'>Apostoli·</span> 
     </span>
     <span class='ocr_line' id='line_1_66' title="bbox 1081 2010 1440 2073; baseline -0.006 0"><span class='ocrx_word' id='word_1_321' title='bbox 1081 2026 1153 2073; x_wconf 89' lang='lat' dir='ltr'>cam</span> <span class='ocrx_word' id='word_1_322' title='bbox 1166 2010 1440 2073; x_wconf 86' lang='lat' dir='ltr'>benedictionem.</span> 
     </span>
    </p>

    <p class='ocr_par' dir='ltr' id='par_1_24' title="bbox 1080 2106 1861 2378">
     <span class='ocr_line' id='line_1_67' title="bbox 1120 2106 1859 2184; baseline -0.008 -13"><span class='ocrx_word' id='word_1_323' title='bbox 1120 2106 1859 2184; x_wconf 83' lang='lat' dir='ltr'>Venerabilisirateruoster...archiepiscopus</span> 
     </span>
     <span class='ocr_line' id='line_1_68' title="bbox 1081 2203 1861 2282; baseline -0.006 -15"><span class='ocrx_word' id='word_1_324' title='bbox 1081 2209 1257 2267; x_wconf 85' lang='lat' dir='ltr'>Ravennae</span> <span class='ocrx_word' id='word_1_325' title='bbox 1274 2204 1453 2282; x_wconf 88' lang='lat' dir='ltr'>postulavit</span> <span class='ocrx_word' id='word_1_326' title='bbox 1466 2220 1486 2265; x_wconf 89' lang='lat' dir='ltr'>a</span> <span class='ocrx_word' id='word_1_327' title='bbox 1499 2203 1605 2276; x_wconf 90' lang='lat' dir='ltr'>nobis,</span> <span class='ocrx_word' id='word_1_328' title='bbox 1625 2207 1662 2265; x_wconf 93' lang='lat' dir='ltr'>ut</span> <span class='ocrx_word' id='word_1_329' title='bbox 1675 2220 1778 2281; x_wconf 90' lang='lat' dir='ltr'>quum</span> <span class='ocrx_word' id='word_1_330' title='bbox 1792 2218 1861 2263; x_wconf 90' lang='lat' dir='ltr'>ven-</span> 
     </span>
     <span class='ocr_line' id='line_1_69' title="bbox 1080 2301 1858 2378; baseline -0.006 -15"><span class='ocrx_word' id='word_1_331' title='bbox 1080 2302 1186 2364; x_wconf 92' lang='lat' dir='ltr'>dendo</span> <span class='ocrx_word' id='word_1_332' title='bbox 1199 2305 1344 2364; x_wconf 88' lang='lat' dir='ltr'>castrum</span> <span class='ocrx_word' id='word_1_333' title='bbox 1358 2301 1539 2378; x_wconf 88' lang='lat' dir='ltr'>Savignani</span> <span class='ocrx_word' id='word_1_334' title='bbox 1554 2301 1588 2362; x_wconf 93' lang='lat' dir='ltr'>et</span> <span class='ocrx_word' id='word_1_335' title='bbox 1612 2301 1654 2361; x_wconf 91' lang='lat' dir='ltr'>de</span> <span class='ocrx_word' id='word_1_336' title='bbox 1667 2301 1776 2376; x_wconf 88' lang='lat' dir='ltr'>pretio</span> <span class='ocrx_word' id='word_1_337' title='bbox 1800 2302 1858 2376; x_wconf 86' lang='lat' dir='ltr'>ejns</span> 
     </span>
    </p>
   </div>
   <div class='ocr_carea' id='block_1_11' title="bbox 1035 2397 1860 2477">
    <p class='ocr_par' dir='ltr' id='par_1_25' title="bbox 1035 2397 1860 2477">
     <span class='ocr_line' id='line_1_70' title="bbox 1035 2397 1860 2477; baseline -0.004 -16"><span class='ocrx_word' id='word_1_338' title='bbox 1035 2461 1040 2471; x_wconf 82' lang='grc'>,</span> <span class='ocrx_word' id='word_1_339' title='bbox 1081 2400 1165 2461; x_wconf 87' lang='lat' dir='ltr'>alias</span> <span class='ocrx_word' id='word_1_340' title='bbox 1177 2400 1403 2477; x_wconf 89' lang='lat' dir='ltr'>possessiones</span> <span class='ocrx_word' id='word_1_341' title='bbox 1416 2398 1554 2460; x_wconf 89' lang='lat' dir='ltr'>emendo</span> <span class='ocrx_word' id='word_1_342' title='bbox 1577 2397 1860 2459; x_wconf 87' lang='lat' dir='ltr'>conditionemeo·</span> 
     </span>
    </p>
   </div>
   <div class='ocr_carea' id='block_1_12' title="bbox 1078 2494 1939 3920">
    <p class='ocr_par' dir='ltr' id='par_1_26' title="bbox 1078 2494 1939 3920">
     <span class='ocr_line' id='line_1_71' title="bbox 1080 2494 1860 2574; baseline -0.006 -16"><span class='ocrx_word' id='word_1_343' title='bbox 1080 2497 1191 2558; x_wconf 86' lang='lat' dir='ltr'>clasiae</span> <span class='ocrx_word' id='word_1_344' title='bbox 1202 2513 1272 2558; x_wconf 73' lang='lat' dir='ltr'>suae</span> <span class='ocrx_word' id='word_1_345' title='bbox 1282 2495 1504 2574; x_wconf 88' lang='lat' dir='ltr'>possitiacere</span> <span class='ocrx_word' id='word_1_346' title='bbox 1512 2495 1697 2567; x_wconf 90' lang='lat' dir='ltr'>moliorem,</span> <span class='ocrx_word' id='word_1_347' title='bbox 1708 2495 1742 2556; x_wconf 91' lang='lat' dir='ltr'>id</span> <span class='ocrx_word' id='word_1_348' title='bbox 1754 2494 1860 2555; x_wconf 89' lang='lat' dir='ltr'>iacien-</span> 
     </span>
     <span class='ocr_line' id='line_1_72' title="bbox 1080 2591 1858 2667; baseline -0.009 -11"><span class='ocrx_word' id='word_1_349' title='bbox 1080 2595 1114 2656; x_wconf 93' lang='lat' dir='ltr'>di</span> <span class='ocrx_word' id='word_1_350' title='bbox 1141 2594 1310 2657; x_wconf 88' lang='lat' dir='ltr'>licentiam</span> <span class='ocrx_word' id='word_1_351' title='bbox 1341 2593 1405 2655; x_wconf 89' lang='lat' dir='ltr'>sibi</span> <span class='ocrx_word' id='word_1_352' title='bbox 1431 2592 1614 2655; x_wconf 87' lang='lat' dir='ltr'>concedere</span> <span class='ocrx_word' id='word_1_353' title='bbox 1645 2591 1858 2667; x_wconf 89' lang='lat' dir='ltr'>dignaremur.</span> 
     </span>
     <span class='ocr_line' id='line_1_73' title="bbox 1079 2685 1860 2768; baseline -0.006 -17"><span class='ocrx_word' id='word_1_354' title='bbox 1079 2691 1222 2768; x_wconf 89' lang='lat' dir='ltr'>Ideoque</span> <span class='ocrx_word' id='word_1_355' title='bbox 1241 2690 1433 2752; x_wconf 91' lang='lat' dir='ltr'>discretioni</span> <span class='ocrx_word' id='word_1_356' title='bbox 1455 2691 1576 2750; x_wconf 78' lang='lat' dir='ltr'>vestrm</span> <span class='ocrx_word' id='word_1_357' title='bbox 1602 2702 1662 2765; x_wconf 90' lang='lat' dir='ltr'>per</span> <span class='ocrx_word' id='word_1_358' title='bbox 1684 2685 1860 2764; x_wconf 69' lang='lat' dir='ltr'>apostolica</span> 
     </span>
     <span class='ocr_line' id='line_1_74' title="bbox 1079 2782 1860 2864; baseline -0.006 -17"><span class='ocrx_word' id='word_1_359' title='bbox 1079 2788 1202 2864; x_wconf 87' lang='lat' dir='ltr'>scripta</span> <span class='ocrx_word' id='word_1_360' title='bbox 1212 2787 1418 2858; x_wconf 90' lang='lat' dir='ltr'>mandamus,</span> <span class='ocrx_word' id='word_1_361' title='bbox 1435 2787 1599 2864; x_wconf 89' lang='lat' dir='ltr'>quatenus</span> <span class='ocrx_word' id='word_1_362' title='bbox 1612 2785 1724 2846; x_wconf 87' lang='lat' dir='ltr'>castro</span> <span class='ocrx_word' id='word_1_363' title='bbox 1738 2785 1819 2860; x_wconf 89' lang='lat' dir='ltr'>ipso,</span> <span class='ocrx_word' id='word_1_364' title='bbox 1832 2782 1860 2843; x_wconf 92' lang='lat' dir='ltr'>et</span> 
     </span>
     <span class='ocr_line' id='line_1_75' title="bbox 1079 2879 1858 2962; baseline -0.008 -16"><span class='ocrx_word' id='word_1_365' title='bbox 1079 2884 1287 2960; x_wconf 89' lang='lat' dir='ltr'>pertinentiis</span> <span class='ocrx_word' id='word_1_366' title='bbox 1315 2886 1398 2962; x_wconf 88' lang='lat' dir='ltr'>ejus,</span> <span class='ocrx_word' id='word_1_367' title='bbox 1420 2898 1460 2944; x_wconf 91' lang='lat' dir='ltr'>ac</span> <span class='ocrx_word' id='word_1_368' title='bbox 1481 2879 1760 2961; x_wconf 86' lang='lat' dir='ltr'>possessionibus,</span> <span class='ocrx_word' id='word_1_369' title='bbox 1784 2894 1858 2957; x_wconf 84' lang='lat' dir='ltr'>quas</span> 
     </span>
     <span class='ocr_line' id='line_1_76' title="bbox 1079 2977 1859 3059; baseline -0.004 -18"><span class='ocrx_word' id='word_1_370' title='bbox 1079 2981 1119 3042; x_wconf 92' lang='lat' dir='ltr'>de</span> <span class='ocrx_word' id='word_1_371' title='bbox 1139 2982 1246 3059; x_wconf 90' lang='lat' dir='ltr'>pretio</span> <span class='ocrx_word' id='word_1_372' title='bbox 1260 2984 1332 3059; x_wconf 77' lang='lat' dir='ltr'>eJus</span> <span class='ocrx_word' id='word_1_373' title='bbox 1347 2980 1492 3057; x_wconf 90' lang='lat' dir='ltr'>disponit</span> <span class='ocrx_word' id='word_1_374' title='bbox 1518 2978 1625 3040; x_wconf 84' lang='lat' dir='ltr'>eidem</span> <span class='ocrx_word' id='word_1_375' title='bbox 1643 2977 1859 3054; x_wconf 88' lang='lat' dir='ltr'>archiepisco-</span> 
     </span>
     <span class='ocr_line' id='line_1_77' title="bbox 1078 3072 1858 3155; baseline -0.006 -16"><span class='ocrx_word' id='word_1_376' title='bbox 1078 3095 1140 3155; x_wconf 87' lang='lat' dir='ltr'>pus</span> <span class='ocrx_word' id='word_1_377' title='bbox 1157 3094 1278 3151; x_wconf 90' lang='lat' dir='ltr'>emere,</span> <span class='ocrx_word' id='word_1_378' title='bbox 1294 3077 1472 3154; x_wconf 89' lang='lat' dir='ltr'>diligenter</span> <span class='ocrx_word' id='word_1_379' title='bbox 1483 3075 1653 3154; x_wconf 87' lang='lat' dir='ltr'>inspectis,</span> <span class='ocrx_word' id='word_1_380' title='bbox 1667 3075 1698 3136; x_wconf 92' lang='lat' dir='ltr'>si</span> <span class='ocrx_word' id='word_1_381' title='bbox 1722 3075 1783 3136; x_wconf 91' lang='lat' dir='ltr'>hoc</span> <span class='ocrx_word' id='word_1_382' title='bbox 1800 3072 1858 3151; x_wconf 82' lang='lat' dir='ltr'>ipsi</span> 
     </span>
     <span class='ocr_line' id='line_1_78' title="bbox 1078 3172 1939 3251; baseline -0.007 -14"><span class='ocrx_word' id='word_1_383' title='bbox 1078 3177 1230 3238; x_wconf 84' lang='lat' dir='ltr'>ecclesiae</span> <span class='ocrx_word' id='word_1_384' title='bbox 1245 3176 1395 3238; x_wconf 88' lang='lat' dir='ltr'>videritis</span> <span class='ocrx_word' id='word_1_385' title='bbox 1410 3175 1579 3251; x_wconf 82' lang='lat' dir='ltr'>expedire,</span> <span class='ocrx_word' id='word_1_386' title='bbox 1599 3172 1633 3233; x_wconf 91' lang='lat' dir='ltr'>id</span> <span class='ocrx_word' id='word_1_387' title='bbox 1655 3172 1776 3249; x_wconf 89' lang='lat' dir='ltr'>agendi</span> <span class='ocrx_word' id='word_1_388' title='bbox 1794 3186 1858 3232; x_wconf 90' lang='lat' dir='ltr'>cum</span> <span class='ocrx_word' id='word_1_389' title='bbox 1938 3216 1939 3245; x_wconf 76' lang='lat'>,</span> 
     </span>
     <span class='ocr_line' id='line_1_79' title="bbox 1078 3270 1938 3351; baseline -0.009 -16"><span class='ocrx_word' id='word_1_390' title='bbox 1078 3274 1215 3351; x_wconf 89' lang='lat' dir='ltr'>capituli</span> <span class='ocrx_word' id='word_1_391' title='bbox 1231 3274 1283 3335; x_wconf 92' lang='lat' dir='ltr'>sui</span> <span class='ocrx_word' id='word_1_392' title='bbox 1298 3273 1438 3335; x_wconf 89' lang='lat' dir='ltr'>consilio</span> <span class='ocrx_word' id='word_1_393' title='bbox 1448 3273 1482 3334; x_wconf 93' lang='lat' dir='ltr'>et</span> <span class='ocrx_word' id='word_1_394' title='bbox 1493 3286 1669 3342; x_wconf 89' lang='lat' dir='ltr'>consensu,</span> <span class='ocrx_word' id='word_1_395' title='bbox 1682 3270 1788 3332; x_wconf 91' lang='lat' dir='ltr'>eidem</span> <span class='ocrx_word' id='word_1_396' title='bbox 1808 3282 1858 3329; x_wconf 89' lang='lat' dir='ltr'>ar·</span> <span class='ocrx_word' id='word_1_397' title='bbox 1937 3348 1938 3351; x_wconf 8' lang='grc' dir='ltr'><strong>Ἴ</strong></span> 
     </span>
     <span class='ocr_line' id='line_1_80' title="bbox 1078 3365 1938 3448; baseline -0.006 -16"><span class='ocrx_word' id='word_1_398' title='bbox 1078 3371 1290 3448; x_wconf 90' lang='lat' dir='ltr'>chiepiscopo</span> <span class='ocrx_word' id='word_1_399' title='bbox 1323 3369 1520 3432; x_wconf 90' lang='lat' dir='ltr'>auctoritate</span> <span class='ocrx_word' id='word_1_400' title='bbox 1555 3369 1668 3429; x_wconf 90' lang='lat' dir='ltr'>nostra</span> <span class='ocrx_word' id='word_1_401' title='bbox 1703 3365 1857 3429; x_wconf 85' lang='lat' dir='ltr'>licentiam</span> <span class='ocrx_word' id='word_1_402' title='bbox 1937 3368 1938 3409; x_wconf 55' lang='lat' dir='ltr'>l</span> 
     </span>
     <span class='ocr_line' id='line_1_81' title="bbox 1079 3462 1937 3549; baseline -0.012 -19"><span class='ocrx_word' id='word_1_403' title='bbox 1079 3469 1245 3541; x_wconf 86' lang='lat' dir='ltr'>tribuatis,</span> <span class='ocrx_word' id='word_1_404' title='bbox 1268 3467 1402 3545; x_wconf 87' lang='lat' dir='ltr'>proviso</span> <span class='ocrx_word' id='word_1_405' title='bbox 1428 3466 1581 3532; x_wconf 89' lang='lat' dir='ltr'>sollicite,</span> <span class='ocrx_word' id='word_1_406' title='bbox 1611 3463 1699 3543; x_wconf 89' lang='lat' dir='ltr'>quod</span> <span class='ocrx_word' id='word_1_407' title='bbox 1724 3462 1857 3542; x_wconf 87' lang='lat' dir='ltr'>ejnsden</span> <span class='ocrx_word' id='word_1_408' title='bbox 1936 3542 1937 3549; x_wconf 6' lang='grc' dir='ltr'>ἵ</span> 
     </span>
     <span class='ocr_line' id='line_1_82' title="bbox 1079 3552 1937 3643; baseline -0.009 -16"><span class='ocrx_word' id='word_1_409' title='bbox 1079 3567 1181 3628; x_wconf 88' lang='lat' dir='ltr'>castri</span> <span class='ocrx_word' id='word_1_410' title='bbox 1194 3565 1337 3643; x_wconf 89' lang='lat' dir='ltr'>pretium</span> <span class='ocrx_word' id='word_1_411' title='bbox 1360 3564 1397 3624; x_wconf 91' lang='lat' dir='ltr'>iu</span> <span class='ocrx_word' id='word_1_412' title='bbox 1411 3563 1610 3640; x_wconf 90' lang='lat' dir='ltr'>emptionem</span> <span class='ocrx_word' id='word_1_413' title='bbox 1625 3560 1857 3638; x_wconf 88' lang='lat' dir='ltr'>possessionum</span> <span class='ocrx_word' id='word_1_414' title='bbox 1936 3552 1937 3571; x_wconf 64' lang='lat'>¹</span> 
     </span>
     <span class='ocr_line' id='line_1_83' title="bbox 1078 3658 1936 3737; baseline -0.012 -13"><span class='ocrx_word' id='word_1_415' title='bbox 1078 3663 1151 3726; x_wconf 90' lang='lat' dir='ltr'>sine</span> <span class='ocrx_word' id='word_1_416' title='bbox 1166 3663 1384 3724; x_wconf 89' lang='lat' dir='ltr'>diminutione</span> <span class='ocrx_word' id='word_1_417' title='bbox 1392 3659 1538 3737; x_wconf 90' lang='lat' dir='ltr'>qualibet</span> <span class='ocrx_word' id='word_1_418' title='bbox 1561 3660 1782 3722; x_wconf 86' lang='lat' dir='ltr'>convertatur.</span> <span class='ocrx_word' id='word_1_419' title='bbox 1806 3658 1857 3716; x_wconf 87' lang='lat' dir='ltr'>Da·</span> <span class='ocrx_word' id='word_1_420' title='bbox 1935 3724 1936 3735; x_wconf 9' lang='grc' dir='ltr'>χ</span> 
     </span>
     <span class='ocr_line' id='line_1_84' title="bbox 1079 3750 1857 3834; baseline -0.01 -12"><span class='ocrx_word' id='word_1_421' title='bbox 1079 3763 1148 3822; x_wconf 90' lang='lat' dir='ltr'>tum</span> <span class='ocrx_word' id='word_1_422' title='bbox 1172 3759 1338 3831; x_wconf 87' lang='lat' dir='ltr'>Laterani,</span> <span class='ocrx_word' id='word_1_423' title='bbox 1368 3761 1413 3820; x_wconf 85' lang='lat' dir='ltr'>IX</span> <span class='ocrx_word' id='word_1_424' title='bbox 1434 3756 1595 3819; x_wconf 84' lang='lat' dir='ltr'>kalendas</span> <span class='ocrx_word' id='word_1_425' title='bbox 1610 3756 1717 3834; x_wconf 86' lang='lat' dir='ltr'>junii,</span> <span class='ocrx_word' id='word_1_426' title='bbox 1739 3750 1857 3833; x_wconf 81' lang='lat' dir='ltr'>pontid·</span> 
     </span>
     <span class='ocr_line' id='line_1_85' title="bbox 1079 3857 1546 3920; baseline -0.013 0"><span class='ocrx_word' id='word_1_427' title='bbox 1079 3861 1173 3920; x_wconf 88' lang='lat' dir='ltr'>catus</span> <span class='ocrx_word' id='word_1_428' title='bbox 1192 3858 1299 3919; x_wconf 89' lang='lat' dir='ltr'>nostri</span> <span class='ocrx_word' id='word_1_429' title='bbox 1318 3872 1407 3918; x_wconf 91' lang='lat' dir='ltr'>anno</span> <span class='ocrx_word' id='word_1_430' title='bbox 1419 3857 1546 3918; x_wconf 90' lang='lat' dir='ltr'>octavo.</span> 
     </span>
    </p>
   </div>
   <div class='ocr_carea' id='block_1_13' title="bbox 1372 4087 1579 4177">
    <p class='ocr_par' dir='ltr' id='par_1_27' title="bbox 1372 4087 1579 4177">
     <span class='ocr_line' id='line_1_86' title="bbox 1372 4087 1579 4177; baseline -0.01 0"><span class='ocrx_word' id='word_1_431' title='bbox 1372 4087 1579 4177; x_wconf 81' lang='lat' dir='ltr'>ccxxxii</span> 
     </span>
    </p>
   </div>
   <div class='ocr_carea' id='block_1_14' title="bbox 1099 4235 1835 4310">
    <p class='ocr_par' dir='ltr' id='par_1_28' title="bbox 1099 4192 1933 4310">
     <span class='ocr_line' id='line_1_87' title="bbox 1099 4235 1835 4310; baseline -0.005 -7"><span class='ocrx_word' id='word_1_432' title='bbox 1099 4240 1323 4303; x_wconf 72' lang='lat' dir='ltr'>nunciatam</span> <span class='ocrx_word' id='word_1_433' title='bbox 1335 4240 1370 4302; x_wconf 81' lang='lat' dir='ltr'>S.</span> <span class='ocrx_word' id='word_1_434' title='bbox 1385 4240 1540 4301; x_wconf 70' lang='lat' dir='ltr'>Richarit</span> <span class='ocrx_word' id='word_1_435' title='bbox 1553 4238 1696 4310; x_wconf 71' lang='lat' dir='ltr'>citoque</span> <span class='ocrx_word' id='word_1_436' title='bbox 1708 4235 1835 4309; x_wconf 72' lang='lat' dir='ltr'>fratrc.</span> 
     </span>
    </p>
   </div>
   <div class='ocr_carea' id='block_1_15' title="bbox 1081 4367 1853 4553">
    <p class='ocr_par' dir='ltr' id='par_1_29' title="bbox 1081 4367 1853 4553">
     <span class='ocr_line' id='line_1_88' title="bbox 1372 4367 1582 4428; baseline -0.033 1"><span class='ocrx_word' id='word_1_437' title='bbox 1372 4369 1408 4428; x_wconf 77' lang='lat'>25</span> <span class='ocrx_word' id='word_1_438' title='bbox 1422 4369 1489 4426; x_wconf 86' lang='lat' dir='ltr'>maii</span> <span class='ocrx_word' id='word_1_439' title='bbox 1503 4367 1582 4426; x_wconf 73' lang='lat' dir='ltr'>titi.</span> 
     </span>
     <span class='ocr_line' id='line_1_89' title="bbox 1081 4473 1853 4553; baseline -0.014 -15"><span class='ocrx_word' id='word_1_440' title='bbox 1081 4489 1203 4553; x_wconf 72' lang='lat' dir='ltr'>fflegmt,</span> <span class='ocrx_word' id='word_1_441' title='bbox 1212 4485 1259 4538; x_wconf 88' lang='lat' dir='ltr'>lib.</span> <span class='ocrx_word' id='word_1_442' title='bbox 1273 4485 1339 4544; x_wconf 83' lang='lat' dir='ltr'>vm,</span> <span class='ocrx_word' id='word_1_443' title='bbox 1354 4484 1428 4550; x_wconf 85' lang='lat' dir='ltr'>epist.</span> <span class='ocrx_word' id='word_1_444' title='bbox 1443 4482 1498 4534; x_wconf 76' lang='lat' dir='ltr'>its.</span> <span class='ocrx_word' id='word_1_445' title='bbox 1514 4482 1572 4534; x_wconf 80' lang='lat' dir='ltr'>lise.</span> <span class='ocrx_word' id='word_1_446' title='bbox 1586 4483 1624 4534; x_wconf 79' lang='lat' dir='ltr'>ba</span> <span class='ocrx_word' id='word_1_447' title='bbox 1639 4481 1719 4532; x_wconf 85' lang='lat' dir='ltr'>Porto</span> <span class='ocrx_word' id='word_1_448' title='bbox 1733 4481 1766 4531; x_wconf 87' lang='lat' dir='ltr'>dn</span> <span class='ocrx_word' id='word_1_449' title='bbox 1775 4473 1853 4538; x_wconf 76' lang='lat' dir='ltr'>ried]</span> 
     </span>
    </p>
   </div>
   <div class='ocr_carea' id='block_1_16' title="bbox 1079 4589 1853 4849">
    <p class='ocr_par' dir='ltr' id='par_1_30' title="bbox 1079 4589 1853 4849">
     <span class='ocr_line' id='line_1_90' title="bbox 1079 4589 1853 4664; baseline -0.016 0"><span class='ocrx_word' id='word_1_450' title='bbox 1079 4603 1284 4664; x_wconf 86' lang='lat' dir='ltr'>iionasterium</span> <span class='ocrx_word' id='word_1_451' title='bbox 1304 4602 1332 4659; x_wconf 88' lang='lat' dir='ltr'>S.</span> <span class='ocrx_word' id='word_1_452' title='bbox 1359 4598 1483 4658; x_wconf 88' lang='lat' dir='ltr'>Richarii</span> <span class='ocrx_word' id='word_1_453' title='bbox 1503 4597 1556 4657; x_wconf 87' lang='lat' dir='ltr'>sub</span> <span class='ocrx_word' id='word_1_454' title='bbox 1581 4612 1635 4656; x_wconf 87' lang='lat' dir='ltr'>sua</span> <span class='ocrx_word' id='word_1_455' title='bbox 1651 4604 1681 4655; x_wconf 85' lang='lat' dir='ltr'>et</span> <span class='ocrx_word' id='word_1_456' title='bbox 1694 4595 1769 4654; x_wconf 87' lang='lat' dir='ltr'>beati</span> <span class='ocrx_word' id='word_1_457' title='bbox 1792 4589 1853 4652; x_wconf 84' lang='lat' dir='ltr'>Petri</span> 
     </span>
     <span class='ocr_line' id='line_1_91' title="bbox 1114 4682 1852 4767; baseline -0.016 -17"><span class='ocrx_word' id='word_1_458' title='bbox 1114 4691 1290 4767; x_wconf 87' lang='lat' dir='ltr'>protectione</span> <span class='ocrx_word' id='word_1_459' title='bbox 1313 4689 1433 4761; x_wconf 84' lang='lat' dir='ltr'>suscipit</span> <span class='ocrx_word' id='word_1_460' title='bbox 1451 4702 1486 4746; x_wconf 89' lang='lat' dir='ltr'>ac</span> <span class='ocrx_word' id='word_1_461' title='bbox 1508 4686 1595 4756; x_wconf 89' lang='lat' dir='ltr'>bona,</span> <span class='ocrx_word' id='word_1_462' title='bbox 1618 4699 1740 4759; x_wconf 91' lang='lat' dir='ltr'>quorum</span> <span class='ocrx_word' id='word_1_463' title='bbox 1753 4682 1852 4758; x_wconf 76' lang='lat' dir='ltr'>plurius</span> 
     </span>
     <span class='ocr_line' id='line_1_92' title="bbox 1114 4778 1429 4849; baseline -0.016 -11"><span class='ocrx_word' id='word_1_464' title='bbox 1114 4787 1255 4849; x_wconf 86' lang='lat' dir='ltr'>recenset,</span> <span class='ocrx_word' id='word_1_465' title='bbox 1269 4778 1429 4837; x_wconf 82' lang='lat' dir='ltr'>continuat.</span> 
     </span>
    </p>
   </div>
   <div class='ocr_carea' id='block_1_17' title="bbox 1079 4883 1854 5745">
    <p class='ocr_par' dir='ltr' id='par_1_31' title="bbox 1079 4883 1853 5347">
     <span class='ocr_line' id='line_1_93' title="bbox 1120 4883 1853 4967; baseline -0.015 -8"><span class='ocrx_word' id='word_1_466' title='bbox 1120 4898 1300 4967; x_wconf 87' lang='lat' dir='ltr'>Honorius,</span> <span class='ocrx_word' id='word_1_467' title='bbox 1315 4896 1391 4966; x_wconf 79' lang='lat' dir='ltr'>etc,</span> <span class='ocrx_word' id='word_1_468' title='bbox 1408 4893 1538 4955; x_wconf 89' lang='lat' dir='ltr'>dilectis</span> <span class='ocrx_word' id='word_1_469' title='bbox 1552 4890 1631 4952; x_wconf 83' lang='lat' dir='ltr'>tiliis</span> <span class='ocrx_word' id='word_1_470' title='bbox 1650 4888 1781 4967; x_wconf 89' lang='lat' dir='ltr'>Hugoni</span> <span class='ocrx_word' id='word_1_471' title='bbox 1803 4883 1853 4947; x_wconf 82' lang='lat' dir='ltr'>ab·</span> 
     </span>
     <span class='ocr_line' id='line_1_94' title="bbox 1079 4986 1853 5067; baseline -0.017 -11"><span class='ocrx_word' id='word_1_472' title='bbox 1079 4994 1150 5056; x_wconf 89' lang='lat' dir='ltr'>bati</span> <span class='ocrx_word' id='word_1_473' title='bbox 1163 4994 1277 5056; x_wconf 85' lang='lat' dir='ltr'>Sancti</span> <span class='ocrx_word' id='word_1_474' title='bbox 1290 4990 1440 5054; x_wconf 87' lang='lat' dir='ltr'>Richarii</span> <span class='ocrx_word' id='word_1_475' title='bbox 1463 4991 1600 5067; x_wconf 73' lang='lat' dir='ltr'>eiusque</span> <span class='ocrx_word' id='word_1_476' title='bbox 1621 4986 1779 5049; x_wconf 84' lang='lat' dir='ltr'>iratribus</span> <span class='ocrx_word' id='word_1_477' title='bbox 1800 4986 1853 5043; x_wconf 88' lang='lat' dir='ltr'>tan</span> 
     </span>
     <span class='ocr_line' id='line_1_95' title="bbox 1080 5081 1852 5169; baseline -0.019 -16"><span class='ocrx_word' id='word_1_478' title='bbox 1080 5090 1314 5169; x_wconf 86' lang='lat' dir='ltr'>praesentibus,</span> <span class='ocrx_word' id='word_1_479' title='bbox 1328 5104 1428 5167; x_wconf 91' lang='lat' dir='ltr'>quam</span> <span class='ocrx_word' id='word_1_480' title='bbox 1441 5085 1562 5149; x_wconf 82' lang='lat' dir='ltr'>futuris</span> <span class='ocrx_word' id='word_1_481' title='bbox 1574 5081 1852 5160; x_wconf 88' lang='lat' dir='ltr'>regularemvitau</span> 
     </span>
     <span class='ocr_line' id='line_1_96' title="bbox 1080 5178 1853 5266; baseline -0.018 -16"><span class='ocrx_word' id='word_1_482' title='bbox 1080 5188 1239 5266; x_wconf 81' lang='lat' dir='ltr'>protessis</span> <span class='ocrx_word' id='word_1_483' title='bbox 1251 5188 1285 5247; x_wconf 91' lang='lat' dir='ltr'>in</span> <span class='ocrx_word' id='word_1_484' title='bbox 1300 5185 1506 5264; x_wconf 88' lang='lat' dir='ltr'>perpetuum,</span> <span class='ocrx_word' id='word_1_485' title='bbox 1524 5182 1667 5244; x_wconf 90' lang='lat' dir='ltr'>salutem</span> <span class='ocrx_word' id='word_1_486' title='bbox 1686 5184 1721 5244; x_wconf 90' lang='lat' dir='ltr'>et</span> <span class='ocrx_word' id='word_1_487' title='bbox 1733 5178 1853 5257; x_wconf 79' lang='lat' dir='ltr'>Aposto-</span> 
     </span>
     <span class='ocr_line' id='line_1_97' title="bbox 1081 5282 1470 5347; baseline -0.018 0"><span class='ocrx_word' id='word_1_488' title='bbox 1081 5285 1180 5347; x_wconf 92' lang='lat' dir='ltr'>licam</span> <span class='ocrx_word' id='word_1_489' title='bbox 1194 5282 1470 5346; x_wconf 89' lang='lat' dir='ltr'>benedictionem.</span> 
     </span>
    </p>

    <p class='ocr_par' dir='ltr' id='par_1_32' title="bbox 1082 5366 1854 5745">
     <span class='ocr_line' id='line_1_98' title="bbox 1123 5366 1852 5452; baseline -0.015 -9"><span class='ocrx_word' id='word_1_490' title='bbox 1123 5383 1199 5444; x_wconf 89' lang='lat' dir='ltr'>ldeo</span> <span class='ocrx_word' id='word_1_491' title='bbox 1214 5397 1342 5452; x_wconf 88' lang='lat' dir='ltr'>sumus,</span> <span class='ocrx_word' id='word_1_492' title='bbox 1356 5379 1435 5440; x_wconf 89' lang='lat' dir='ltr'>licet</span> <span class='ocrx_word' id='word_1_493' title='bbox 1444 5376 1613 5448; x_wconf 85' lang='lat' dir='ltr'>immeriti,</span> <span class='ocrx_word' id='word_1_494' title='bbox 1623 5374 1664 5436; x_wconf 88' lang='lat' dir='ltr'>ad</span> <span class='ocrx_word' id='word_1_495' title='bbox 1674 5366 1852 5435; x_wconf 79' lang='lat' dir='ltr'>universalis</span> 
     </span>
     <span class='ocr_line' id='line_1_99' title="bbox 1082 5465 1854 5553; baseline -0.021 -12"><span class='ocrx_word' id='word_1_496' title='bbox 1082 5479 1239 5541; x_wconf 84' lang='lat' dir='ltr'>Ecclesiae</span> <span class='ocrx_word' id='word_1_497' title='bbox 1254 5478 1402 5553; x_wconf 91' lang='lat' dir='ltr'>regimen</span> <span class='ocrx_word' id='word_1_498' title='bbox 1417 5472 1624 5552; x_wconf 88' lang='lat' dir='ltr'>providentia</span> <span class='ocrx_word' id='word_1_499' title='bbox 1638 5485 1786 5549; x_wconf 85' lang='lat' dir='ltr'>snpernae</span> <span class='ocrx_word' id='word_1_500' title='bbox 1799 5465 1854 5526; x_wconf 82' lang='lat' dir='ltr'>dis-</span> 
     </span>
     <span class='ocr_line' id='line_1_100' title="bbox 1083 5569 1852 5655; baseline -0.021 -15"><span class='ocrx_word' id='word_1_501' title='bbox 1083 5576 1258 5655; x_wconf 90' lang='lat' dir='ltr'>positionis</span> <span class='ocrx_word' id='word_1_502' title='bbox 1283 5572 1456 5650; x_wconf 88' lang='lat' dir='ltr'>assumpti,</span> <span class='ocrx_word' id='word_1_503' title='bbox 1484 5572 1521 5633; x_wconf 94' lang='lat' dir='ltr'>ut</span> <span class='ocrx_word' id='word_1_504' title='bbox 1550 5585 1609 5647; x_wconf 92' lang='lat' dir='ltr'>pro</span> <span class='ocrx_word' id='word_1_505' title='bbox 1643 5569 1852 5629; x_wconf 83' lang='lat' dir='ltr'>universarum</span> 
     </span>
     <span class='ocr_line' id='line_1_101' title="bbox 1083 5666 1852 5745; baseline -0.023 -10"><span class='ocrx_word' id='word_1_506' title='bbox 1083 5673 1300 5736; x_wconf 87' lang='lat' dir='ltr'>ecclesiarum</span> <span class='ocrx_word' id='word_1_507' title='bbox 1315 5673 1403 5734; x_wconf 87' lang='lat' dir='ltr'>statu</span> <span class='ocrx_word' id='word_1_508' title='bbox 1415 5668 1510 5745; x_wconf 89' lang='lat' dir='ltr'>vigili</span> <span class='ocrx_word' id='word_1_509' title='bbox 1525 5666 1703 5730; x_wconf 88' lang='lat' dir='ltr'>debeamus</span> <span class='ocrx_word' id='word_1_510' title='bbox 1722 5677 1796 5726; x_wconf 90' lang='lat' dir='ltr'>cura</span> <span class='ocrx_word' id='word_1_511' title='bbox 1808 5670 1852 5717; x_wconf 81' lang='lat' dir='ltr'>sa·</span> 
     </span>
    </p>
   </div>
   <div class='ocr_carea' id='block_1_18' title="bbox 0 0 1970 6196">
    <p class='ocr_par' dir='ltr' id='par_1_33' title="bbox 0 0 1970 6196">
     <span class='ocr_line' id='line_1_102' title="bbox 0 0 1970 6196; baseline 0 0"><span class='ocrx_word' id='word_1_512' title='bbox 0 0 1970 6196; x_wconf 95' lang='lat' dir='ltr'> </span> 
     </span>
    </p>
   </div>
  </div>
 </body>
</html>
