4014 6224
232 226 272 291 91
852 222 1029 288 aenean
1049 224 1096 295 111
1114 224 1264 291 orm.
1837 223 1879 287 ⁹2

229 386 350 453 abbate
364 385 478 450 Sancti
488 382 652 449 lobannis
666 383 878 457 senonemet
888 384 1027 461 collegis
1082 384 1179 448 nibus
1188 387 1242 449 rel
1253 382 1438 463 sumptibus
1447 399 1487 448 sa
1497 384 1618 459 colitis,
1631 383 1877 447 sententialiter

228 486 346 560 suisa
361 483 451 547 Sede
473 480 664 560 apostolice
689 479 862 558 delegatis,
881 480 1027 543 decimas
1081 483 1300 545 confirmavit.
1314 484 1352 545 lu
1370 481 1501 560 reliqua
1515 498 1596 544 sero
1611 483 1718 559 parte,
1734 481 1875 556 scilicet,

230 583 413 654 novalium,
425 596 500 657 qum
511 594 572 641 vos
584 577 809 640 excolueratis
820 578 855 639 in
870 578 955 651 loco,
970 577 1027 656 qui
1082 580 1118 642 ut
1132 579 1278 641 decimas
1297 579 1435 642 solvatis
1450 578 1491 640 de
1505 577 1691 651 novalibus,
1710 594 1784 656 quae
1803 581 1879 656 post

231 680 355 743 dicitur
367 677 536 755 annuns,
549 675 681 754 proetati
695 674 838 753 judices,
854 675 913 738 lite
926 688 1028 753 super
1081 678 1237 752 generale
1255 677 1438 739 Concilium
1462 676 1656 753 extirpastis
1677 676 1878 738 seutentiam

232 776 297 841 hoc
318 775 467 853 legitime
487 772 683 844 contestata,
699 772 867 849 productis
886 771 1027 835 testibus
1081 773 1273 851 reprobavit
1296 789 1424 848 eorum,
1445 773 1648 837 absolvendo
1667 788 1727 835 ros
1747 788 1768 835 a
1785 789 1877 850 prse-

230 875 265 937 et
285 871 444 936 exhibitis
467 869 664 948 privilegiis,
686 885 746 931 vos
769 885 790 931 a
814 869 1027 947 praestatione
1082 872 1226 934 statione
1249 871 1453 933 decimarum
1478 870 1649 933 novalium
1672 870 1876 945 eorumdem,

232 970 437 1034 decimarum
469 968 639 1030 novalium
673 967 915 1043 extirpatorum
949 966 1027 1028 ante
1082 964 1120 1031 ut
1132 964 1288 1031 uidelicet
1299 966 1340 1030 de
1351 966 1434 1047 ipsis
1455 965 1497 1030 ad
1516 966 1662 1030 decimas
1678 983 1745 1030 nou
1758 968 1880 1030 tenea·

232 1066 417 1130 Coucilium
445 1063 616 1142 generale,
640 1063 789 1142 quaudiu
811 1078 855 1125 ex
882 1062 1027 1140 propriis
1080 1063 1164 1127 mini
1190 1061 1439 1143 persolvendas,
1455 1062 1613 1143 quamdiu
1636 1062 1710 1142 ipsa
1731 1065 1881 1143 propriis

230 1161 451 1227 manibusve}
472 1159 657 1237 sumptibus
672 1159 1027 1223 coleretis‘sententia-
1081 1161 1234 1224 manibus
1270 1162 1324 1225 vel
1353 1161 1537 1240 sumptibus
1569 1161 1733 1223 duxeritis
1768 1178 1878 1224 exco-

231 1262 309 1325 liter
332 1258 557 1331 absolverunt,
579 1258 613 1321 et
638 1254 681 1319 ad
705 1257 904 1320 solutionem
931 1257 1027 1319 deci·
1080 1259 1196 1333 lenda:
1206 1256 1351 1322 maxime
1366 1273 1441 1321 cum
1456 1259 1653 1337 expertium
1668 1256 1880 1322 confessione

229 1373 359 1421 marum
372 1355 541 1419 novalium
556 1354 759 1428 eorumdem,
771 1371 844 1433 quas
854 1355 928 1432 post
939 1354 1026 1416 idem
1082 1356 1259 1430 constaret,
1281 1356 1368 1435 quod
1387 1357 1435 1417 nil
1457 1356 1499 1418 de
1524 1355 1626 1419 terris
1649 1354 1762 1434 petitis
1781 1356 1878 1419 vobis

230 1453 487 1532 usurpaveratis
511 1451 695 1514 Concilium
714 1450 983 1514 condemnantes.
998 1453 1027 1512 A
1081 1452 1227 1531 luitpost
1245 1455 1462 1516 memoratum
1473 1453 1650 1516 concilium
1660 1453 1877 1532 acquisitum.

231 1565 373 1632 quorum
390 1548 555 1612 sententia
567 1546 764 1627 procurator
776 1549 887 1611 vester
901 1548 943 1609 ad
960 1564 1026 1610 au·
1082 1552 1191 1628 Super
1216 1546 1353 1612 decimis
1380 1565 1460 1613 vero
1492 1551 1674 1623 novalium,
1704 1551 1879 1628 quaeunt

229 1649 389 1713 mendam
408 1648 556 1709 nostram
570 1645 754 1723 appellans,
769 1646 930 1722 magistro
940 1646 971 1707 J.
986 1643 1028 1706 de
1081 1648 1177 1709 extra
1189 1647 1377 1726 aquilinam
1390 1648 1427 1708 in
1439 1646 1513 1709 loco
1528 1644 1622 1725 qul...
1646 1646 1779 1720 dicitur,
1791 1642 1879 1708 nihil

230 1746 405 1810 vezeliaco
424 1746 458 1808 et
481 1742 712 1820 conjudicibus
740 1744 811 1805 suis
836 1741 1027 1804 doctoribus
1081 1742 1207 1817 statuit,
1224 1744 1302 1823 quia
1315 1758 1355 1807 ea
1376 1756 1444 1805 non
1467 1740 1560 1806 luere
1574 1743 1676 1821 petita
1689 1758 1698 1818 ;
1712 1744 1879 1806 reducens

230 1843 394 1906 Parisieu.
413 1840 613 1919 apostolicas
622 1855 723 1917 super
735 1839 800 1901 boo
813 1838 958 1905 obtinuit
970 1839 1028 1901 ut-
1081 1841 1116 1903 in
1138 1840 1271 1904 irritum
1294 1840 1453 1920 quidquid
1476 1854 1497 1902 a
1522 1838 1691 1918 praedictis
1705 1838 1879 1917 judicibus

228 1940 319 2004 teras
329 1938 501 2006 destinari,
513 1938 570 2015 qui
580 1936 696 1999 eodem
708 1935 1027 2012 magistrolegltime
1080 1938 1218 2001 Trecen.
1237 1941 1311 2017 post
1328 1937 1586 2016 appellationem
1600 1937 1642 1999 ab
1662 1937 1711 1999 eis
1726 1938 1881 2015 interpo-

232 2037 392 2101 excusato
416 2035 449 2097 et
469 2034 619 2112 priorum
633 2032 784 2112 judicum
803 2032 935 2095 irritata
949 2048 1028 2094 sen-
1081 2031 1180 2098 sitam
1199 2035 1310 2098 extitit
1333 2035 1538 2098 attentatum.
1555 2036 1625 2096 Nos
1648 2048 1727 2111 ergo
1742 2036 1881 2097 senten-

147 2150 151 2157 ·
225 2134 344 2207 tentia,
354 2147 414 2194 vos
429 2131 471 2192 ab
487 2130 622 2193 illorum
635 2127 843 2207 impetitione
858 2128 1028 2190 duxerunt
1080 2132 1161 2196 tiam
1172 2132 1334 2196 auditoris
1345 2134 1492 2211 ejusdem
1502 2132 1609 2196 ratam
1619 2132 1792 2204 babentes,
1803 2146 1879 2194 eam
1999 2168 2000 2193 r

231 2229 476 2294 sententialiter
489 2222 720 2289 absolvendus.
743 2225 806 2288 Sed
829 2242 929 2305 quum
948 2242 1028 2304 pro-
1081 2230 1279 2293 auctoritate
1317 2230 1507 2308 apostolica
1544 2230 1798 2303 confirmamus,
1842 2228 1878 2292 et

230 2327 366 2391 curator
374 2325 479 2403 partis
494 2323 644 2387 adversas
666 2322 708 2385 ab
727 2339 842 2385 eorum
862 2323 1027 2386 sententia
1081 2329 1256 2406 prasentia
1279 2329 1394 2408 scripti
1416 2326 1601 2407 patrocinio
1622 2327 1878 2388 communimus.

229 2425 272 2487 ad
287 2421 405 2485 sedem
413 2420 638 2499 apostolicam
650 2420 862 2498 appellasset,
873 2436 935 2483 nos
947 2419 1027 2482 eliu
1081 2424 1173 2487 Nulli
1191 2441 1282 2502 ergo,
1303 2426 1379 2502 etc,
1396 2426 1518 2487 nostrae
1539 2424 1803 2486 confirmationis
1817 2424 1879 2484 ln·

231 2518 524 2597 utriusquepartis
547 2517 818 2596 procuratoribus
846 2517 881 2579 in
909 2519 1024 2580 nostra
1082 2523 1239 2600 fringens.
1265 2523 1300 2584 Si
1324 2523 1400 2601 quis
1421 2520 1544 2596 autem,
1560 2523 1623 2584 etc.
1639 2523 1757 2583 Datum
1772 2520 1879 2582 Late-

230 2616 410 2697 praesentia
433 2614 631 2688 constitutis,
655 2613 812 2677 dilectum
826 2610 931 2677 lilium
945 2630 1027 2677 nos-
1081 2616 1880 2719 rantxvllsaleud.martii,pontltlcatusuostri
2000 2660 2001 2663 ,

227 2716 317 2778 trum
331 2714 382 2787 P„
400 2711 513 2775 Sancti
536 2708 671 2790 Georgii
688 2708 731 2773 ad
747 2709 868 2773 Velum
882 2714 1027 2774 Aureum
1081 2730 1170 2781 anno
1183 2718 1290 2781 sexto.

230 2810 409 2873 diaconum
423 2807 639 2882 cardinalem,
662 2807 712 2870 eis
724 2807 950 2870 concessimus
964 2824 1028 2870 au·

229 2904 384 2972 diturem
412 2904 476 2970 Sed
502 2906 719 2984 procuratore
739 2904 853 2968 Sancti
871 2902 1027 2983 Maglorii

232 3004 437 3085 proponente
445 3019 482 3066 se
492 3001 731 3082 depositionem
740 3002 957 3081 quorumdam
965 3002 1028 3065 tes·
1415 2968 1536 3056 CXIV

230 3103 316 3167 tium
330 3118 442 3165 coram
457 3099 574 3179 primis
588 3096 759 3178 judicibus
777 3094 1026 3178 productorum,
1080 3106 1133 3172 Aa
1165 3111 1324 3187 priorem
1356 3106 1391 3172 οε
1417 3110 1636 3184 rumorem
1662 3108 1698 3170 s,
1730 3106 1882 3187 protom

229 3215 316 3279 quas,
342 3198 430 3260 sicut
451 3197 600 3269 dicebat,
623 3196 762 3259 multum
788 3192 830 3257 ad
856 3198 1026 3273 negotium
1389 3204 1565 3268 Parasino,

227 3290 625 3367 iaciebatexhiberenou
636 3289 1025 3375 posse,decanoTreceu.
1373 3328 1409 3392 st
1426 3331 1483 3392 seb·
1500 3332 1580 3391 ,m

227 3391 263 3457 et
296 3390 434 3467 collegis
461 3388 532 3452 suis
561 3405 696 3453 causam
731 3389 772 3452 de
806 3390 1026 3470 utrorumque
1253 3456 1260 3469 ,
1384 3456 1391 3469 ‚

227 3487 457 3576 commisimus
484 3486 739 3564 procuratorum
770 3502 927 3559 assensu,
968 3486 1026 3565 qui
1110 3454 1846 3524 [W‘’¹¹h·v¹’⁰¹'¹⁸t·'³²·¹⁸⁸·¹'⁸¹'⁰m‘ffl⁸¹¹·³

228 3584 380 3664 prolecto
394 3582 511 3646 eodem
524 3579 650 3646 decano
662 3580 698 3644 iu
713 3580 898 3645 subsidium
912 3584 1025 3646 Terrae
1079 3585 1158 3642 boos
1171 3595 1287 3640 menses
1300 3580 1337 3640 ud
1351 3581 1465 3654 planam
1488 3581 1704 3639 instructionem
1717 3580 1786 3651 usis,
1800 3580 1882 3640 iuter

227 3683 372 3755 Sanctae,
383 3680 534 3757 inspecto
549 3695 679 3758 quoque
689 3678 788 3758 juxta
802 3678 943 3742 formam
960 3679 1026 3742 sibi
1114 3671 1282 3745 0l¹⁸0⁰l>1¹¹¹1
1291 3668 1463 3728 Amblissess·
1475 3675 1505 3727 0⁸
1517 3667 1649 3727 ⁸bb⁸¹0ffl
1661 3676 1690 3728 0¹
1700 3675 1881 3728 &nveniam

226 3774 544 3856 traditamjudicum
557 3776 773 3854 utrorumque
784 3791 954 3854 processu,
964 3793 1025 3840 vos
1114 3758 1280 3817 ¹¹¹⁰¹¹⁰⁸oeffl
1302 3757 1332 3816 S·
1357 3756 1481 3816 ffissheffi
1508 3756 1538 3814 ¹¹1
1565 3753 1881 3830 P⁰¹1fil⁰l>0¹¹d⁰ssfib
2002 3812 2003 3819 ,

227 3872 269 3940 ad
284 3872 531 3955 praestationem
546 3870 749 3936 decimarum
759 3872 940 3947 novalium,
951 3891 1025 3952 quae
1113 3847 1157 3905 ⁰5⁸
1170 3845 1309 3918 indfflsset

226 3970 472 4052 postgenerale
485 3968 671 4032 Concilium
686 3968 880 4048 extirpastis
894 3974 1025 4034 senten·
1117 3972 1297 4046 Honorius,
1327 3968 1405 4043 etc,
1427 3968 1558 4033 dilectis
1577 3964 1694 4032 tiliis...
1717 3964 1883 4033 abbati...v

225 4066 353 4134 tialiter
380 4062 656 4134 condemnarunt.
693 4064 780 4129 Sane
812 4062 854 4130 ab
882 4068 1025 4130 istorum
1079 4070 1184 4148 priori
1199 4069 1268 4132 et...
1289 4065 1456 4145 subpriori
1480 4067 1594 4130 Sancti
1612 4067 1757 4130 Victoris
1772 4068 1880 4129 Parl-

226 4166 392 4230 seutentia
410 4165 626 4243 procuratore
639 4166 753 4226 vestro
765 4162 807 4226 ad
823 4166 1024 4242 appellatio-
1078 4168 1163 4229 sien.

227 4264 281 4329 nis
308 4261 493 4326 remedium
514 4261 722 4334 convolante,
743 4260 816 4338 ipso
839 4261 973 4323 tandem
990 4262 1025 4324 et
1118 4267 1227 4325 Grave
1249 4262 1395 4338 gerimus
1422 4261 1456 4323 et
1476 4262 1649 4338 indignum
1670 4260 1757 4339 quod
1771 4270 1879 4338 quum

228 4360 445 4439 procuratore
459 4357 564 4436 partis
577 4357 715 4420 alterius
728 4357 928 4419 adnostram
941 4374 1024 4436 prae-
1078 4358 1119 4422 de
1139 4357 1343 4422 venerabilis
1367 4358 1481 4420 fratris
1504 4358 1648 4421 noemi...
1674 4357 1876 4420 ambianen.

228 4456 371 4520 seutiam
387 4454 632 4527 accedentibus,
650 4454 806 4517 dilectum
829 4455 934 4516 illium
948 4471 1022 4517 ma·
1078 4456 1227 4535 episcopi
1250 4456 1284 4518 et
1304 4451 1500 4517 dilectorum
1522 4454 1667 4517 illiorum
1689 4452 1819 4517 abbatis
1840 4456 1880 4517 et

224 4554 367 4633 matrum
376 4551 1022 4629 B.,subdiaconumetcapellanumuos·
1078 4554 1261 4616 conventus
1287 4553 1481 4614 monasterii
1509 4552 1624 4614 Sancti
1659 4550 1808 4614 Rlcberii
1834 4550 1878 4614 in

225 4648 316 4713 trum
340 4649 570 4728 deputavimus
594 4648 779 4711 auditorem
791 4648 951 4726 ejusdem,
965 4649 1023 4727 qui
1077 4650 1491 4729 rontivoproourasorum
1505 4660 1657 4720 assensu,
1665 4646 1761 4710 robis
1775 4644 1880 4710 dede

227 4764 305 4811 cum
326 4762 378 4821 ea,
401 4762 475 4825 quae
499 4745 733 4825 procuratores
757 4745 822 4823 ipsi
845 4761 958 4807 coram
982 4762 1022 4809 so
1076 4749 1181 4810 rimus
1202 4748 1237 4809 ln
1254 4746 1430 4818 mandatis,
1447 4748 1484 4809 ut
1499 4741 1749 4823 exceptionibus
1769 4754 1879 4821 super

227 4859 413 4926 proponere
439 4845 651 4914 curaverunt,
679 4841 775 4903 nobis
803 4844 837 4904 et
863 4842 1021 4905 iratribus
1076 4844 1283 4922 possessorio
1297 4844 1381 4905 nulli
1397 4858 1535 4921 prorsus
1550 4841 1769 4913 obstantibus,
1783 4840 1878 4905 inira

226 4943 350 5006 nostris
366 4938 509 5003 fideliter
521 4939 700 5012 retulisset,
713 4938 876 5001 parisien.
890 4939 1021 5002 demum
1076 4942 1201 5019 septem
1211 4952 1343 5002 menses
1354 4936 1529 5001 continuos
1539 4941 1614 5017 post
1625 4939 1876 5015 susceptionem

226 5042 401 5103 et‘lrecen.
406 5034 557 5115 jndicum
566 5034 742 5098 sententiis
752 5034 1023 5099 irritatisdenos·
1076 5039 1260 5101 litterarum
1275 5038 1465 5100 nostrarum
1486 5036 1681 5113 reciperatis
1695 5036 1875 5112 probatic-

228 5137 281 5199 tro
298 5139 332 5198 et
346 5136 487 5197 fratrum
504 5133 695 5195 nostrorum
708 5130 862 5194 mandato
873 5134 1021 5210 priorum
1074 5148 1146 5207 nes,
1170 5148 1255 5212 quas
1279 5134 1367 5195 idem
1391 5134 1567 5211 episcopus
1591 5144 1692 5208 super
1715 5133 1879 5209 petitorio

222 5234 372 5310 judicum
388 5232 589 5294 sententiam
602 5229 712 5308 quoad
727 5229 867 5307 primam
880 5233 1019 5307 partem,
1075 5232 1211 5293 duxerit
1233 5228 1439 5293 inducendas
1452 5231 1486 5291 et
1501 5226 1712 5292 defensiones
1732 5242 1880 5291 monas-

225 5330 382 5393 videlicet
393 5330 430 5391 ut
441 5327 482 5389 ad
497 5328 745 5407 praestationem
758 5342 824 5388 uon
837 5328 1021 5390 teneamini
1073 5326 1881 5404 teriimemorati,etentnnolnjuugeretisparti-

224 5426 426 5490 decimariuu
459 5425 732 5500 revolsumque
763 5423 915 5487 coluistis
942 5426 1020 5488 aute
1073 5425 1148 5500 bns,
1170 5427 1207 5488 ut
1226 5425 1316 5487 isira
1336 5425 1420 5486 duos
1444 5438 1576 5486 menses
1599 5426 1775 5500 sequentes
1788 5436 1881 5501 qnos

226 5522 411 5587 Concilium
427 5522 596 5601 genam,
611 5520 769 5603 quamdiu
787 5520 932 5602 propriis
946 5536 1022 5586 ma-
1076 5536 1138 5604 pro
1151 5523 1297 5588 termino
1317 5520 1540 5602 peremptorio
1559 5521 1778 5598 assignaretis
1799 5520 1879 5585 els-
