4014 6224
240 374 280 441 88
855 370 1032 437 nononis
1052 368 1099 437 ΙἸΙ
1119 369 1269 438 ΟΡΙΙΒᾸ.

1842 376 1887 443 ⁸⁴
2000 436 2001 461 l

242 532 389 613 cupbus
412 533 517 600 mum
542 531 576 597 et
597 531 747 597 nocuum
768 530 872 596 debes
892 533 1033 612 diligere
1082 533 1185 612 justis
1211 532 1491 613 postulationibus
1518 537 1616 614 mato
1645 538 1886 602 concurrentes

242 631 475 696 honestatem:
500 646 638 694 maurus
666 630 789 709 itaque,
816 632 904 708 quod
932 648 1033 710 quum
1087 646 1237 704 assensn,
1260 632 1437 696 ecclesiam
1456 633 1498 696 de
1516 634 1692 712 Bonnam,
1717 650 1817 714 quam
1842 636 1887 697 de

244 745 420 807 personam
434 732 525 791 tuam
546 730 582 790 in
600 729 751 791 caritatis
765 730 950 791 usuaribus
971 730 1035 791 ba-
1087 729 1303 791 ooncessiono
1319 730 1523 792 venerabilis
1536 731 1650 794 lratris
1663 734 1771 796 nostri
1783 735 1884 795 otto-

241 826 391 898 beamus,
407 825 685 903 postulationibus
699 827 766 888 tuis
781 826 971 889 curabimus
982 826 1034 888 la·
1088 826 1153 898 nis,
1170 826 1420 904 Herbipolensis
1434 830 1593 906 episcopi,
1607 831 1745 907 capituli
1756 831 1809 891 sul
1823 847 1888 892 ao-
2000 804 2001 833 ¹

243 939 357 986 uorem
370 923 573 996 benivolum,
594 925 747 1002 quotiens
768 925 925 1001 expedire
940 924 1035 987 vide-
1088 924 1226 986 cedente
1247 940 1498 998 consensuros
1517 927 1702 1003 proponitis
1720 929 1887 989 canonico

242 1020 360 1094 rimus,
383 1020 553 1084 exhibere.
574 1023 693 1084 Datum
713 1022 883 1095 Laterani,
902 1025 946 1085 Vi
964 1023 1033 1086 lsai.

242 1116 414 1192 februarii,
430 1119 643 1197 pontificatus
654 1120 763 1182 nocui
774 1135 863 1182 anno
878 1123 987 1183 sexto.

614 1434 666 1522 ci

317 1586 369 1647 Ad
380 1587 580 1661 Philippum
592 1598 711 1662 repom
725 1589 955 1647 Francorum.

511 1714 526 1773 Ι
542 1714 675 1775 februarii
689 1715 768 1773 lm.

344 1836 481 1903 [bouquet
496 1837 555 1891 ilco.
570 1837 614 1888 das
628 1839 702 1899 inst,
717 1842 736 1890 t.
749 1838 817 1899 XIX,
830 1854 856 1905 p.
868 1838 935 1902 ria]

244 1962 350 2022 Dolens
364 1963 506 2022 Honorius
517 1962 603 2036 quod,
619 1971 769 2037 postquam
784 1963 859 2022 lilius
871 1964 933 2037 ejus
947 1963 1037 2022 Ludo·

278 2051 363 2108 vicus
389 2066 469 2108 arma
503 2050 641 2109 adversus
668 2053 823 2110 'tolosanos
850 2052 1034 2125 suscepisset,

280 2139 309 2195 in
319 2139 401 2213 pejus
411 2140 513 2197 ruisset
524 2138 588 2197 ddei
601 2141 761 2213 pegotlum,
772 2155 870 2214 regern
881 2140 1037 2199 obtestatur

279 2235 311 2285 ut
322 2227 358 2285 ad
372 2227 477 2286 bellum
492 2227 707 2286 instaurandum
724 2243 756 2286 se
775 2229 877 2286 acriter
892 2232 1034 2304 accingat.

283 2350 451 2414 Honorius
459 2352 646 2430 episeopus,
657 2368 774 2416 servus
784 2369 955 2416 servorum
964 2354 1035 2423 Dei,
1069 2416 1070 2425 2

243 2447 418 2511 carissimo
443 2449 479 2511 in
507 2450 638 2513 Christo
669 2450 738 2511 lilio
766 2450 933 2529 Philippo,
964 2451 1037 2529 regi

243 2545 448 2608 Francorum
463 2546 598 2621 illustri,
615 2547 756 2610 salutem
772 2548 807 2610 at
820 2546 1037 2625 apostolicam

244 2638 521 2705 benedictionem.

285 2740 414 2811 Quanto
427 2741 596 2821 negotium
608 2740 685 2803 fidei
697 2741 829 2805 ridetur
838 2740 873 2804 in
886 2741 1036 2819 partibus
1112 2758 1116 2763 ·

244 2834 472 2912 albigensium
490 2839 627 2915 marius
646 2839 819 2913 cecidisse,
844 2839 938 2901 tanto
960 2856 1037 2901 am-

245 2932 334 3010 plius
349 2934 484 3012 expedit
502 2938 539 2999 ut
551 2936 729 3014 magnilica
746 2936 788 2999 ad
806 2939 881 3015 ejus
901 2937 1036 3001 releva·

244 3030 370 3093 tionem
393 3030 559 3106 intendas,
584 3036 618 3098 et
640 3036 801 3115 majorem
827 3034 906 3097 inde
929 3035 1038 3113 possis

243 3125 378 3190 laudem
394 3130 427 3192 et
442 3129 585 3206 gloriam
604 3131 692 3208 apud
711 3133 815 3193 Deum
833 3136 868 3194 et
886 3131 1042 3197 nomines
1071 3212 1073 3215 v

244 3226 440 3303 promereri
463 3228 606 3305 ideoque
624 3229 837 3291 serenitatem
855 3230 948 3305 tuam
961 3246 1037 3292 mo·

244 3335 374 3395 namus,
387 3338 544 3400 rogamus
560 3325 595 3387 et
611 3323 827 3388 obsecramus
841 3325 878 3395 iu
897 3327 1038 3389 Domino

243 3420 326 3483 lesu
339 3420 481 3494 Christo,
503 3423 667 3499 quatems
687 3423 729 3484 ad
750 3422 966 3485 relevandum
985 3423 1040 3501 ip-

244 3530 318 3578 sum
339 3517 508 3593 negotium
532 3518 678 3581 studium
697 3522 730 3582 et
750 3534 885 3596 operam
907 3520 957 3582 sio
974 3521 1040 3583 im-

1088 1022 1274 1094 assecutos,
1287 1023 1373 1085 sicut
1382 1038 1456 1084 eam
1464 1025 1556 1100 juste
1570 1039 1611 1085 ao
1621 1022 1761 1101 pacifice
1772 1023 1889 1101 possi·

1088 1116 1174 1180 detis
1184 1120 1218 1180 et
1229 1119 1266 1180 in
1280 1122 1310 1197 ej
1315 1120 1430 1182 uadem
1443 1121 1591 1198 episcopt
1605 1120 1798 1183 authentico
1810 1121 1889 1198 pla-

1088 1216 1166 1276 nius
1179 1216 1378 1290 continetur,
1391 1217 1486 1279 vobis
1497 1218 1531 1281 et
1540 1232 1600 1295 per
1608 1232 1669 1280 sos
1678 1217 1887 1281 monastario

1088 1313 1201 1374 vestm
1218 1315 1417 1376 auctoritate
1435 1315 1627 1391 apostolica
1647 1314 1886 1377 confirmamus

1088 1410 1123 1472 et
1144 1412 1319 1487 pressans
1344 1412 1460 1489 scripti
1482 1412 1669 1489 patrocinio
1692 1411 1884 1474 commni-

1090 1522 1176 1568 mos.
1199 1508 1293 1570 Nulli
1318 1524 1399 1585 ergo
1426 1510 1562 1573 omnino
1588 1509 1760 1571 bominum
1782 1509 1886 1572 liceat

1088 1603 1478 1682 bancpaginamnostrae
1490 1605 1753 1669 confirmationis
1765 1605 1886 1669 inirin-

1089 1716 1181 1778 gere,
1200 1702 1255 1763 vel
1276 1703 1308 1764 ei
1330 1718 1415 1765 ausu
1436 1703 1616 1765 temerario
1640 1704 1819 1766 contraire.
1848 1704 1888 1767 si

1091 1798 1166 1876 quis
1180 1801 1291 1861 autem
1305 1799 1370 1862 boo
1384 1802 1546 1864 stenaro
1561 1801 1821 1878 praesumpserit,
1834 1800 1888 1861 in·

1090 1895 1315 1972 dignationem
1330 1898 1566 1975 omnipotentis
1580 1898 1639 1959 Dei
1656 1912 1698 1958 ao
1710 1897 1886 1960 beatorum

1090 1994 1181 2055 Petri
1194 1995 1228 2057 et
1241 1994 1338 2056 Pauli
1357 1995 1583 2071 apostolorum
1603 1997 1677 2072 elus
1697 2010 1734 2056 se
1752 1996 1889 2059 novarit

1089 2090 1315 2152 incursurum.
1335 2093 1454 2153 Datum
1472 2092 1640 2164 Latonam,
1661 2090 1816 2153 kalendis
1833 2092 1889 2155 le·

1090 2186 1232 2262 bruaril,
1246 2188 1459 2266 possiumus
1473 2189 1580 2253 nostri
1597 2204 1687 2251 auno
1704 2189 1811 2252 sexto.

1442 2502 1534 2590 oili

1249 2654 1302 2715 aad
1318 2652 1507 2729 capitulum
1521 2655 1724 2716 madasca.

1357 2783 1371 2840 l
1391 2780 1524 2841 februarii
1539 2783 1619 2842 lm.

1118 2905 1236 2970 marest,
1248 2903 1293 2957 lib.
1307 2904 1351 2962 Vl.
1362 2905 1438 2972 epist
1450 2905 1506 2957 m.
1516 2906 1574 2957 Has.
1588 2907 1710 2959 LaPorte
1720 2908 1756 2959 du
1767 2907 1867 2973 Thai]

1092 3028 1204 3090 inbibat
1217 3029 1271 3087 sub
1280 3043 1365 3105 poena
1378 3044 1508 3089 censure
1519 3032 1721 3091 occimiamca
1732 3046 1770 3090 ua
1781 3047 1888 3107 mam·

1210 3117 1278 3175 dam
1298 3117 1533 3177 consuetudinem
1545 3119 1635 3193 jurari
1649 3119 1764 3209 laipi'ant.

1131 3254 1311 3328 Honorius,
1323 3253 1542 3326 etc.,.dilectis
1552 3254 1632 3316 illlis
1644 3255 1790 3334 capitulo
1801 3258 1891 3318 bau·

1093 3351 1240 3519 auglorum
1265 3446 1407 3510 ecclesia
1436 3449 1550 3512 resim
1578 3448 1667 3511 inter
1692 3448 1889 3512 convicinus

1092 3544 1244 3607 aminare·
1261 3544 1416 3608 credatur
1432 3561 1571 3609 numero
1589 3547 1622 3608 et
1636 3546 1754 3608 merito
1768 3562 1890 3624 perso-

244 3612 382 3690 pendas‚
399 3615 486 3692 quod
500 3631 543 3677 ex
556 3616 621 3678 boo
636 3618 825 3695 amequaris
846 3617 962 3679 laudes
976 3618 1042 3680 bo·

246 3710 373 3773 minum
387 3712 425 3773 iu
437 3713 608 3789 praesenti,
625 3715 658 3775 et
674 3730 694 3775 a
712 3715 851 3777 Domino
865 3716 1039 3792 praemium

246 3807 283 3869 in
296 3807 418 3871 loturo.
442 3812 561 3872 ilatum
581 3811 749 3884 Laterani,
773 3811 841 3873 kal.
864 3811 1037 3886 februarii,

247 3906 457 3983 pontificatus
472 3908 579 3972 nostri
590 3924 681 3972 auno
691 3908 800 3973 sexto.

1093 4030 1136 4092 ad
1163 4030 1367 4093 audientiam
1400 4033 1547 4093 nostram
1575 4031 1736 4093 noveritis
1762 4046 1889 4111 perve—
1999 4108 2001 4127 1

1093 3657 1223 3714 narum,
1240 3642 1334 3705 decet
1351 3643 1562 3721 prudentiam
1574 3643 1890 3730 vestramsollicita
2000 3636 2001 3715 l

1094 3738 1283 3817 providere,
1298 3755 1340 3801 na
1362 3740 1420 3801 ilat
1443 3739 1570 3818 aliquid
1592 3740 1629 3801 in
1652 3741 1781 3812 eadem,
1799 3738 1889 3817 quod

1094 3837 1288 3898 santonicam
1303 3852 1370 3898 non
1384 3837 1493 3914 sapiat
1505 3837 1694 3914 puritatem,
1709 3838 1762 3899 vel
1778 3838 1892 3914 turpi·

1093 3933 1240 3995 tudinem
1255 3933 1409 3996 videatur
1430 3933 1576 4011 aliquam
1595 3933 1778 3996 continere.
1800 3936 1890 3997 Sane
1999 3924 2001 3987 Ι

1093 4128 1195 4201 nisse,
1212 4128 1298 4206 quod
1323 4128 1487 4205 praetextu
1512 4128 1688 4206 cujusdam
1703 4130 1890 4190 consuetu·
2000 4134 2001 4163 ³

608 4222 679 4310 cii

277 4374 330 4435 Ad
344 4373 499 4435 abbatem
513 4373 548 4435 et
561 4374 769 4435 amoventem
786 4372 1009 4436 descernere.

513 4513 528 4570 l
547 4510 680 4571 februarii
696 4512 774 4571 lm

277 4644 537 4713 [winembcrpiscbes
548 4644 762 4705 Uikundenbucb,
775 4645 819 4706 ΙΙΙ,
834 4643 888 4705 fla,
901 4658 928 4698 n.
940 4643 1009 4710 cta]

346 4771 506 4833 Ecclesiam
520 4771 556 4830 dc
570 4771 715 4846 beningon
728 4771 771 4829 eis
784 4768 944 4830 confirmat.

1095 4224 1194 4293 dinis,
1216 4226 1252 4287 ut
1269 4225 1402 4295 dicitur,
1414 4226 1605 4304 juramento
1626 4225 1756 4287 firmato
1776 4242 1795 4287 a
1811 4226 1890 4287 sin-
1999 4230 2001 4305 l

1094 4322 1892 4400 gulis,quosinecclesiavestraoanonioarioon-
2000 4376 2001 4405 ,

1094 4419 1203 4496 tingit,
1211 4434 1314 4480 unum
1325 4419 1484 4496 scyphum
1493 4421 1687 4496 argenteum
1698 4420 1846 4497 exigitis,
1856 4423 1892 4484 et
2000 4424 2001 4467 ³

1094 4516 1195 4579 etiam
1206 4517 1409 4594 extorquetis
1419 4517 1468 4579 eis
1482 4517 1624 4580 linctum
1634 4516 1891 4595 praebendarum
2000 4530 2001 4605 ᾗ

1096 4613 1313 4675 suarumnisi
1331 4613 1887 4691 consuetudinemjamdictamad-
1999 4646 2001 4665 Ι

1095 4710 1892 4788 impleant,denegando.0uiaipilurconsuetodo
2000 4744 2001 4777 2

1097 4808 1287 4887 bujusmodi
1308 4807 1432 4870 babere
1452 4808 1585 4870 videtur
1607 4808 1752 4886 speciem
1775 4810 1894 4886 pravi·
1999 4790 2001 4871 l

286 4908 455 4971 Honorius
465 4907 651 4986 episcopus,
663 4922 780 4969 servus
789 4906 1042 4978 servoruchi,
1095 4906 1173 4967 tatis
1188 4907 1221 4967 et
1237 4905 1385 4968 continet
1402 4904 1641 4983 turpitudinem
1665 4905 1893 4976 manifestam,
2000 4928 2001 4957 l

247 5006 378 5070 dilectis
394 5005 524 5068 liliis...
536 5004 650 5066 abbati
663 5007 697 5066 et
711 5003 889 5066 conventui
904 5003 946 5065 de
960 5006 1043 5065 Soo-
1097 5002 1309 5065 universitas
1323 5007 1443 5065 vestra
1463 5003 1660 5065 auctoritate
1675 5005 1893 5080 presentium
2000 5056 2001 5059 ,

247 5104 338 5171 near
352 5102 583 5166 cisterciensis
599 5102 738 5175 ordinis,
756 5101 898 5164 salutem
914 5101 947 5162 et
960 5114 1045 5177 apo-
1096 5099 1304 5172 inhibemus,
1328 5114 1372 5161 ne
1395 5100 1588 5177 praedictam
1615 5100 1894 5163 consuetudmem

248 5202 400 5266 stolicam
414 5200 690 5264 benedictionem.
1093 5195 1353 5276 jurarelaciatis
1364 5197 1405 5259 de
1416 5198 1549 5270 cateno,
1560 5196 1614 5259 vol
1628 5200 1702 5275 ejirs
1715 5198 1897 5261 occasione

289 5304 395 5373 Quum
410 5315 430 5361 a
446 5298 541 5360 nobis
561 5298 685 5375 petitur
702 5296 789 5373 quod
799 5296 927 5373 justum
945 5296 996 5357 est
1010 5297 1045 5358 et
1097 5294 1223 5371 aliquid
1244 5293 1400 5370 exigatis,
1425 5294 1483 5355 aut
1499 5294 1707 5356 subtrahatis
1723 5294 1896 5372 aliquibus

249 5397 437 5469 honestum,
451 5399 520 5459 tam
540 5394 637 5471 vigor
657 5394 823 5471 aequitalis
842 5409 941 5471 quam
961 5392 1042 5455 ordo
1099 5407 1238 5452 suarum
1264 5391 1415 5453 redditus
1443 5391 1709 5469 praebendarum.
1735 5391 1897 5469 Alioquin

249 5495 355 5571 exigit
367 5495 519 5566 rationis,
536 5494 573 5554 ut
591 5492 625 5554 id
643 5507 703 5569 per
719 5490 977 5553 sollicitudinem
992 5490 1044 5552 ol·
1097 5488 1280 5551 venerabili
1297 5488 1394 5551 lratri
1409 5490 1560 5550 nostro...
1582 5488 1738 5565 episcopo
1759 5489 1899 5551 Laudo-

250 5593 320 5654 licii
334 5593 441 5654 nostri
454 5593 495 5654 ad
508 5590 652 5654 debitum
663 5590 866 5668 perducatur
875 5588 1040 5650 effectum.
1098 5603 1187 5656 nen„
1200 5589 1232 5648 at
1244 5586 1376 5648 dilectis
1386 5585 1464 5647 tiliis
1476 5584 1588 5647 abbati
1600 5586 1716 5647 Sancti
1730 5585 1900 5650 lobannis

250 5691 444 5770 Itaproplar,
470 5689 581 5752 dilecti
605 5689 641 5750 iu
665 5687 805 5752 Domino
831 5685 903 5759 lilii,
923 5685 1044 5748 vestris
1097 5685 1133 5751 iu
1150 5674 1268 5747 vineis
1288 5684 1358 5748 et...
1382 5683 1507 5747 decano
1527 5683 1744 5747 Suessiones.
1769 5684 1898 5749 nostris
