3972 6204
293 355 351 417 851
911 353 1087 415 HONORII
1109 354 1155 413 ΙΙΙ
1175 353 1323 431 OPERA.
1882 354 1942 415 852

294 513 440 590 aliquam
455 511 496 573 de
513 509 795 588 possessionibus,
818 511 889 573 sive
905 510 1088 576 redditibus
1142 511 1327 575 venerabili
1349 511 1446 575 tratri
1470 512 1720 591 archiepiscopo
1744 514 1939 585 colocensi,

293 611 400 689 ipsius
413 609 620 681 monasterii,
643 609 781 671 retentis
796 610 953 685 expensis
971 609 1086 672 treds·
1141 609 1293 681 salutem,
1307 610 1368 671 etc.

294 709 360 771 cim
380 706 617 769 monachorum
638 707 916 769 instituendorum
937 708 974 768 in
1000 708 1085 784 ipso.
1181 707 1316 767 Gratum
1330 706 1476 782 gerimus
1489 704 1523 768 et
1535 708 1707 784 acceptum
1719 706 1808 785 quod
1822 707 1943 770 catbo-

293 807 363 866 Nos
382 804 486 879 igitur
512 805 601 864 viam
625 803 775 865 ultimam
803 804 910 880 magis
933 804 1087 869 idoneam
1140 801 1214 864 licm
1241 802 1319 864 fidei
1344 803 1461 864 ductus
1493 819 1618 876 amore,
1643 804 1685 866 ad
1712 805 1942 882 profligandos

197 964 203 967 .
293 902 496 979 reputantes,
511 901 706 962 discretioni
720 902 841 963 vestrae
864 917 924 978 per
940 903 1085 978 Aposto—
1141 901 1316 962 haeroticos
1339 901 1379 962 de
1400 903 1521 973 Bosna,
1544 904 1620 979 Scy,
1637 904 1671 964 et
1684 905 1860 975 Wossora,
1885 902 1940 962 ubi

293 1000 360 1059 lica
374 1000 497 1076 scripta
511 997 716 1071 mandamus,
731 1001 894 1075 quatenus
907 998 1086 1061 secuudum
1140 1000 1300 1075 tanquam
1328 998 1449 1071 lamia,
1476 998 1609 1060 nudatis
1627 1000 1792 1071 mammis,
1806 999 1941 1077 publice

293 1097 386 1157 illam
401 1096 571 1157 moderato
586 1095 723 1172 praelato
732 1095 874 1157 termino
885 1097 1086 1159 monasterio
1140 1095 1354 1157 catulossuos
1365 1095 1499 1167 lactant,
1513 1095 1555 1156 ad
1563 1095 1833 1158 exhortationem
1841 1096 1939 1158 bonae

292 1191 495 1267 provideatis
510 1190 628 1262 eidem,
641 1191 706 1251 nisi
720 1190 804 1253 sorte
819 1191 919 1252 aliam
935 1207 975 1253 ea
990 1207 1085 1253 com·
1140 1195 1309 1255 memoriae
1335 1193 1486 1269 magistri
1513 1193 1664 1264 Aconcii,
1685 1192 1885 1255 subdiaconi
1907 1196 1940 1255 et

292 1289 475 1350 modiorem
497 1289 648 1365 poteritis
670 1288 834 1351 invenire.
851 1288 943 1360 Quod
966 1289 996 1349 si
1019 1304 1086 1350 nou

293 1399 419 1456 omnes,
447 1384 509 1444 etc.
539 1385 656 1445 Datum
689 1382 821 1454 Tibure,
852 1383 896 1445 IV
924 1381 1085 1445 kalendas

293 1496 385 1554 man,
403 1496 491 1543 anno
503 1496 604 1543 nono.

646 1640 742 1727 CLV

292 1786 344 1847 Ad
361 1786 530 1860 doricum
549 1786 845 1858 archiepiscopum
858 1786 1082 1846 colocensem.

586 1904 621 1963 td
634 1905 702 1963 maii
718 1906 796 1963 itit.

459 2019 551 2086 [Fejcn
562 2019 622 2070 Cod.
636 2020 754 2084 diplom,
768 2020 811 2078 ΙΙΙ,
824 2034 853 2081 u,
864 2019 916 2085 dt]

292 2130 394 2185 Terras
407 2125 544 2200 quasdam
568 2125 689 2184 inlectos
703 2126 836 2184 heretica
853 2127 1001 2199 pravitate,
1015 2140 1087 2197 quas

315 2208 342 2265 ei
351 2206 515 2281 purgandas
526 2208 726 2264 commisitrex
735 2206 1066 2281 Hungarise,conilrmat.

333 2326 499 2387 Honorius
510 2324 696 2401 episcopus,
709 2340 824 2385 servus
835 2339 1005 2385 servorum
1013 2323 1084 2395 Dei,

291 2422 475 2485 venerabili
502 2422 597 2484 tratri
623 2421 874 2499 archiepiscopo
901 2419 1083 2492 colocensi,

293 2521 480 2581 salutemet
493 2520 716 2598 apostolicam
731 2518 1005 2579 benedictionem.

333 2620 438 2689 Quum
454 2633 474 2678 a
493 2617 589 2679 nobis
604 2617 728 2694 petitur
742 2615 828 2693 quod
838 2616 964 2692 justum
981 2616 1032 2676 est
1054 2616 1088 2677 et

292 2716 478 2786 honestum,
494 2717 562 2777 tam
577 2716 673 2790 vigor
694 2713 859 2790 aequitatis
882 2728 980 2789 quam
1004 2711 1085 2773 ordo

291 2812 396 2889 exigit
411 2812 562 2885 rationis,
584 2814 621 2872 ui
642 2811 675 2872 id
691 2826 751 2887 per
762 2810 1020 2871 sollicitudinem
1035 2808 1086 2871 of-

291 2910 357 2971 ficii
374 2910 478 2971 nostri
491 2910 533 2971 ad
546 2909 690 2970 debitum
706 2906 907 2985 perducatur
919 2907 1083 2971 effectum.

292 3008 494 3085 Supplicasti
509 3007 671 3084 siquidem
687 3005 783 3067 nobis
805 3008 840 3066 ut
859 3019 958 3081 quum
974 3004 1084 3066 caris·

291 3104 394 3165 simus
429 3105 464 3165 in
497 3104 629 3166 Christo
658 3104 747 3163 tilius
780 3102 895 3163 noster
920 3101 1082 3174 Andreas,

286 3202 470 3278 Hungariae
495 3217 557 3263 rex
584 3200 736 3271 illustris,
766 3200 875 3260 terras
910 3199 1081 3276 quasdam,

290 3299 446 3362 videlicet
457 3301 612 3370 Bosnam,
627 3300 693 3375 Soy
703 3294 857 3377 (Sauum)
869 3297 902 3357 et
912 3298 1082 3367 Wossora,

287 3395 427 3457 infectas
452 3397 609 3457 haeretica
624 3396 799 3473 pravitate,
815 3393 877 3455 tibi
893 3393 1086 3472 purgandas

287 3494 506 3566 committens,
524 3510 581 3554 eas
595 3494 747 3554 ecclesi-m
761 3495 827 3555 tuae
842 3493 875 3553 in
889 3494 1083 3568 perpetuum

287 3590 343 3669 pia
358 3589 558 3652 liberalitate
572 3591 720 3662 donavit,
735 3588 1086 3668 prouteJusdemprae-

288 3688 426 3750 sentatae
447 3687 542 3749 nobis
561 3688 681 3749 litterae
705 3687 836 3766 plenius
859 3685 1087 3757 continebant,

287 3786 500 3847 donationem
515 3785 705 3862 huiusmodi
716 3784 906 3862 Apostolico
921 3783 1085 3858 dignare·

286 3901 361 3945 mur
380 3883 562 3944 munimine
586 3884 755 3951 roborare,
781 3881 967 3960 praesertim
983 3896 1083 3958 quum

287 3981 374 4042 idem
387 3997 449 4043 rex
463 3980 559 4041 nobis
574 3996 674 4057 super
688 3980 751 4041 hoc
767 3979 956 4056 porrexerit
968 3992 1083 4055 preces

287 4095 376 4139 suas.
393 4081 462 4139 Nos
474 4078 585 4154 itaque
599 4081 665 4138 tam
682 4078 786 4153 ipsius
798 4077 888 4152 regis
902 4088 1001 4153 quam
1016 4073 1082 4136 tuis

287 4174 584 4252 supplicationibus
614 4174 811 4244 annuentes,
841 4175 949 4235 terras
978 4172 1081 4249 ipssa,

287 4272 373 4333 sicut
382 4273 436 4348 pie
451 4287 490 4332 ac
503 4271 639 4348 provide
655 4277 732 4331 sunt
747 4270 877 4332 donatae
896 4269 957 4330 tibi
970 4269 1003 4329 et
1022 4284 1082 4329 ec-

287 4368 398 4429 clesiae
412 4371 476 4429 tuae
489 4384 549 4445 per
560 4370 604 4439 te,
621 4368 715 4429 salvo
722 4370 798 4445 jnre
805 4366 913 4443 regie,
927 4364 1083 4426 inreddi-

285 4465 374 4528 tibus
399 4467 431 4526 et
456 4465 640 4526 rationibus
673 4464 853 4535 consuetis,
885 4463 1083 4525 auctoritate

285 4560 1082 4638 apostolicaconfirmamusetpraesentisscripti

209 4666 214 4669 ⁴
284 4659 471 4739 patrocinio
507 4659 757 4722 communimus.
796 4659 915 4720 Datum
948 4657 1080 4730 Tibure,

287 4757 395 4818 idibus
410 4758 501 4832 maii,
525 4757 736 4835 pontificatus
756 4755 860 4818 nostri
877 4771 964 4816 anno
981 4770 1079 4816 nono.

624 4971 743 5060 dtvi

1140 1290 1305 1367 capellani
1318 1290 1435 1358 nostri,
1449 1290 1648 1367 Apostolicae
1662 1290 1759 1351 Sedis
1774 1291 1889 1366 legati,
1908 1294 1940 1353 et

1140 1388 1282 1449 aliorum
1305 1386 1467 1450 bonorum
1490 1389 1651 1460 virorum,
1671 1390 1703 1449 te
1718 1388 1866 1449 viriliter
1879 1403 1939 1449 ac-

1140 1485 1286 1546 cinxisti.
1315 1488 1421 1562 Super
1442 1501 1507 1562 quo
1530 1484 1735 1546 sinceritatis
1749 1487 1816 1546 tnae
1829 1485 1938 1545 zelum

1140 1582 1250 1659 dignis
1271 1582 1306 1643 in
1321 1584 1461 1644 Domino
1483 1581 1637 1643 laudibus
1654 1580 1936 1653 commendantes,

1139 1681 1172 1741 et
1181 1679 1296 1741 favore
1307 1679 1416 1741 debito
1427 1679 1678 1758 prosequentes,
1693 1678 1938 1740 fraternitatem

1139 1779 1229 1840 tuam
1248 1792 1403 1853 rogamus
1418 1778 1450 1840 et
1464 1792 1636 1838 monemus
1648 1777 1809 1838 attentius
1822 1791 1866 1839 ac
1880 1792 1940 1854 per

1139 1874 1328 1952 apostolica
1344 1874 1467 1951 scripta
1493 1874 1699 1944 mandamus,
1720 1873 1939 1949 quatenusde

1139 1972 1249 2047 gratia
1259 1972 1374 2034 nostra
1384 1971 1541 2042 conlisus,
1559 1972 1592 2032 et
1603 1970 1803 2031 auctoritate
1817 1970 1939 2030 sufful-

1139 2070 1192 2130 tus
1217 2068 1430 2145 prosequaris
1446 2084 1490 2129 ex
1509 2067 1620 2139 annno
1640 2082 1778 2128 causam
1800 2067 1935 2138 Christi,

1140 2166 1313 2228 catholicae
1348 2165 1504 2242 puritatis
1543 2165 1695 2241 potenter
1734 2179 1937 2242 persequens

1140 2263 1368 2332 subversores,
1390 2263 1438 2325 ita
1459 2262 1544 2339 quod
1561 2265 1628 2324 Deo
1643 2261 1685 2323 ad
1700 2261 1857 2338 gloriam,
1874 2278 1937 2323 no·

1139 2361 1191 2422 bis
1206 2360 1248 2421 ad
1261 2359 1421 2436 gaudium
1443 2360 1475 2421 et
1499 2358 1560 2421 tibi
1578 2359 1619 2419 ad
1645 2358 1833 2435 proiectum
1855 2374 1937 2435 pro·

1140 2458 1254 2520 veniat
1276 2457 1468 2519 salutarem.
1486 2458 1529 2518 Ut
1545 2456 1656 2519 autem
1671 2456 1860 2532 iniunctum
1878 2455 1939 2517 tibi

1140 2556 1309 2632 negotium
1324 2553 1502 2631 perfectius
1514 2552 1653 2629 exsequi
1667 2553 1786 2613 valeas
1802 2552 1839 2612 in
1854 2567 1936 2628 par-

1140 2653 1227 2714 tibus
1248 2653 1328 2724 illis,
1346 2652 1506 2728 praedices
1524 2650 1662 2711 verbum
1678 2650 1801 2721 crucis,
1822 2648 1937 2711 fideles

1141 2751 1255 2812 contra
1269 2749 1421 2811 iniideles
1436 2747 1619 2809 efficaciter
1633 2746 1857 2808 exhortando.
1878 2749 1936 2807 lia·

1140 2849 1209 2911 tum
1218 2847 1351 2919 Tibure,
1366 2846 1442 2908 idus
1454 2845 1545 2918 maii,
1559 2859 1647 2909 anno
1663 2859 1765 2906 nono.

1470 3131 1608 3219 CLVII

1216 3295 1267 3354 Art
1289 3293 1444 3354 abbatem
1465 3291 1499 3353 ct
1512 3292 1721 3353 corraeorum
1740 3292 1855 3354 West-

1380 3389 1696 3451 armmstcrtensea

1428 3527 1463 3585 td
1478 3528 1545 3586 mali
1566 3526 1645 3586 lito.

1241 3660 1373 3725 [liogdsla
1386 3661 1492 3710 idonast.
1511 3659 1614 3723 anglic,
1626 3658 1672 3717 ΙΙΙ,
1681 3658 1739 3717 ΙΙΙ,
1748 3674 1776 3710 n.
1791 3659 1830 3725 7.]

1138 3786 1187 3845 Eis
1205 3786 1306 3843 cellam
1321 3785 1489 3843 monialium
1510 3783 1545 3841 de
1559 3784 1704 3842 Kelebum
1726 3783 1934 3843 londoniensis
1977 3768 1978 3811 Ι

1173 3874 1306 3932 dioecesis
1330 3889 1395 3933 cum
1418 3873 1497 3943 omni
1513 3871 1712 3946 jurisdictione
1729 3887 1816 3945 quam
1836 3874 1866 3931 in
1885 3874 1932 3929 illc
1976 3852 1977 3913 l

1174 3962 1281 4020 habeut
1299 3961 1459 4019 confirmat.
1975 3936 1976 4015 Ι

1178 4096 1346 4159 Honorius
1354 4096 1539 4173 episcopus,
1550 4111 1669 4157 servus
1678 4112 1851 4157 servorum
1861 4096 1928 4163 liei,

1138 4194 1269 4255 dilectis
1284 4193 1363 4254 liliis
1376 4192 1488 4254 abbati
1503 4194 1535 4254 et
1547 4193 1726 4254 conventui
1734 4194 1928 4261 Westmon.,

1137 4292 1322 4353 salutemet
1335 4288 1559 4367 Apostolicam
1581 4289 1859 4351 benedictionem.

1177 4392 1195 4451 J
1200 4388 1283 4450 ustis
1290 4387 1473 4465 petentium
1483 4385 1660 4447 desideriis
1670 4386 1805 4462 dignum
1814 4388 1926 4447 estnos

1137 4484 1269 4547 facilem
1291 4484 1441 4561 praebere
1456 4499 1665 4554 consensum,
1683 4485 1716 4545 et
1730 4486 1805 4545 vota
1818 4498 1886 4560 qua
1903 4496 1926 4541 a

1136 4582 1277 4644 rationis
1288 4581 1420 4643 tramite
1431 4597 1498 4642 non
1513 4580 1706 4642 discordant
1721 4581 1840 4642 effectu
1852 4593 1927 4656 pro-

1136 4681 1294 4757 sequente
1308 4679 1484 4755 complere.
1497 4679 1579 4738 Cum
1594 4693 1674 4754 ergo
1683 4678 1772 4740 sicut
1781 4694 1823 4739 ex
1837 4678 1927 4754 paris

1135 4780 1247 4838 restra
1271 4776 1333 4837 fuit
1362 4775 1566 4852 propositum
1590 4790 1703 4835 coram
1730 4775 1824 4836 nobis
1846 4770 1927 4833 cella

1136 4872 1330 4934 monialium
1345 4872 1386 4932 de
1400 4870 1580 4943 Keleburn,
1591 4870 1834 4932 Londoniensis
1848 4869 1930 4929 dioe-

1136 4970 1232 5042 ceals,
1245 4970 1286 5030 ed
1296 4986 1355 5030 vos
1364 4969 1528 5046 pertineat
1536 4968 1634 5044 pleno
1643 4971 1733 5044 jure,
1742 4983 1802 5029 nos
1811 4965 1927 5029 vestr-is

286 5120 337 5179 Ad
355 5118 523 5191 Umquam
541 5115 835 5186 archiepiscopum
854 5114 1079 5172 Comum
1135 5065 1290 5144 precibus
1315 5065 1465 5127 inclinati
1490 5064 1608 5126 cellam
1630 5065 1738 5141 ipsam
1754 5061 1927 5126 cumomni

572 5236 605 5292 lo
626 5234 694 5291 maii
718 5232 795 5291 liii.

445 5351 537 5415 [licien
552 5350 613 5402 Cod.
627 5349 744 5414 diplom,
757 5349 799 5407 ΙΙΙ,
817 5363 846 5407 11,
864 5346 916 5411 aa]

330 5461 362 5520 Ei
376 5457 494 5517 mandat
503 5466 533 5514 ut
543 5456 693 5515 catholice
707 5457 839 5529 puritatis
853 5456 1039 5514 subversores

513 5544 642 5610 potenter
652 5544 849 5610 persequatur.

328 5655 494 5715 llouorius
503 5654 689 5732 episcopus,
700 5669 816 5717 servus
826 5668 997 5714 servorum
1009 5650 1077 5722 liei,

1131 5164 1366 5242 jurisdictione
1382 5179 1480 5241 quam
1503 5161 1633 5225 habetis
1655 5160 1767 5224 inilia
1793 5163 1926 5223 sicutea

1131 5264 1232 5338 juste,
1250 5261 1410 5323 canonice
1432 5276 1472 5321 ac
1494 5259 1635 5337 pacifice
1648 5259 1815 5331 obtinetis,
1837 5256 1927 5319 vobis
1951 5332 1956 5342 Ι

1135 5359 1334 5421 auctoritate
1347 5356 1539 5435 apostolica
1553 5357 1788 5418 confirmamus
1804 5358 1837 5418 et
1849 5369 1930 5432 prae-

1135 5456 1239 5519 sentis
1251 5456 1366 5533 scripti
1379 5455 1563 5532 patrocinio
1574 5471 1680 5516 comm
1686 5455 1826 5516 unimus.
1837 5450 1928 5513 Nulli

1135 5568 1227 5630 ergo,
1240 5555 1301 5615 etc.
1319 5555 1436 5615 Datum
1454 5552 1587 5624 Tibure,
1599 5553 1711 5615 idibus
1721 5551 1810 5621 maii,
1821 5547 1930 5627 ponti·

1140 5652 1257 5715 ticatus
1274 5651 1380 5714 nostri
1395 5665 1485 5713 anno
1500 5666 1599 5712 nono.
