3930 6206
213 266 273 331 751

217 430 405 496 abductum.
422 432 631 507 etquenam
651 431 739 494 ferro
759 447 825 494 nou
845 435 1007 506 extracto,

217 531 491 604 computruerunt
520 530 553 590 et
584 530 870 592 deterioraverunt
891 531 1010 592 unlne-

218 640 291 684 rum
315 625 497 693 cicatrices,
524 628 556 687 et
575 625 660 687 facta
684 629 735 688 est
757 628 852 704 quasi
871 629 1011 690 insana-

217 720 293 781 bilis
309 722 380 796 ipsa
396 723 504 797 plaga,
523 722 640 784 fientes
660 739 774 784 amare
788 726 881 802 pacis
899 726 1009 802 angeli

217 820 428 879 recesserunt
437 819 586 891 dicendo,
597 821 1007 898 curavimnsBabylenem,

217 929 283 974 non
310 915 360 976 est
388 917 516 983 sanata,
544 916 814 993 derelinquamus
846 919 1007 979 eamdem.

216 1013 450 1073 Verumtamen
476 1014 576 1074 Sedes
598 1014 787 1089 apostoliea
812 1015 868 1092 pia
891 1018 1007 1086 mater,

217 1124 290 1185 quae
305 1110 448 1170 filiorum
466 1111 552 1172 uteri
570 1112 622 1171 sui
642 1111 794 1173 oblivisci
817 1128 883 1174 non
903 1114 1010 1189 potest

153 1240 155 1247 ,
218 1222 338 1267 ecura
361 1208 465 1283 ipsius
489 1224 554 1268 non
580 1208 717 1280 destitit,
743 1224 804 1271 nec
822 1210 913 1270 zelus
937 1214 1009 1287 ejus

215 1304 356 1364 recessit
382 1303 530 1380 abipsa,
557 1305 692 1366 studens
717 1306 838 1366 vulnus
861 1306 1010 1383 ejusdem

216 1401 450 1477 circumligare
465 1401 590 1474 fasciis,
608 1404 641 1463 et
655 1402 875 1464 medicamine
889 1419 1010 1465 curare

87 1510 92 1515 ·
217 1497 354 1557 livorem
377 1499 575 1575 plagamque
594 1500 775 1560 tumentem
795 1500 868 1561 oleo
890 1501 1008 1562 confo-

216 1610 305 1655 vere.
322 1595 414 1655 Unde
425 1594 532 1655 felicis
545 1596 786 1657 recordationis
797 1599 1009 1659 Innocentius

217 1707 302 1768 papa
318 1692 541 1768 praedecessor
555 1694 669 1754 noster
681 1694 722 1753 de
737 1694 1006 1763 reaeditlcatioue,

216 1805 256 1849 ae
269 1789 359 1850 cultu
372 1790 541 1866 saepedicti
559 1789 706 1867 paradisi
720 1791 895 1863 sollicitus,
913 1807 1009 1851 sacro

217 1886 366 1961 generali
383 1888 498 1947 statuit
514 1887 719 1963 approbante
738 1887 898 1958 Concilio,
920 1888 957 1949 nt
975 1889 1010 1948 in

218 1984 359 2061 singulis
374 1984 486 2058 regnis
508 1984 578 2045 sive
600 1986 781 2060 provinciis
806 1985 846 2045 de
866 1986 1010 2046 triennio

216 2082 252 2140 in
285 2080 475 2151 triennium,
513 2081 605 2143 salvo
635 2084 712 2159 jure
745 2082 1009 2143 dioecesanorum

217 2178 410 2255 pontificum
433 2178 527 2240 fleret
550 2195 723 2240 commune
747 2180 926 2256 capitulum
946 2179 1009 2240 ab·

217 2275 330 2335 batum
345 2276 444 2351 atque
459 2277 606 2351 priorum
624 2276 760 2337 abbates
779 2277 929 2353 proprius
945 2291 1010 2337 non

216 2371 420 2443 habentium,
436 2372 492 2448 qui
507 2388 573 2433 nen
588 2375 833 2435 consueverunt
847 2373 914 2434 tale
929 2376 1012 2434 Con-

217 2468 330 2541 cilium
346 2469 526 2540 celebrare,
543 2469 585 2529 ad
604 2470 691 2546 quod
713 2470 860 2541 universi
877 2486 1009 2546 praepe-

217 2565 398 2626 dimentum
416 2581 481 2627 non
502 2566 661 2627 habentes
677 2567 873 2627 canonicum
889 2583 1011 2628 conve-

217 2664 329 2723 nirent
351 2664 437 2739 apud
463 2678 562 2723 unum
586 2664 626 2724 de
648 2664 859 2725 monasteriis
882 2664 923 2725 ad
949 2665 1010 2726 boc

219 2762 332 2836 aptum
351 2761 526 2822 tractaturi
548 2761 588 2821 de
610 2762 682 2837 ipso
704 2762 739 2821 iu
760 2762 881 2823 statum
897 2762 1012 2837 pristi-

219 2874 297 2918 nnm
313 2858 534 2929 reformando,
552 2859 586 2921 et
603 2858 728 2920 evulsis
745 2874 788 2920 ex
808 2874 847 2920 eo
863 2858 1011 2920 sentibus

217 2956 385 3026 vitiorum,
410 2957 443 3017 et
468 2956 634 3018 destructa
667 2956 759 3017 turre
792 2956 1009 3028 confusionis,

218 3053 305 3112 muri
329 3052 612 3114 reaeditlcarentnr
633 3053 803 3125 destructi,
827 3056 860 3114 et
880 3054 1013 3130 planta·

218 3151 334 3210 rentur
348 3150 382 3209 in
395 3165 435 3210 eo
450 3149 586 3211 arbores
599 3165 770 3225 generosae
784 3149 921 3211 facturae
936 3166 1012 3211 um-

218 3245 391 3306 braculum
408 3246 591 3307 cultoribus
606 3247 676 3307 suis
691 3246 732 3307 ab
748 3249 841 3320 aestu,
856 3248 1012 3325 ipsosque

86 3360 96 3369 ·
219 3343 393 3409 aterbine,
410 3346 443 3405 et
455 3344 567 3420 pluria
581 3345 789 3420 protectura.
802 3349 924 3406 Verum
937 3361 1013 3422 ope

219 3442 315 3500 rante
339 3440 398 3501 illo
427 3443 521 3516 cnjus
544 3441 670 3501 invidia
695 3456 783 3502 mors
813 3443 951 3504 intravit
975 3444 1011 3502 in

219 3537 389 3608 mundum,
406 3537 491 3614 qnod
507 3554 573 3598 non
596 3538 668 3598 sine
682 3539 905 3601 amaritudine
918 3555 1012 3600 men-

188 3630 189 3634 ’
217 3635 261 3697 tis
281 3634 469 3707 referimus,
481 3649 524 3694 ex
543 3635 778 3697 constitutione
799 3637 957 3712 praedicta
976 3637 1011 3697 in

220 3733 401 3793 memorato
426 3731 574 3794 Concilio
600 3732 712 3793 habita
740 3748 858 3809 parum
890 3734 1010 3805 adbuc,

220 3830 277 3890 aut
299 3829 382 3889 nibil
406 3830 560 3891 utilitatis
582 3830 751 3905 prevenit3
778 3830 925 3907 eoquod
947 3831 1011 3892 ab·

219 3925 312 3987 bates
332 3929 365 3987 et
385 3926 513 4001 priores
535 3925 671 3986 abbates
690 3928 843 4003 proprios
862 3943 928 3989 non
950 3944 1013 3988 ua-

220 4020 351 4092 bentes,
383 4022 604 4097 neglexerunt
630 4023 671 4082 ad
701 4023 889 4099 hujusmodi
919 4024 1013 4100 eapi-

219 4118 325 4179 tnlum
362 4119 552 4189 convenire,
586 4134 626 4179 ac
659 4118 709 4190 bi,
746 4120 803 4195 qui
831 4121 1012 4196 praesidere

220 4215 362 4276 debeant
382 4214 489 4275 eidem
513 4215 652 4291 cogendi
672 4215 815 4277 rebelles
845 4233 911 4279 non
935 4220 1012 4279 sunt

833 276 1010 338 HONORlI
1032 278 1077 338 111
1098 280 1246 340 OPERA.
1797 281 1852 340 752

1064 436 1151 497 rium
1176 438 1288 499 Sancti
1315 439 1458 514 Remigii
1479 439 1652 501 Remensis
1677 438 1743 499 hoc
1770 453 1852 498 anno

1064 535 1330 597 convocantesad
1341 536 1520 613 capitulum
1530 537 1720 605 abbates,et
1729 535 1852 612 priores

1064 644 1129 689 non
1143 630 1302 693 babentes
1317 631 1451 693 abbates
1465 632 1617 710 proprios
1631 634 1700 693 tarn
1718 646 1853 706 exemp-

1063 728 1115 786 tos
1143 743 1240 802 quam
1275 744 1341 789 non
1369 730 1540 806 exemptos
1573 726 1750 790 blemensis
1777 741 1854 803 pro-
1945 774 1946 779 1

1065 822 1183 883 vinciae
1212 825 1269 901 qui
1297 841 1364 887 non
1389 826 1632 887 consueverunt
1666 822 1854 900 hujusmodi

1064 919 1234 982 celebrare
1273 922 1475 998 capitulum,
1512 923 1629 983 venire
1673 921 1716 982 ad
1753 919 1853 993 illud,

1064 1013 1240 1079 dummodo
1264 1033 1331 1078 non
1355 1019 1423 1079 sint
1452 1018 1686 1095 impedimento
1713 1015 1853 1077 canoni-

1065 1128 1104 1174 co
1134 1114 1329 1189 praepediti,
1375 1115 1555 1177 monitione
1589 1114 1767 1191 praemissa
1800 1127 1856 1189 per

1065 1224 1240 1271 censuram
1268 1212 1531 1274 ecclesiasticam
1557 1210 1687 1272 sublato
1714 1209 1855 1287 cujusli-

1064 1306 1119 1368 bet
1139 1308 1425 1382 contradictionis,
1442 1311 1474 1371 et
1493 1308 1729 1386 appellationis
1752 1306 1858 1368 obsta·

1065 1403 1139 1464 culo
1172 1405 1393 1482 compellatis,
1422 1409 1456 1467 et
1480 1405 1651 1467 advocatis
1684 1405 1857 1466 caritative

1064 1499 1192 1561 duobus
1229 1502 1460 1563 cirterciensis
1486 1502 1614 1564 ordinis
1642 1501 1766 1563 ricinis
1791 1500 1857 1561 ab·

1064 1595 1206 1668 batibus,
1230 1599 1417 1674 procedatis
1443 1599 1479 1658 in
1508 1597 1732 1660 celebratione
1760 1597 1858 1673 capi-

1065 1693 1126 1754 tuli
1139 1696 1241 1754 Deum
1255 1695 1415 1756 babentes
1427 1710 1494 1772 prae
1507 1696 1614 1756 oeulis
1625 1697 1723 1772 juxta
1738 1694 1861 1755 consti·

1065 1791 1224 1851 tutionem
1237 1793 1362 1853 Conciti
1377 1793 1567 1867 memorati3
1583 1792 1700 1853 eadem
1715 1805 1860 1851 censura

1066 1887 1197 1960 facturi,
1224 1906 1297 1966 quae
1323 1890 1358 1950 in
1385 1906 1425 1951 eo
1454 1890 1693 1951 deliberatione
1719 1888 1861 1964 provida

1065 1983 1190 2047 fuerint
1211 1986 1365 2047 ordinata
1380 1987 1519 2048 firmiter
1531 1986 1713 2056 observari,
1730 1987 1765 2046 et
1780 1985 1862 2045 red-

1066 2080 1165 2142 dituri
1182 2083 1332 2154 Domine,
1345 2084 1379 2144 in
1390 2087 1485 2160 cujus
1497 2084 1634 2159 aspectu
1645 2082 1757 2143 omnia
1769 2081 1861 2141 nuda

1066 2182 1142 2240 sunt
1157 2182 1189 2240 et
1204 2183 1318 2256 aperta
1333 2181 1369 2241 in
1386 2182 1533 2242 extremo
1549 2179 1603 2240 die
1615 2178 1758 2240 districti
1772 2193 1861 2239 exa·

1065 2276 1166 2335 minis
1184 2277 1358 2347 rationem,
1382 2278 1411 2337 si
1436 2292 1565 2338 omnem
1587 2274 1859 2345 sollicitudinem,

1066 2375 1099 2433 et
1120 2373 1326 2448 diligentiam
1347 2390 1421 2451 quae
1443 2374 1532 2434 circa
1554 2372 1807 2443 correctionem,
1830 2374 1863 2432 et

1066 2468 1334 2531 reformationem
1353 2470 1491 2542 ordinis,
1508 2469 1864 2531 ecvisitationemcoe·

1058 2566 1240 2627 ⁴nebiorum
1274 2566 1469 2628 adhibendae
1494 2567 1620 2627 fuerint
1642 2566 1862 2641 neglexeritis

1066 2663 1236 2725 adbibere.
1250 2666 1292 2726 Ut
1306 2667 1415 2726 autem
1429 2680 1502 2741 quae
1518 2664 1642 2725 statuta
1654 2664 1779 2724 fuerint
1786 2679 1862 2723 ma-

1065 2761 1117 2836 gis
1128 2763 1305 2823 teneantur
1322 2761 1524 2831 memoriter,
1543 2762 1576 2821 et
1597 2763 1783 2832 serventur,
1801 2776 1862 2820 vo-

1066 2858 1175 2919 lumus
1194 2861 1227 2920 et
1243 2859 1450 2930 mandamus,
1463 2859 1499 2919 ut
1517 2857 1708 2934 hujusmodi
1724 2857 1860 2933 capitu-

1067 2955 1135 3015 lum
1158 2956 1192 3015 in
1215 2956 1356 3031 singulis
1372 2956 1485 3030 regnis
1503 2954 1572 3014 sive
1587 2954 1781 3030 provinciis,
1799 2968 1862 3013 an-

1066 3054 1119 3112 nis
1138 3052 1290 3127 singulis,
1319 3051 1517 3124 celebretur,
1541 3066 1701 3112 concessa
1726 3051 1777 3111 eis
1805 3050 1860 3127 qui

1067 3150 1107 3211 ad
1116 3150 1372 3226 praesidendum,
1383 3150 1480 3210 annis
1489 3148 1621 3219 futuris
1632 3147 1789 3224 capitulis
1804 3164 1861 3208 ce-

1066 3245 1234 3307 lebrandis
1245 3245 1368 3307 fuerint
1379 3246 1537 3314 ordinati,
1546 3245 1753 3306 convocandi
1762 3244 1863 3305 abba·

1065 3345 1126 3414 tes,
1150 3345 1183 3406 et
1206 3343 1335 3420 priores
1367 3343 1554 3419 praedictos,
1575 3344 1609 3404 et
1637 3343 1778 3417 cogendi
1805 3358 1862 3403 re-

1065 3440 1180 3511 belles,
1203 3440 1426 3517 appellatione
1446 3440 1640 3516 postposita,
1665 3439 1769 3500 simili
1795 3456 1860 3517 po-

1065 3538 1184 3597 testate
1220 3536 1422 3612 adjacentes‚
1451 3538 1487 3596 ut
1519 3536 1548 3595 si
1581 3535 1775 3597 visitatores
1804 3535 1861 3611 qui

1067 3632 1190 3695 fuerint
1209 3634 1243 3693 in
1264 3632 1378 3694 eodem
1395 3632 1539 3694 ordinati
1553 3633 1711 3709 capitulo,
1729 3632 1862 3709 aliquos

1066 3732 1236 3805 exemptus
1258 3730 1447 3791 invenerint
1465 3729 1691 3806 deponendos,
1705 3730 1740 3790 id
1754 3732 1863 3806 Apes-

1066 3827 1175 3889 tolicae
1196 3828 1271 3891 Sedi
1292 3843 1359 3888 non
1376 3827 1532 3888 differant
1550 3827 1719 3899 nuntiare,
1736 3827 1771 3887 in
1793 3842 1864 3887 οω-

1065 3925 1147 3985 teris
1153 3927 1250 4001 juxta
1267 3924 1406 3985 formam
1428 3923 1597 4000 saepedicti
1615 3924 1757 3985 concilii
1775 3940 1861 4000 pro-

1067 4021 1205 4092 cessuri,
1231 4022 1259 4081 si
1288 4020 1374 4082 forte
1398 4021 1612 4082 convertatur
1636 4022 1810 4091 Dominus,
1828 4020 1862 4081 et

1067 4120 1228 4195 ignoscat,
1245 4121 1279 4180 et
1299 4117 1491 4194 relinquens
1506 4121 1580 4194 post
1595 4133 1635 4179 se
1648 4117 1861 4179 benedictio-

1066 4215 1302 4291 nem,gleriam
1313 4214 1431 4281 Libani
1444 4215 1499 4276 det
1513 4214 1655 4286 deserto,
1669 4217 1704 4277 et
1716 4214 1860 4276 Carmeli

220 4311 284 4372 risi
321 4310 444 4372 habere
479 4312 625 4389 aliquam
656 4313 863 4388 potestatem,
900 4315 933 4376 et
963 4315 1011 4375 sic
1066 4312 1229 4374 decorem.
1243 4314 1327 4373 Ecce
1344 4311 1563 4388 praesentibus
1576 4312 1783 4374 ostendimus
1803 4328 1862 4372 re-

221 4408 422 4485 usquemodo
451 4409 486 4468 in
512 4411 659 4470 stercore
684 4426 745 4471 sno
778 4413 1011 4488 computruere
1065 4409 1862 4486 gularibussemetipsis,utaquo‚inquid,etper

215 4508 366 4585 jumenta
387 4509 421 4568 et
434 4506 531 4568 Moab
546 4507 581 4569 in
597 4507 666 4568 suis
687 4506 819 4568 foetibus
834 4508 1008 4584 requierit.
1065 4507 1151 4584 qued
1166 4506 1357 4577 ceciderint,
1374 4506 1519 4576 videant,
1536 4506 1735 4581 recogitent,
1750 4507 1783 4567 et
1801 4507 1862 4566 in-

259 4605 352 4675 Licet
378 4604 482 4679 igitur
513 4603 600 4665 facta
635 4604 789 4666 videatur
817 4605 1011 4683 desperabi-
1063 4603 1227 4679 telligant‚
1252 4617 1291 4663 ac
1315 4617 1389 4662 cum
1415 4603 1523 4677 Magis
1549 4601 1768 4663 efferentibus
1792 4605 1863 4662 Do-

220 4703 262 4763 lis
278 4701 376 4777 plaga
399 4704 483 4778 ejus,
495 4702 638 4762 scientes
655 4703 764 4763 tamem
781 4702 866 4777 quod
879 4718 945 4763 neu
961 4704 1012 4763 est
1065 4700 1154 4761 mino
1175 4715 1324 4770 munera,
1339 4714 1400 4775 per
1417 4699 1518 4759 aliam
1532 4698 1623 4759 riam
1639 4699 1674 4759 in
1696 4714 1789 4760 suem
1803 4714 1863 4759 re-

220 4799 414 4861 abbreviata
435 4814 554 4859 manus
578 4798 720 4868 Domini,
738 4800 775 4859 ut
788 4797 919 4861 salvare
943 4816 1011 4861 uon
1064 4799 1149 4859 verti
1171 4797 1325 4858 studeant
1345 4797 1527 4871 regionem.
1548 4796 1668 4857 Datum
1689 4797 1859 4866 Laterani,

221 4896 326 4973 possit
350 4896 384 4956 et
406 4908 589 4970 excoquere
617 4893 761 4954 scoriam
784 4896 856 4972 ejus
877 4895 918 4954 ad
943 4913 1008 4972 pu·
1065 4897 1108 4956 IX
1124 4894 1285 4955 kalendas
1296 4893 1457 4969 januarii,
1472 4908 1560 4954 anno
1576 4908 1677 4954 nono.

219 5009 304 5064 rum,
323 5007 384 5053 nec
399 5006 465 5053 non
478 4990 610 5052 anferre
624 5006 721 5051 omne
737 4993 889 5066 stagnum
904 4992 1008 5066 illius,

218 5108 258 5152 ac
273 5090 448 5153 restituere
459 5088 589 5165 judices
608 5090 681 5164 ejus
699 5090 735 5148 nt
751 5088 844 5164 prius
864 5088 1007 5162 fuerunt,
1104 5094 1147 5151 In
1173 5092 1330 5151 ertnzdem
1352 5093 1492 5150 medem
1518 5090 1689 5163 scriptum
1710 5091 1761 5152 est
1787 5092 1861 5151 Re-

219 5190 251 5248 et
266 5185 477 5248 consiliarios
492 5185 579 5245 sicut
589 5184 782 5261 antiquitus,
799 5189 1008 5263 compatien-
1064 5187 1170 5247 mensi
1196 5186 1458 5262 archiepiscopo,
1479 5186 1512 5247 et
1538 5186 1763 5262 suffraganeis
1783 5190 1862 5264 ejus

217 5289 266 5349 tes
289 5299 331 5344 ex
345 5284 462 5344 intimo
484 5282 594 5342 cerdis
613 5297 715 5359 super
733 5283 931 5345 contritione
950 5288 1010 5348 Jo-
1063 5298 1170 5357 esque
1192 5283 1355 5344 decorem.
1372 5283 1533 5354 Quocirca
1553 5282 1764 5345 universitati
1778 5298 1865 5344 res-

218 5381 311 5458 seph,
327 5380 435 5441 adbuc
459 5379 625 5439 curationi
633 5381 715 5455 „ejus
731 5379 887 5442 duximus
902 5382 1009 5442 insis-
1063 5383 1124 5442 tre
1140 5395 1201 5457 per
1211 5379 1402 5456 Apostolica
1416 5379 1540 5456 scripta
1557 5379 1754 5440 mandamus
1766 5396 1865 5456 prae-

218 5477 364 5547 tendum,
390 5475 581 5537 discretioni
601 5477 722 5538 vestrae
741 5492 801 5553 per
820 5480 1008 5554 Apostolica
1063 5476 1227 5554 cipiendo‚
1242 5477 1405 5553 quatenus
1418 5477 1564 5537 rectores
1579 5477 1862 5539 monasteriorum

220 5571 342 5646 scripta
356 5572 549 5634 mandantes
561 5574 723 5650 quatenus
738 5575 824 5650 apud
841 5579 1009 5639 monaste-
1062 5576 1248 5637 vestrarum
1270 5574 1449 5636 ditecesum
1466 5589 1547 5650 quos
1562 5573 1750 5637 visitatores
1762 5590 1861 5650 prae-

1930 2770 1934 2777 y

1945 4752 1946 4761 i

1945 4788 1946 4803 l

1945 4808 1946 4815 t

1945 4942 1946 4949 t
