3916 6204
841 375 1019 439 HONORII
1040 378 1087 439 111
1107 380 1255 442 OPERA.

525 538 725 628 LXXXIII

246 693 299 753 Aci
319 693 524 767 episcopum,
541 693 824 769 proposuisset
843 698 1001 771 priorem

355 790 390 849 S.
406 791 559 849 Fimntoi
571 792 612 850 dc
626 791 889 865 Mooiepessuto.

488 921 523 978 23
535 919 665 978 decemb.
679 922 757 980 2223.

245 1041 389 1106 [birsches
401 1041 431 1093 de
443 1041 469 1092 lc
477 1043 573 1094 sceleti
586 1044 727 1109 archeelog.
740 1043 771 1094 ds
782 1044 950 1110 chtpcllim,
959 1046 990 1105 ll,

527 1138 553 1187 p.
564 1123 619 1182 tii,
630 1139 656 1177 n.
666 1124 718 1188 aa]

223 1228 468 1300 Compositiouem
489 1236 547 1286 tem
572 1245 657 1302 super
689 1230 810 1288 ecclesie
840 1232 913 1288 intra
939 1245 1022 1305 paro·

259 1316 355 1375 chiam
371 1319 399 1375 S.
416 1317 534 1375 Firmini
555 1318 746 1377 construenda
762 1334 847 1393 quam
867 1335 953 1392 super
966 1335 1021 1378 coe·

260 1406 380 1462 moterlo
394 1406 494 1464 initam
508 1406 669 1464 confirmat.

237 1546 241 1553 ·
263 1523 433 1584 Honorius
443 1524 628 1600 episcopus,
638 1540 755 1585 servus
765 1541 937 1587 servorum
948 1527 1017 1599 Dei,

224 1620 409 1681 venerabili
428 1620 523 1681 fratri
547 1622 714 1699 episcopo,
731 1625 764 1684 et
788 1624 918 1686 dilectis
940 1624 1019 1685 illlis

223 1718 402 1794 praeposito
409 1718 442 1779 et
456 1719 560 1795 priori
569 1721 681 1781 Sancti
688 1721 829 1781 Firmini
840 1722 1022 1783 deMonie-

223 1815 367 1891 pessulo,
383 1816 632 1891 magalonensis
650 1816 815 1886 dioeecsis,
832 1819 973 1881 salutem
986 1821 1019 1881 et

222 1912 448 1988 apostolicam
462 1912 739 1975 benedictionem.

264 2013 311 2071 Ea
325 2024 398 2086 quae
406 2010 533 2086 jndicio
543 2012 596 2073 vel
610 2012 786 2073 concordia
796 2014 1024 2087 terminantes

224 2107 320 2168 drma
350 2107 470 2169 debent
495 2108 528 2169 et
556 2108 683 2170 illibata
710 2111 901 2186 porsIstcre,
928 2112 960 2172 ei
977 2126 1020 2171 ne
1098 2163 1105 2175 .

223 2206 258 2266 in
281 2205 439 2266 recidivas
463 2206 683 2268 contentionis
705 2208 897 2284 scrupulum
925 2208 1018 2269 rela-

222 2302 354 2375 bantur,
372 2303 561 2378 apostolico
581 2305 736 2365 convenit
754 2306 911 2381 praesidio
924 2322 1019 2366 ecm-

223 2399 360 2460 mnniri.
378 2402 582 2476 eapropter,
611 2401 814 2463 venerabilis
828 2403 864 2463 in
888 2403 1019 2464 Christo

1374 550 1568 641 LXXXIV

1187 703 1240 763 Ad
1252 705 1548 778 arehiepiscopum
1561 706 1754 768 Bituricae.

1334 832 1508 891 bidecemb.
1526 834 1604 893 lm

1091 952 1209 1018 magam,
1219 953 1264 1005 lib.
1273 954 1339 1014 illl,
1351 955 1424 1020 epist.
1439 957 1493 1008 itte.
1504 958 1561 1007 llss.
1575 960 1613 1009 Ls
1626 958 1705 1010 Porta
1714 960 1748 1011 du
1757 960 1835 1026 ihm]

1075 1076 1191 1137 blandai
1207 1087 1237 1139 ut
1258 1078 1293 1137 dc
1317 1080 1485 1153 quibusdem
1504 1083 1634 1142 ecclesiis
1656 1100 1717 1143 suas
1736 1085 1847 1147 dioeoeds

1110 1178 1199 1225 unum
1227 1169 1396 1227 canonicum
1422 1167 1457 1226 ad
1486 1170 1549 1243 ejus
1576 1172 1724 1230 servitium
1746 1190 1845 1234 evome

1110 1256 1209 1328 possit.

1113 1383 1294 1456 Honorius,
1319 1385 1396 1456 etc,
1420 1384 1845 1463 archispiscopoBituricen.

1115 1481 1275 1543 Precibus
1290 1482 1355 1543 tuis
1381 1481 1560 1571 benignum
1574 1484 1845 1561 impartientesas

1075 1579 1847 1659 sensum,auctoritatetibipraesentiumindulge

1074 1691 1158 1747 mus,
1180 1678 1217 1737 ut
1236 1674 1276 1737 de
1300 1677 1442 1752 singulis
1457 1677 1609 1740 ecclesiis
1623 1680 1691 1740 tuae
1715 1679 1849 1741 dioecesis

1074 1771 1272 1834 habentibus
1291 1773 1463 1834 denarium
1489 1776 1727 1837 canonicorum
1752 1792 1851 1838 nume-

1075 1870 1220 1942 rum,vsl
1234 1874 1405 1948 majorem,
1419 1872 1520 1933 liceat
1531 1873 1592 1935 tibi
1603 1890 1707 1934 unum
1717 1874 1759 1935 ad
1773 1876 1850 1937 tuum

1074 1968 1244 2030 servitium
1267 1984 1418 2041 evocare,
1433 1971 1490 2047 qui
1504 1970 1664 2046 quamdiu
1677 1971 1746 2032 tuis
1765 1972 1850 2032 iusis-

1073 2066 1146 2127 tant
1172 2065 1290 2128 ciliciis
1311 2067 1440 2143 integre
1457 2067 1583 2129 tructus
1610 2084 1747 2130 suarum
1759 2070 1851 2146 perci-

1074 2164 1167 2239 plant
1181 2164 1444 2240 praebendarum,
1456 2180 1522 2226 non
1537 2163 1689 2227 obstante
1699 2167 1851 2228 contraria

1073 2261 1323 2333 consuetudine,
1339 2260 1392 2323 vel
1410 2263 1532 2324 statuto
1545 2279 1753 2342 quacumque
1767 2264 1852 2325 tirmi-

1073 2360 1141 2419 tate
1153 2358 1288 2420 vallato.
1309 2360 1401 2419 Nulli
1414 2375 1504 2437 ergo,
1521 2362 1596 2431 ete,
1611 2360 1700 2422 hanc
1710 2361 1849 2438 paginam

1074 2456 1196 2517 nostrae
1211 2458 1436 2518 concessionis
1451 2457 1723 2534 intumescis.
1743 2460 1850 2535 Siquis

222 2495 327 2557 frater
337 2497 452 2558 noster
465 2498 631 2574 episcope,
648 2512 688 2559 ac
703 2499 814 2560 dilecti
829 2500 866 2560 in
880 2500 1019 2561 Domino
1610 2557 1616 2567 .

222 2594 283 2655 dlii
297 2595 476 2671 praeposite
491 2610 531 2656 ac
545 2597 646 2673 prior,
657 2597 779 2658 vestris
790 2598 890 2672 justis
902 2599 1020 2675 postu·
1074 2555 1285 2665 Intem'ftc'
1316 2557 1433 2715 Datfam
1462 2556 1631 2627 Lateram’
1663 2558 1709 2617 IX
1731 2555 1850 2617 kalend·

222 2691 404 2752 dationibus
414 2694 509 2768 grato
520 2695 756 2755 concurrentes
767 2710 917 2767 assensu,
930 2709 1016 2756 com·
1069 2667 1220 2728 Ianum
1235 2667 1372 2714 ³⁰n⁰⁰⁰
1408 2668 1460 2715 W·

221 2789 420 2866 positionem
438 2806 512 2866 quae
535 2791 623 2851 inter
645 2808 705 2853 vos
730 2807 773 2852 ex
796 2794 890 2868 parts
905 2808 971 2852 una
986 2792 1020 2855 et

220 2887 366 2964 priorem
379 2890 412 2948 et
421 2887 541 2949 iratres
556 2888 683 2950 ordinis
696 2889 956 2953 praedicatorum
974 2906 1018 2951 eu

221 2985 1015 3062 altera,tamsuperecclesiacumtribustantum

222 3081 382 3143 altaribus
393 3084 481 3144 intra
494 3084 687 3160 parochiam
700 3086 813 3146 Sancti
823 3086 963 3146 Firmini
978 3085 1019 3145 de

221 3179 468 3256 Montcpessulo
481 3196 501 3241 a
518 3181 614 3242 dictis
626 3181 784 3243 iratribus
797 3182 1018 3244 construenda

221 3293 319 3353 quam
335 3292 435 3353 super
449 3277 639 3339 coemeterio
654 3278 695 3341 ad
720 3294 803 3354 opus
828 3279 1018 3339 eorumdem

220 3372 361 3434 fratrum
375 3375 408 3435 et
419 3389 657 3435 conversorum
666 3390 801 3436 suorum
812 3376 943 3437 tantum
956 3376 1019 3437 ha-

221 3469 339 3540 hendo,
365 3485 493 3531 necnon
519 3472 668 3531 manuali
694 3471 894 3544 obedientia,
920 3473 1014 3533 salva

221 3567 273 3627 sni
287 3567 413 3627 ordinis
427 3566 638 3629 observantia
651 3569 812 3645 regulari,
824 3569 897 3642 tihi,
915 3569 1018 3631 irater

220 3664 387 3741 episcope,
402 3680 442 3726 ae
457 3666 588 3727 tuorum
607 3666 742 3728 cuilibet
769 3680 1014 3739 successorum,

221 3778 242 3824 a
256 3763 368 3839 priore
382 3763 439 3840 qui
454 3778 514 3841 pro
526 3764 673 3839 tempore
685 3764 877 3829 instituetur
890 3764 1013 3826 ibidem
1111 3757 1280 3817 Ηθΰθΐὶῑ18
1289 3758 1475 3834 episcopus,
1486 3774 1602 3821 servus
1611 3776 1781 3824 servorum
1791 3763 1854 3832 nei,

222 3876 281 3937 pro
297 3876 387 3921 scae
409 3861 479 3923 suls
500 3860 1013 3939 tratribusexntnenda,etqui-
1072 3853 1321 3931 archiepiscopo
1343 3854 1520 3928 Narbone,
1537 3857 1681 3920 salutem
1701 3861 1735 3922 et
1760 3864 1858 3938 Apos-
1937 3888 1938 3941 t

218 3946 357 4017 busdam
370 3958 446 4019 alhs
461 3958 622 4031 articulis,
644 3959 810 4020 mediante
831 3958 1015 4020 venerabili
1071 3950 1205 4012 IOIicam
1219 3950 1492 4013 benedictionem·

220 4053 325 4116 fratre
364 4058 478 4116 nostro
509 4056 686 4117 Portuensi
728 4057 899 4133 episeopo,
939 4058 1016 4118 tunc
1111 4049 1308 4125 Recepimus
1335 4049 1465 4111 litteras
1486 4051 1609 4113 nobilis
1638 4053 1704 4114 viri
1737 4057 1788 4127 R.‚
1803 4053 1859 4115 filii

1192 3144 1547 3220 Adorchwpiscopum
1557 3148 1743 3209 Noa-boam.

1331 3284 1366 3342 29
1380 3283 1510 3342 decemb.
1527 3287 1606 3344 1222.

1173 3414 1309 3479 [Veissdia
1322 3416 1430 3468 Histoire
1442 3419 1475 3468 du
1486 3420 1647 3483 Lsnpnedoe,
1658 3435 1685 3485 p.
1696 3421 1764 3486 282]

1108 3541 1141 3598 Ei
1159 3539 1276 3598 mandat
1290 3549 1320 3599 ut
1334 3543 1363 3599 in
1378 3543 1584 3616 compositione
1600 3559 1666 3603 cnm
1681 3549 1716 3605 h.
1727 3547 1825 3605 comite

1220 3630 1361 3687 tolosano
1370 3629 1417 3688 dct
1427 3646 1544 3706 operam
1559 3632 1718 3693 efficacem.

220 4150 418 4227 apostolicae
432 4151 659 4226 Sedislegato,
676 4152 896 4214 amicabiliter
910 4152 1017 4213 iuter·
1071 4144 1236 4223 quondam
1255 4149 1295 4211 It.
1320 4148 1452 4209 comitis
1477 4150 1618 4219 Tolosae,
1644 4152 1857 4223 continentes,

219 4248 321 4317 venit,
338 4250 436 4325 prout
449 4248 485 4308 in
504 4248 609 4324 ipsius
624 4248 744 4311 litteris
757 4250 887 4328 plenius
906 4250 1015 4312 conti·
1072 4244 1157 4321 quod
1170 4245 1220 4306 est
1234 4246 1400 4306 solemnes
1415 4247 1549 4309 nuntios
1562 4247 1604 4308 ad
1617 4252 1767 4311 nostram
1779 4265 1860 4327 prae-

221 4343 333 4417 netur,
363 4345 449 4408 sicut
474 4346 550 4418 rite,
590 4346 662 4407 sine
687 4346 851 4423 pravitate
879 4347 1016 4425 provida
1071 4340 1212 4403 sentiam
1235 4342 1506 4416 transmissurus,
1532 4343 1681 4407 facturus
1708 4364 1769 4423 pro
1794 4348 1861 4423 ipso

218 4440 309 4503 lacta
322 4444 383 4516 est,
395 4442 476 4503 stab
490 4445 630 4521 utraque
640 4445 733 4520 parte
745 4445 861 4522 sponte
868 4445 1013 4520 recepta,
1070 4438 1192 4500 nostrae
1206 4437 1450 4515 heneplacitum
1465 4441 1658 4502 voluntatis
1669 4444 1859 4518 Quumergo

220 4539 417 4601 auctoritate
427 4540 617 4616 apostolica
632 4541 878 4611 confirmamus,
891 4541 1013 4617 etprae·
1070 4536 1110 4596 de
1125 4538 1169 4607 te,
1184 4537 1353 4613 tamquam
1366 4552 1486 4613 magno
1497 4540 1530 4600 et
1548 4538 1742 4601 honorabili
1754 4540 1864 4603 Eccle-

220 4636 323 4698 seniis
333 4637 448 4713 scripti
460 4638 646 4714 patrocinio
658 4637 911 4699 communimus.
923 4637 1016 4699 Nulli
1070 4633 1128 4692 siae
1142 4632 1201 4694 Dei
1217 4633 1375 4704 memhr0,
1390 4634 1538 4709 gerimus
1559 4634 1717 4699 fiduciam
1738 4638 1864 4715 specia-

219 4733 355 4795 omnino
371 4735 542 4796 hominum
558 4735 753 4796 liceathane
764 4734 922 4812 paginam
937 4749 1017 4795 nos-
1070 4731 1146 4801 lem,
1159 4731 1347 4808 certiusque
1358 4747 1553 4809 responsum
1570 4748 1589 4794 a
1604 4734 1649 4806 ie,
1663 4736 1719 4796 cni
1729 4740 1800 4814 jam
1811 4734 1866 4796 du·

147 4824 157 4833 ’
217 4832 280 4893 trae
295 4832 557 4893 confirmationis
577 4832 772 4909 infringere,
799 4832 852 4893 vel
873 4833 905 4894 ei
931 4848 1015 4894 ausu
1070 4828 1145 4888 dum
1162 4843 1262 4904 super
1281 4829 1344 4888 hoc
1364 4829 1545 4891 direximus
1565 4830 1707 4907 litteras,
1728 4848 1866 4910 exspec-

104 4984 118 5005 χ
218 4930 398 4991 temerario
419 4930 597 4992 contraire.
615 4929 650 4990 Si
666 4931 741 5007 quis
756 4930 944 4991 autemhoc
959 4929 1014 4990 at·
1069 4926 1187 4997 temus,
1228 4925 1471 4987 fraternitatem
1497 4929 1588 4989 tuam
1621 4930 1865 4993 sollicitandam

219 5028 349 5089 tentare
371 5027 630 5104 praesumpserit,
659 5027 921 5103 indignationem
938 5042 1013 5087 om·
1070 5023 1227 5083 duximus
1241 5024 1274 5085 et
1295 5023 1502 5097 hortandam,
1526 5041 1585 5102 per
1599 5029 1793 5103 Apostolica
1807 5024 1865 5089 tibi

218 5123 400 5200 nipctentis
413 5123 472 5183 Dei
488 5138 526 5182 ac
553 5121 724 5182 beatorum
752 5122 891 5184 Petriet
915 5122 1012 5183 Pauli
1070 5120 1193 5196 scripta
1223 5120 1439 5193 mandantes,
1472 5123 1647 5199 quatenus,
1685 5125 1862 5188 secundum

218 5221 445 5298 apostolorum
475 5223 549 5296 ejus
573 5235 609 5279 se
633 5220 763 5281 noterit
788 5220 1011 5281 incursurum.
1070 5217 1180 5279 datam
1195 5217 1256 5278 tihi
1282 5233 1302 5278 a
1329 5221 1397 5279 Deo
1410 5219 1633 5295 prudentiam,
1650 5221 1710 5284 des
1734 5235 1864 5300 operam

128 5386 133 5391 ,
216 5319 334 5378 Datum
349 5317 516 5387 Laterani,
533 5316 738 5376 Xhalendas
744 5318 906 5394 januarii,
924 5334 1011 5394 pon·
1069 5315 1250 5387 efficacem,
1267 5317 1304 5377 nt
1317 5317 1408 5377 terra
1434 5316 1674 5394 ite'purgetur
1687 5318 1861 5387 haereticis,

1069 5413 1160 5473 etita
1183 5412 1333 5473 ecclesiis
1350 5413 1407 5474 ilat
1421 5414 1586 5474 restitutio
1611 5414 1811 5488 ablatorum,
1834 5415 1864 5475 ct

1069 5526 1143 5571 cum
1160 5510 1264 5571 nobili
1278 5509 1351 5571 viro
1374 5513 1412 5571 A.
1431 5511 1542 5572 comiti
1566 5511 1734 5576 Tolosano
1755 5514 1865 5575 taliter

1069 5610 1297 5685 componatur,
1314 5606 1402 5685 qnod
1424 5608 1465 5670 ad
1494 5608 1680 5672 audiendos
1696 5606 1865 5690 jamdicti

1050 5762 1054 5771 .
1071 5705 1194 5767 nobilis
1207 5706 1341 5768 nendos
1365 5721 1465 5767 altres
1480 5706 1689 5783 apostolicas
1702 5710 1866 5772 inclinare

216 5413 361 5477 tilicatus
374 5413 479 5475 nostri
495 5430 584 5475 anno
600 5414 726 5475 octavo.
