3886 6214
96 311 142 374 εὖτ
321 248 325 255 ·
659 302 888 366 briareum.
910 303 989 364 Lis.
1011 302 1082 365 vn.
1634 302 1696 367 358

94 462 248 533 emensis
271 459 402 522 bairi...
425 458 678 537 archiepiscopo
711 460 849 537 Magda-
942 464 1152 524 Iaeomdem
1162 462 1470 543 modomscriptum
1483 461 1695 536 estalberto,

95 560 234 638 burgensi,
249 558 384 620 cauom
399 556 667 633 etApostolicam
684 557 847 619 benedic-
903 559 1057 634 episcopo
1089 558 1295 629 Tridentino,
1332 559 1441 639 legato
1472 559 1509 621 in
1544 560 1693 641 partibus

95 660 205 723 bouem.
902 655 1042 717 Tusciae.

123 756 154 819 Si
174 751 338 835 legationis
360 749 504 815 officium
528 750 590 817 tihi
617 751 658 821 ab
681 752 848 828 imperiali

95 850 227 929 potestate
254 841 461 907 commissum
482 844 627 908 officiose
645 847 697 908 vis
719 858 847 923 gerere,
1194 842 1404 930 CXXXVI}

93 948 161 1008 siout
173 943 307 1006 crederis
325 945 358 1004 et
370 943 506 1015 teneris,
523 944 667 1020 expedit,
687 944 724 1005 ut
738 943 848 1005 corri-
899 948 903 953 '

93 1044 167 1120 piens
185 1032 340 1117 inquietos
362 1040 495 1116 satagas
516 1040 746 1116 pusillanimos
766 1055 849 1102 con-

93 1138 184 1210 solari,
198 1140 228 1199 et
240 1138 360 1215 quanto
375 1138 491 1199 contra
506 1137 664 1199 ecclesias
684 1138 716 1199 et
735 1152 851 1214 perso-
943 1186 1133 1246 Ambwm

92 1232 849 1311 naseoclesiasticasmultiplicatursuperborum
912 1303 916 1309 ¹
1136 1227 1145 1245 ’
1193 1263 1227 1325 49
1242 1263 1311 1323 maii
1326 1263 1405 1325 1223·

91 1331 220 1408 inquies
231 1332 263 1392 ⁰t
276 1329 431 1440 superbie
449 1330 652 1407 iniquorum,
667 1331 759 1439 &¹¹¹⁰
775 1345 850 1390 ⁰⁰¹¹·
913 1336 1039 1438 inopen,
1052 1374 1098 1427 ou
1109 1376 1164 1435 vri,
1178 1375 1252 1447 spis
1264 1378 1318 1429 rso.
1330 1378 1389 1429 us.
1402 1379 1439 1433 ta
1450 1379 1526 1431 rone
1536 1377 1685 1444 aurosus

90 1428 131 1488 tra
145 1441 193 1487 eos
212 1426 417 1493 rectitudinis
437 1427 505 1490 tues
523 1426 631 1489 zelum
652 1442 762 1502 anges
781 1425 851 1487 ior-

91 1520 238 1594 deremet
250 1522 345 1599 sigor
359 1522 491 1585 virtutis
506 1522 758 1587 valentiorvitii
772 1536 850 1583 cor·
904 1498 1084 1599 ΜΝ
1108 1502 1320 1602 ἨΡΜῬΜ
1346 1504 1485 1604 mess-
1510 1504 1549 1563 Μ·
1572 1503 1610 1562 (Ῑθ
1628 1498 1696 1563 Αῑῖθ

90 1618 204 1695 ruptela,
225 1618 299 1679 dum
323 1620 429 1681 vincit
459 1635 520 1681 nec
547 1619 705 1691 vincitur,
728 1618 851 1680 clarior
957 1586 1133 1646 ⁸⁰¹³d¹⁸⁰⁰⁰⁰
1148 1589 1641 1665 ¹⁰·Wfflmfl'mffl0109‘0'fflffl‘·

88 1714 179 1791 rigeat
191 1731 229 1776 ex
243 1715 394 1789 adverso,
408 1717 568 1794 tanquam
583 1715 689 1780 noctis
703 1713 850 1779 tenebris
945 1713 1123 1785 Honorius,
1140 1716 1214 1787 etc,
1231 1712 1360 1777 dilectis
1384 1717 1501 1779 illlis...
1522 1719 1697 1780 archidia-

88 1810 146 1872 luce
169 1812 229 1873 diei
256 1812 386 1875 eminus
413 1814 579 1889 effugatis.
607 1816 713 1885 Quum
739 1812 851 1889 itaque
905 1824 988 1870 cono
1017 1808 1237 1873 Pisanos...
1265 1813 1454 1890 praeposito,
1478 1816 1510 1876 et
1537 1810 1697 1892 magistro

87 1907 159 1969 eires
169 1910 411 1981 Cremonenses,
431 1910 552 1977 timore
571 1910 686 1971 divino
701 1910 852 1971 contem-
904 1907 941 1967 0.
973 1908 1144 1969 canonicis
1177 1908 1291 1970 sancti
1323 1908 1454 1971 Nicolai
1485 1911 1693 1985 ambianen,

87 2006 139 2081 pto,
152 2008 181 2068 et
190 2007 254 2069 tam
269 2007 377 2069 diuini
391 2022 490 2084 quam
505 2007 643 2068 humani
652 2007 741 2085 juris
752 2021 852 2068 reue·
904 2002 1048 2065 salutem
1064 2003 1097 2065 et
1110 2005 1333 2081 ApostolIcam
1345 2006 1621 2073 benedictionem.

86 2102 172 2163 reuda
184 2103 357 2181 vilipensa,
373 2104 612 2166 monesterium
634 2103 748 2166 &noti
765 2103 850 2165 sixti
943 2100 1091 2162 Dilectus
1112 2100 1201 2162 illius
1220 2103 1380 2179 magister
1397 2105 1442 2164 M.
1458 2104 1500 2165 de
1514 2104 1594 2171 Aria
1616 2105 1697 2169 sub-

85 2199 243 2261 Placentini
257 2200 387 2262 duabus
401 2200 552 2277 partibus
573 2202 676 2263 castri
696 2200 730 2264 et
745 2199 850 2262 curtis
905 2194 1065 2261 dlaconus
1096 2198 1133 2259 in
1166 2199 1279 2262 nostra
1313 2202 1485 2279 proposuit
1517 2205 1697 2283 praesentle

85 2295 216 2358 lmtallas
229 2313 288 2374 per
310 2298 507 2361 uiolentiam
524 2297 701 2375 spoliarint
718 2298 754 2360 ot
771 2312 852 2360 cur·
906 2294 1118 2368 constitutus,
1135 2295 1221 2373 quod
1236 2310 1337 2373 quum
1353 2298 1497 2361 secundo
1511 2299 1697 2363 venerabili

84 2391 135 2452 ten
148 2395 301 2457 Luciariae
324 2396 366 2456 ad
387 2395 475 2456 idem
495 2396 733 2457 monasterium
753 2395 851 2471 perti·
904 2392 1000 2453 iratrl
1013 2394 1164 2468 nostro...
1181 2394 1345 2455 Morineu.
1361 2395 1526 2472 episcopo,
1544 2397 1600 2475 qui
1620 2413 1696 2458 eum

86 2491 194 2551 nentem
207 2494 321 2555 eontra
334 2492 500 2570 iustitiam
516 2493 687 2555 detineant
703 2506 852 2569 occupa-
903 2489 940 2550 in
961 2488 1201 2552 subdiaconum
1225 2490 1484 2569 ordinaratpro
1505 2509 1544 2554 eo
1567 2494 1697 2557 nullum

84 2585 146 2657 taus
165 2588 246 2651 sicut
277 2589 410 2651 aiebatis
439 2591 587 2667 eJusdem
613 2589 849 2652 monastertio
905 2576 1168 2650 ecclesiasticum
1177 2587 1553 2655 beneficiumcbtinente
1567 2592 1696 2654 direxi-

86 2679 165 2759 longo
175 2687 319 2764 tempore
332 2687 526 2764 conquestio
537 2687 728 2748 continuata
741 2686 850 2746 decla·
901 2691 978 2744 mus
1008 2685 1130 2767 scripta
1154 2685 1279 2757 nostra,
1301 2686 1393 2748 utin
1414 2687 1556 2750 ecclesia
1583 2690 1696 2751 Sancti

83 2779 161 2852 rasit,
172 2785 304 2860 propter
320 2782 419 2860 quod,
430 2783 505 2861 post
517 2783 677 2845 cavillosa
698 2781 848 2857 diffugia,
904 2780 1040 2842 Martini
1055 2780 1095 2842 de
1116 2782 1271 2843 Hesduvo
1286 2798 1355 2844 suae
1375 2783 1541 2858 dioecesis,
1559 2785 1588 2845 si
1610 2786 1698 2848 esset

83 2875 180 2950 ombus
190 2879 502 2942 eumdemahbatem
516 2878 697 2956 fatigarunt
710 2879 847 2950 diutius,
903 2877 1054 2951 idoneus,
1071 2879 1104 2939 et
1118 2878 1230 2940 nullus
1251 2879 1459 2942 demandato
1474 2884 1587 2943 nostro
1608 2882 1695 2944 fuis-

81 2975 214 3045 smribus
227 2976 400 3039 laboribus
409 2978 444 3038 et
459 2979 626 3053 expensis,
640 2978 749 3054 spreto
759 2978 850 3053 Jura·
904 2974 954 3035 set
968 2977 1132 3051 receptus,
1141 2974 1262 3036 ibidem
1271 2976 1306 3035 in
1321 2975 1525 3052 praebendali
1534 2978 1696 3041 beneficio

81 3073 170 3133 mento
182 3074 400 3152 corporaliter
423 3074 584 3151 praestito,
605 3073 692 3150 quod
710 3072 781 3150 J'uri
796 3087 851 3148 pa·
904 3071 1130 3147 provideret...
1151 3071 1277 3133 decano
1291 3072 1486 3135 ambianen.
1503 3075 1536 3163 et
1556 3074 1694 3152 collegis

80 3168 182 3240 rorent,
195 3171 230 3231 in
243 3172 440 3248 potestatem
450 3174 485 3233 et
494 3170 704 3237 consiliarios
715 3183 850 3230 excom-
903 3168 1009 3244 ipsius
1026 3169 1144 3244 primo,
1170 3183 1210 3229 ac
1233 3169 1411 3246 praeposlto
1432 3172 1562 3234 Sanctae
1577 3174 1694 3235 Mariae

80 3264 289 3330 manicatiouis
310 3270 345 3330 et
367 3268 404 3329 in
425 3270 528 3330 totam
553 3266 720 3328 civitatem
743 3266 851 3327 inter·
903 3266 1046 3340 Bur-gen,
1062 3265 1096 3326 et
1109 3265 1337 3342 conJ'udicibus
1359 3267 1429 3328 suis
1451 3269 1608 3343 secundo,
1629 3269 1694 3331 sibi

79 3355 143 3420 dieti
156 3364 336 3427 sententias
351 3364 489 3427 fecimus
504 3363 708 3440 promulgari
721 3362 754 3427 et
768 3377 850 3438 pree·
904 3377 1004 3438 super
1037 3360 1101 3423 boo
1139 3362 1358 3427 monitoribus
1391 3363 1575 3441 deputatis,
1605 3366 1693 3428 idem

79 3452 164 3517 iatum
185 3459 337 3524 abbatem
369 3456 547 3538 petitorum
576 3456 693 3522 verum
721 3456 849 3522 consti·
903 3459 1089 3536 episeopus,
1105 3458 1185 3520 lieet
1198 3458 1283 3520 nihil
1295 3460 1453 3537 objiceret
1465 3478 1567 3540 quare
1577 3463 1608 3524 id
1625 3480 1693 3526 non

77 3550 180 3619 inimus
205 3573 432 3634 possessorem
453 3574 461 3619 :
487 3557 730 3619 fraternitatem
757 3557 848 3618 tuam
904 3553 1037 3617 deberet
1051 3555 1135 3628 ileri,
1151 3555 1204 3617 sel
1217 3570 1283 3617 non
1299 3558 1420 3633 posset,
1435 3559 1628 3622 mandatum.
1640 3561 1695 3623 ta-

79 3658 437 3723 rogamusetmonemus
450 3653 848 3731 altenteperaposeolies
902 3667 978 3713 men
1006 3653 1156 3715 nostrum
1191 3652 1317 3729 pariter
1350 3656 1384 3716 et
1415 3657 1692 3732 praecostensa

77 3746 180 3823 scripta
213 3753 427 3821 mandantes,
463 3752 627 3830 quatenus
668 3749 848 3828 prudenter
903 3749 1103 3811 monitorum
1133 3750 1295 3811 monitum
1321 3750 1553 3827 praedictorum
1580 3753 1693 3815 surdis

77 3840 226 3907 attendens
251 3848 354 3926 quod,
381 3849 469 3910 sicut
495 3864 563 3910 non
590 3847 642 3908 est
672 3846 847 3908 conventio
902 3846 1038 3907 auribus
1052 3847 1230 3917 transiens,
1247 3845 1279 3905 id
1296 3845 1455 3908 hactenus
1470 3847 1603 3910 efficere
1622 3864 1690 3911 non

76 3932 145 3998 lucis
156 3943 195 4002 ad
207 3944 378 4014 tenebras,
398 3944 444 4007 ita
461 3958 522 4006 nec
535 3944 601 4006 riri
615 3943 844 4014 ecelesiastici,
901 3943 1040 4014 curarit,
1051 3942 1191 4020 propter
1202 3941 1288 4020 quod
1300 3945 1370 4019 jam
1384 3944 1483 4006 tertio
1496 3945 1602 4007 dictus
1618 3962 1691 4007 ma-

76 4035 185 4106 pualem
202 4056 277 4104 esse
300 4044 336 4105 te
360 4042 536 4114 eredimus,
560 4042 601 4103 ad
624 4039 847 4109 excommuni-
900 4040 1152 4115 glsterooaotus
1172 4040 1224 4101 est
1245 4039 1286 4100 ed
1311 4042 1458 4102 nostram
1476 4044 1688 4119 praesentiam

76 4134 149 4194 ates
171 4139 384 4218 participatio
411 4154 486 4200 esse
513 4138 619 4211 debet,
648 4138 777 4199 nullum
803 4150 847 4199 ex
900 4136 1063 4197 laborare.
1087 4136 1247 4197 Nolentes
1274 4136 1377 4212 igitur
1399 4138 1486 4213 quod
1508 4137 1548 4199 de
1575 4141 1690 4216 provi-

76 4222 130 4287 lllis
158 4232 216 4294 tibi
248 4232 498 4298 communicare
528 4235 711 4311 permittes,
746 4234 846 4295 immo
900 4234 994 4294 sione
1012 4233 1093 4295 dicti
1113 4233 1264 4309 magistri
1285 4234 1340 4310 pie
1357 4232 1553 4312 incoepimus
1576 4251 1689 4299 rema-

75 4321 209 4402 tanquam
229 4333 390 4408 praecisos
413 4331 454 4393 ab
477 4330 703 4393 ecclesiastica
719 4331 846 4393 unitate
900 4332 979 4393 neat
1002 4329 1222 4407 inexpletum,
1253 4329 1445 4392 discretioni
1480 4333 1600 4396 vestrae
1629 4351 1689 4412 per

76 4424 594 4505 mumooevsmnseaquantum
616 4428 653 4489 in
677 4427 843 4499 tefuerit,
899 4427 1087 4504 apostoliea
1128 4427 1252 4502 scripta
1283 4426 1489 4500 mandamus,
1524 4431 1688 4507 quatenus

73 4514 550 4602 iacienseuitari,seepedletum
559 4524 711 4587 abbatem
724 4522 759 4585 in
773 4540 847 4601 pos·
899 4525 1089 4601 episcopum
1127 4524 1344 4584 memoratum
1377 4525 1414 4586 ut
1444 4526 1685 4601 praecedentem

74 4617 234 4682 sessionem
244 4623 357 4699 ipsam
366 4624 528 4699 potestate
537 4622 598 4685 tibi
612 4620 847 4683 traditaindu-
899 4619 1157 4681 inobedientiam
1180 4620 1347 4680 redimens
1377 4636 1438 4697 per
1464 4621 1686 4685 obedientiam

72 4715 288 4780 casettusaris
298 4719 479 4790 inductum,
490 4718 680 4780 mandatum
694 4720 844 4779 nostrum
899 4717 1162 4793 subsequentem,
1173 4717 1306 4792 eijunte
1315 4717 1412 4792 primi
1422 4720 1568 4781 mandati
1579 4722 1686 4783 nostri

72 4803 166 4870 tulitm
178 4813 388 4891 impleturus,
406 4815 492 4893 quod
515 4816 681 4891 legatione
704 4814 845 4890 iungens
898 4818 1046 4876 tenorem
1071 4813 1107 4874 in
1135 4813 1276 4874 ecclesia
1300 4815 1472 4889 provideat
1492 4819 1685 4892 memorate,

71 4917 120 4976 Μ
140 4906 269 4973 domino
284 4912 472 4989 temporali,
493 4915 619 4975 aeterno
640 4926 706 4973 non
727 4911 846 4987 displi-
899 4909 1249 4985 noseredillgontius,
1265 4911 1299 4971 et
1316 4911 1475 4973 inducere
1490 4915 1685 4989 procuretis,

72 5006 218 5073 dressed
236 5009 457 5085 complaceas,
472 5009 505 5070 et
517 5022 579 5069 nos
594 5007 725 5079 enode,
738 5008 772 5069 te
784 5006 843 5068 Dei
898 5009 1005 5084 ipsum
1022 5006 1063 5067 sd
1082 5006 1127 5078 ld,
1153 5007 1182 5066 si
1201 5020 1339 5068 necesse
1354 5007 1463 5079 luerit,
1481 5009 1546 5071 nisi
1559 5010 1694 5087 aliquid<

70 5095 160 5165 zelum
193 5107 433 5179 cognoscentes
468 5104 602 5175 babere,
636 5104 843 5165 devotionem
897 5103 1095 5165 rationabile
1127 5101 1291 5179 obJectum
1317 5103 1417 5167 suerit
1441 5107 1475 5166 et
1499 5106 1683 5181 probatum,

69 5191 146 5254 luam
157 5196 266 5274 dignis
280 5200 449 5263 favoribus
461 5201 617 5278 prosequi
627 5199 842 5261 debeamus...
898 5216 1001 5278 quere
1015 5199 1079 5261 boo
1097 5199 1170 5261 iteri
1184 5216 1250 5261 non
1265 5200 1393 5274 debeat,
1410 5201 1463 5261 vel
1484 5218 1550 5262 non
1567 5204 1696 5278 possit,

69 5287 121 5357 Qui
133 5293 172 5364 si,
185 5297 273 5372 quod
287 5297 385 5368 absit,
396 5297 601 5359 contrarium
615 5297 754 5365 iaceres,
770 5312 845 5372 gra·
897 5297 1094 5359 auctoritate
1132 5298 1258 5368 nostra,
1295 5297 1424 5358 sublato
1452 5298 1694 5375 appellationis·

69 5383 141 5446 riter
153 5404 213 5450 nos
227 5392 458 5468 reputaremus
473 5394 607 5457 offendi.
619 5395 737 5455 Datum
750 5394 844 5455 bete-
897 5392 1078 5465 obstaculo,
1094 5392 1337 5469 compellentes.
1353 5394 1445 5467 Quod
1469 5395 1498 5454 si
1519 5408 1586 5455 non
1612 5413 1686 5458 om·

68 5482 221 5555 rani,le
231 5487 394 5551 kalendae
404 5491 503 5567 lunii,
516 5490 726 5567 pontificatus
737 5490 842 5551 nostri
896 5504 967 5561 nes,
995 5490 1056 5551 etc.
1082 5486 1200 5550 netum
1227 5488 1393 5561 Laterani,
1422 5491 1685 5556 invadendas

69 5590 144 5639 auno
155 5584 308 5659 septimo.
893 5586 992 5662 junii,
1010 5585 1222 5662 pontificatus
1233 5586 1336 5647 nostri
1352 5602 1439 5648 anno
1456 5589 1606 5667 septimo.

903 992 955 1052 Ad
964 991 1242 1053 archidiaconum
1256 993 1461 1066 Pistoclere,
1470 997 1698 1069 prepositum

943 1087 978 1148 et
998 1089 1209 1164 mapeelmem
1235 1092 1284 1161 0.,
1300 1093 1480 1152 oooeontoos
1507 1095 1542 1153 d.
1562 1094 1696 1155 Ntectot
1830 1154 1833 1161 .
