3972 6204
102 254 157 316 857

105 410 254 481 telesina
270 408 401 473 1616616
413 408 527 486 aliquo
540 408 574 469 16
590 407 792 486 quibuslibet
807 424 890 470 cau-

104 511 145 572 sis
164 507 334 569 assumunt
351 505 498 567 officium
513 505 677 577 advocati,
693 502 889 566 exterrentes

105 606 179 668 illud
206 604 344 665 nimium
370 603 582 680 impudenter
612 617 673 678 pro
713 602 888 678 temporali

104 704 221 782 quaestu
244 701 278 762 in
305 701 378 762 foro
403 700 644 771 ecclesiastico,
666 700 699 761 61
720 699 823 770 616111,
846 714 889 760 ex

109 817 167 879 quo
185 798 351 860 nonnullis
369 796 562 859 efficiuntur
581 796 838 867 166666161616,
857 797 889 856 et

106 898 176 959 aliis
189 897 223 957 in
238 896 471 972 contemptum.
494 896 625 956 suntet
641 894 699 954 alii
711 896 778 955 tam
793 908 890 955 cano·

103 995 176 1066 6161,
196 1009 292 1070 quam
309 992 424 1053 clerici
437 991 592 1052 dioecesis
608 990 820 1067 supradictae,
833 991 889 1067 qui

104 1090 261 1154 clericalis
277 1089 460 1151 honestatis
471 1088 565 1150 obliti
581 1088 723 1150 diversis
739 1088 772 1148 et
783 1087 890 1148 variis

104 1186 311 1250 sacularibus
333 1185 612 1262 negotiationibus
634 1201 670 1247 se
690 1183 888 1256 immiscent,

104 1284 253 1361 emptioni
273 1283 307 1346 61
329 1283 514 1345 venditioni
536 1282 828 1344 mercimoniorum
841 1281 889 1342 sic

104 1382 209 1453 dediti,
223 1380 259 1441 61
277 1380 504 1456 negotiatores
522 1380 635 1440 666166
653 1394 752 1455 quam
774 1377 890 1439 clerici

104 1478 281 1549 videantur,
297 1476 382 1553 quod
394 1477 507 1554 utique
522 1476 623 1537 decus
639 1475 718 1537 facit
729 1474 890 1536 vilescere

26 1582 27 1585 ’
105 1575 263 1636 616116616.
280 1575 364 1646 Quia
377 1589 457 1636 vero
472 1573 580 1644 valde,
602 1575 638 1634 ut
659 1573 795 1643 asseris,
818 1587 891 1632 me-

102 1673 174 1741 tuis,
190 1671 271 1733 nesi
287 1671 436 1747 praedicti
452 1669 655 1742 sacerdotes,
671 1670 704 1731 61
715 1669 830 1731 6166161
850 1667 891 1729 ab

104 1767 287 1847 hujusmodi
301 1785 368 1831 non
382 1768 555 1846 quieseant
577 1767 663 1829 61661
684 1766 826 1844 6666166
844 1765 892 1826 616

104 1867 252 1945 sacerdos
274 1868 407 1938 existat,
430 1864 632 1926 fraternitati
658 1863 736 1936 tue,
760 1863 892 1939 plenam

103 1964 140 2025 16
160 1966 193 2025 16
218 1963 373 2024 fiduciam
401 1962 600 2033 obtinentes,
617 1961 840 2031 concedimus,
857 1960 893 2020 ut

95 2061 296 2146 ¹auctoritate
314 2061 426 2123 nostra
441 2059 517 2121 illos
536 2059 651 2120 valeas
667 2057 821 2119 atalibus
836 2072 894 2117 co-

103 2157 222 2229 hibere,
243 2157 312 2217 nisi
333 2157 485 2233 proprias
501 2171 631 2226 causas,
656 2155 710 2216 661
733 2154 894 2216 66616616-

103 2270 171 2315 rum
182 2270 330 2324 suarum,
341 2258 398 2315 anf
409 2268 628 2330 personarum
641 2252 891 2322 miserabilium,

104 2367 171 2428 quae
187 2351 342 2429 prosequi
360 2366 480 2412 666666
500 2366 577 2411 6666
599 2350 752 2427 nequiter
770 2348 895 2409 1666161

103 2449 275 2525 prosecuti,
291 2464 365 2509 cnm
378 2448 617 2509 inconveniens
634 2447 677 2508 sit
690 2446 894 2525 presbyteris

105 2544 142 2604 ad
160 2545 384 2607 ministerium
399 2545 560 2621 corporis,
577 2546 609 2606 61
631 2544 804 2619 sanguinis
829 2546 895 2604 Do-

104 2642 180 2703 mini
199 2642 367 2723 deputatis
379 2642 581 2720 judiciorum
597 2642 781 2717 strepitum,
799 2642 832 2703 et
847 2641 893 2701 li-

104 2739 150 2800 tes
168 2755 292 2812 amare,
315 2756 424 2818 neque
442 2740 557 2801 deceat
576 2739 700 2800 Christi
724 2737 894 2799 ministros

105 2836 317 2898 sacularibus
340 2837 506 2914 implicari
526 2837 679 2913 negotiis,
694 2834 814 2913 quibus
835 2850 896 2895 ne-

105 2948 154 2993 mo
173 2932 269 2996 debet
289 2937 357 2995 Deo
383 2935 532 2996 militans
556 2950 591 2994 se
610 2934 762 2995 miscere.
777 2933 895 2994 Datum

104 3029 230 3104 Tibure,
246 3033 326 3092 Xill
341 3031 501 3094 kalendas
512 3031 612 3108 jnnii,
630 3046 718 3092 anno
732 3045 832 3091 nono.

422 3280 575 3367 dlxiv

381 3433 611 3493 1666666

395 3563 429 3620 11
444 3562 512 3619 maii
528 3560 608 3619 1115.

144 3679 262 3743 [Rapere.
275 3677 323 3728 lib.
334 3677 378 3736 IX,
392 3676 497 3740 66331.
510 3676 701 3727 1166161666
717 3674 752 3724 dn
765 3673 860 3738 111611]

106 3791 281 3868 1616166161
305 3793 474 3851 6161611666
495 3793 585 3864 166166
604 3792 721 3848 servitio
745 3799 899 3864 occupatos

216 3881 347 3956 pluribus
355 3881 502 3939 beneflciis
517 3880 611 3938 valeat
624 3879 784 3953 providere.

142 4008 322 4080 Honorius,
340 4007 416 4078 etc„
433 4005 552 4067 611616.

143 4107 288 4182 Dignum
310 4105 361 4166 est
388 4104 421 4166 et
446 4102 659 4174 conveniens,
689 4104 725 4163 ut
761 4102 900 4164 clericos

105 4201 164 4264 tibi
172 4202 326 4264 subditos
338 4202 427 4262 circa
442 4203 474 4263 te
489 4200 523 4261 in
539 4202 595 4262 tuo
611 4200 902 4284 servitio-commo·

106 4301 228 4370 rantes,
242 4298 481 4360 abundantiori
496 4297 617 4359 debeas
630 4297 769 4359 caritate
783 4298 901 4359 tracta·

106 4412 151 4469 re,
164 4397 197 4458 et
212 4395 416 4473 provisionis
430 4395 623 4456 6161666616
637 4394 809 4455 liberalius
822 4410 903 4471 ape-

106 4493 183 4554 rire.
202 4491 409 4569 Significasti
426 4490 589 4568 siquidem
606 4491 714 4562 nobis,
732 4491 818 4568 quod
834 4491 903 4552 616-

106 4590 225 4652 1161161
243 4588 304 4652 tibi
319 4587 530 4650 familiariter
545 4589 775 4665 obsequentes,
791 4589 902 4650 61666

105 4687 258 4749 16666116
269 4686 407 4762 agendis
416 4685 904 4763 episcopalibnsfideliterlabo·

106 4788 229 4857 rantes,
243 4783 356 4844 minus
372 4782 589 4844 sufficientem
605 4782 829 4859 provisionem
843 4799 901 4843 as-

67 4892 75 4915 ¹
107 4884 210 4944 secuti
231 4881 429 4953 noscuntur,
446 4881 592 4942 maxime
615 4897 689 4942 eum
703 4882 738 4941 in
753 4880 903 4957 partibus

106 4980 173 5041 illis
196 4980 245 5042 ita
265 4979 333 5040 sint
355 4978 457 5039 exilia
476 4978 650 5051 beneficia,
671 4977 814 5055 666116
838 4994 904 5039 666

107 5092 172 5138 666
195 5078 307 5155 661661
326 5074 427 5136 611661
447 5090 594 5152 congrue
616 5074 794 5150 provideri.
812 5075 905 5136 Unde

107 5174 225 5237 devote
248 5172 431 5250 plurimum
455 5172 661 5249 supplicasti,
681 5174 718 5233 nt
738 5172 906 5249 dispensa-

107 5271 173 5332 tive
205 5270 406 5331 auctoritate
438 5271 552 5330 nostra
585 5283 700 5346 posses
728 5268 835 5330 tribus
865 5268 906 5329 de

107 5366 279 5446 praedictis
305 5365 436 5427 clericis
456 5366 541 5429 alias
563 5365 769 5427 beneficiatis
788 5366 824 5426 in
845 5382 905 5428 eo-

108 5463 301 5527 clesiastico
321 5461 483 5525 beneficio
503 5463 690 5542 providere,
708 5463 905 5541 quodetiam

108 5563 212 5624 simili
226 5559 360 5623 ratione
375 5560 613 5638 praedecessori
633 5563 690 5625 tuo
707 5575 727 5621 a
745 5559 908 5623 nobisas-

711 246 940 309 EPISTOLAE.
964 249 1043 311 LIB.
1067 250 1122 312 IX.

1642 339 1646 349 ι
1680 260 1740 323 858

943 411 1028 471 66616
1042 410 1083 472 16
1103 411 1212 488 gratia
1231 410 1335 474 fuisse
1356 426 1560 476 concessum.
1575 417 1644 478 Nos
1657 434 1739 482 vero

942 506 1162 571 fraternitatis
1174 511 1241 571 tuae
1251 511 1405 586 precibus
1418 511 1737 591 inclinatipraesen-

942 604 1024 665 tium
1051 605 1113 667 tibi
1137 607 1335 671 anctoritate
1362 610 1508 684 gratuita
1533 610 1739 687 benignitate

943 702 1168 775 concedimus,
1197 705 1233 765 ut
1256 705 1346 766 circa
1370 706 1453 767 duos
1479 707 1519 767 de
1547 710 1739 772 memoratis

944 799 1086 868 clericis,
1097 801 1125 860 si
1140 801 1287 862 nondum
1297 803 1333 865 ut
1345 819 1419 863 cum
1431 803 1610 881 aliquibus,
1624 807 1739 868 valeas

944 896 978 956 in
998 911 1078 956 casu
1100 897 1202 959 simili
1226 899 1420 976 dispensare
1446 901 1508 963 tibi
1535 918 1594 978 per
1621 904 1738 966 sedem

943 992 1168 1069 apostolicam
1179 996 1230 1056 est
1244 995 1419 1069 indultum,
1436 998 1662 1074 dispensative
1679 1017 1740 1062 va-

944 1090 1015 1151 leas
1041 1089 1230 1167 hujusmodi
1256 1092 1399 1168 gratiam
1423 1110 1591 1157 66666666.
1619 1097 1737 1160 Datum

944 1186 1076 1260 Tibure,
1090 1190 1153 1249 Xll
1167 1188 1328 1251 kalendas
1339 1191 1440 1268 jnnii,
1455 1207 1544 1254 anno
1561 1210 1660 1256 nono.

1279 1485 1411 1573 CLXV

1058 1644 1110 1703 Ad
1121 1645 1317 1718 6616666666
1336 1648 1627 1711 Lemoviceasem.

1236 1783 1350 1842 111616
1371 1786 1450 1843 lfao.

971 1914 1080 1977 1166661,
1096 1912 1141 1964 111).
1156 1914 1200 1974 lX,
1218 1916 1292 1980 epist.
1303 1917 1358 1967 3311.
1372 1918 1430 1968 lies.
1442 1919 1478 1969 ba
1488 1920 1565 1970 Porta
1577 1921 1610 1971 dn
1621 1923 1717 1985 Thali]

987 2037 1154 2097 116616161
1179 2041 1332 2098 6661661661
1348 2045 1553 2102 Daurutensem
1572 2049 1704 2120 personis

1222 2128 1332 2188 idoneis
1345 2130 1465 2189 ordinet.

987 2253 1155 2315 Honorius
1166 2255 1351 2332 episcopus,
1362 2272 1656 2321 servasservorum
1669 2262 1741 2333 Dei,
1776 2288 1781 2299 ·

948 2351 1133 2412 venerabili
1159 2351 1292 2415 fratri...
1323 2354 1481 2430 episcopo
1501 2358 1743 2432 Lemovicensi,

949 2447 1090 2510 salutem
1104 2451 1136 2511 et
1148 2450 1374 2526 apostolicam
1387 2450 1662 2515 benedictionem.

985 2546 1037 2621 ‚Ad
1065 2549 1213 2608 nostram
1235 2547 1438 2610 audientiam
1470 2550 1503 2613 te
1531 2551 1742 2627 significante

949 2644 1111 2720 pervenit,
1136 2644 1312 2720 quodcum
1343 2646 1421 2706 olim
1448 2662 1492 2706 66
1519 2647 1745 2711 insinuatione
1820 2671 1826 2681 ·

950 2740 1168 2817 quorumdam
1193 2742 1431 2803 canonicorum
1455 2746 1744 2808 Dauratensisec-

951 2837 1061 2899 clasiae
1076 2840 1190 2900 nostro
1202 2837 1321 2899 fnisset
1332 2840 1542 2916 Apostolatui
1560 2844 1744 2904 reseratum

950 2934 1126 2995 ecclesiam
1158 2950 1231 2995 esse
1262 2936 1487 2997 inordinatam
1519 2940 1680 3011 eamdem,
1711 2942 1745 3002 et

951 3032 1186 3109 quodpropter
1212 3032 1411 3092 servitorum
1438 3033 1603 3096 defectum
1631 3036 1743 3099 debito

951 3129 1086 3191 servitio
1113 3128 1335 3200 fraudaretur,
1367 3129 1610 3193 ordinationem
1635 3134 1743 3209 ipsius

951 3226 1080 3287 dilectis
1109 3225 1188 3285 filiis
1207 3226 1365 3301 magistro
1395 3228 1561 3299 Durando,
1591 3232 1747 3293 Lemovi-

952 3323 1043 3385 censi
1057 3321 1293 3384 archidiacono
1317 3325 1350 3384 61
1362 3324 1499 3400 collegis
1512 3326 1746 3390 suisdnximus

952 3420 1229 3492 committendam,
1259 3421 1405 3497 quicum
1430 3422 1471 3483 ad
1482 3423 1631 3485 eamdem
1645 3426 1750 3489 eccle·

953 3518 1036 3579 siam
1056 3518 1287 3590 accessissent,
1300 3520 1336 3579 61
1350 3534 1424 3579 eam
1449 3519 1490 3579 de
1504 3524 1657 3597 personis
1673 3525 1748 3585 ido-

953 3617 1026 3676 neis
1035 3619 1132 3694 juxta
1148 3615 1340 3677 mandatum
1365 3618 1591 3693 apostolicum
1608 3620 1747 3684 ordina·

953 3715 1038 3785 rent,
1077 3714 1230 3774 canonici
1266 3713 1417 3774 ecclesiae
1460 3718 1671 3789 memoratae,
1712 3720 1749 3782 nt

954 3811 1144 3873 mandatum
1158 3811 1308 3872 nostrum
1321 3810 1456 3873 eludere
1477 3812 1639 3885 valerent,
1655 3816 1748 3876 ordi-

954 3907 1125 3970 natoribus
1149 3906 1231 3983 ipsis
1256 3905 1291 3966 in
1320 3908 1491 3968 canonicis
1511 3909 1582 3970 suis
1602 3914 1746 3989 receptis

954 4004 1174 4066 ordinationis
1188 4004 1317 4066 litteras
1335 4008 1600 4081 suppresserunt,
1615 4010 1750 4086 propter

955 4101 1040 4180 quod
1056 4100 1197 4162 ecclesia
1220 4101 1293 4178 ipsa
1315 4101 1475 4162 hactenus
1489 4102 1679 4169 inordinata
1693 4123 1750 4169 re·

954 4199 1086 4261 mansit.
1100 4199 1150 4259 Ne
1160 4198 1263 4274 igitur
1273 4198 1425 4260 canonici
1447 4201 1630 4277 supradicti
1644 4220 1680 4265 se
1700 4207 1748 4269 sio

955 4297 1096 4359 elusisse
1110 4295 1300 4358 mandatnm
1311 4297 1536 4372 apostolicum
1549 4299 1747 4377 glorientur,

955 4395 988 4455 et
1014 4393 1056 4454 de
1076 4392 1163 4462 dolo,
1190 4408 1229 4453 ac
1257 4391 1374 4454 166616
1401 4408 1462 4454 sua
1487 4410 1522 4456 se
1544 4399 1750 4464 commodum

955 4489 1328 4577 gaudeantreportasse,
1344 4489 1587 4554 ordinationem
1598 4496 1749 4559 66616616

956 4589 1147 4649 memoratae
1162 4586 1234 4656 tibi,
1256 4586 1296 4647 de
1321 4590 1415 4664 cujus
1440 4588 1639 4654 discretione
1660 4595 1752 4668 geri-

957 4701 1030 4745 mus
1043 4684 1199 4745 fiduciam
1215 4683 1409 4760 pleniorem,
1431 4685 1586 4748 duximus
1599 4692 1752 4754 commit-

957 4782 1108 4853 tendam,
1139 4781 1341 4843 fraternitati
1380 4785 1445 4843 tnae
1474 4799 1533 4859 per
1561 4788 1752 4862 apostolica

958 4880 1082 4957 scripta
1110 4879 1317 4947 mandamus,
1332 4881 1497 4956 qnatenus
1519 4882 1561 4942 ad
1576 4884 1750 4949 ecclesiam

959 4978 1066 5055 ipsam
1075 4975 1248 5048 accedens,
1266 4977 1298 5038 et
1308 4976 1435 5038 babens
1446 4994 1513 5053 prae
1526 4979 1632 5040 666116
1643 4982 1751 5046 solnm

959 5078 1074 5144 Deum,
1097 5073 1215 5150 ipsam,
1242 5073 1272 5133 si
1297 5074 1348 5135 661
1373 5074 1431 5146 116,
1451 5077 1549 5152 juxta
1578 5076 1752 5144 facultates
1815 5066 1828 5079 ⁸

959 5170 1107 5249 ejusdem
1127 5169 1167 5230 de
1182 5171 1335 5247 personis
1348 5171 1478 5232 idoneis
1497 5172 1654 5236 ordinare
1669 5193 1751 5253 pro-

960 5284 1068 5330 cures.
1080 5266 1348 5330 contradictores
1360 5284 1420 5344 per
1443 5284 1620 5331 censuram
1642 5275 1752 5337 ecole-

961 5365 1142 5437 siasticam,
1153 5364 1378 5441 appellatione
1390 5366 1582 5442 postposita,
1597 5384 1751 5448 compes-

961 5462 1077 5525 cendo.
1094 5463 1212 5523 Datum
1223 5460 1355 5533 Tibure,
1370 5477 1458 5523 nono
1471 5462 1633 5527 kalendas
1649 5470 1750 5545 junii,

962 5575 1050 5621 anno
1075 5573 1174 5622 nono.
