<?xml version="1.0" encoding="UTF-8"?>
<!DOCTYPE html PUBLIC "-//W3C//DTD XHTML 1.0 Transitional//EN"
    "http://www.w3.org/TR/xhtml1/DTD/xhtml1-transitional.dtd">
<html xmlns="http://www.w3.org/1999/xhtml" xml:lang="en" lang="en">
 <head>
  <title>
</title>
<meta http-equiv="Content-Type" content="text/html;charset=utf-8" />
  <meta name='ocr-system' content='tesseract 3.04.00' />
  <meta name='ocr-capabilities' content='ocr_page ocr_carea ocr_par ocr_line ocrx_word'/>
</head>
<body>
  <div class='ocr_page' id='page_1' title='image "./mediiaevibiblio04bottgoog_0465.png"; bbox 0 0 3972 6204; ppageno 0'>
   <div class='ocr_carea' id='block_1_1' title="bbox 215 283 1845 353">
    <p class='ocr_par' dir='ltr' id='par_1_1' title="bbox 215 283 1845 353">
     <span class='ocr_line' id='line_1_1' title="bbox 215 283 1845 353; baseline 0.006 -9"><span class='ocrx_word' id='word_1_1' title='bbox 215 283 274 345; x_wconf 81' lang='grc'>887</span> <span class='ocrx_word' id='word_1_2' title='bbox 833 283 1007 345; x_wconf 84' lang='lat' dir='ltr'><strong>HONORII</strong></span> <span class='ocrx_word' id='word_1_3' title='bbox 1028 284 1073 346; x_wconf 91' lang='lat'>111</span> <span class='ocrx_word' id='word_1_4' title='bbox 1093 286 1241 347; x_wconf 80' lang='lat' dir='ltr'><strong>OPERA.</strong></span> <span class='ocrx_word' id='word_1_5' title='bbox 1795 292 1845 353; x_wconf 76' lang='lat'>888</span> 
     </span>
    </p>
   </div>
   <div class='ocr_carea' id='block_1_2' title="bbox 212 442 1848 817">
    <p class='ocr_par' dir='ltr' id='par_1_2' title="bbox 212 442 1848 817">
     <span class='ocr_line' id='line_1_2' title="bbox 256 442 1846 526; baseline 0.001 -20"><span class='ocrx_word' id='word_1_6' title='bbox 256 442 426 507; x_wconf 84' lang='lat' dir='ltr'>intellecto</span> <span class='ocrx_word' id='word_1_7' title='bbox 446 447 517 521; x_wconf 75' lang='lat' dir='ltr'>lam</span> <span class='ocrx_word' id='word_1_8' title='bbox 540 443 679 515; x_wconf 89' lang='lat' dir='ltr'>dudum,</span> <span class='ocrx_word' id='word_1_9' title='bbox 700 442 789 521; x_wconf 89' lang='lat' dir='ltr'>quod</span> <span class='ocrx_word' id='word_1_10' title='bbox 814 444 1008 505; x_wconf 88' lang='lat' dir='ltr'>carissimus</span> <span class='ocrx_word' id='word_1_11' title='bbox 1063 444 1161 506; x_wconf 87' lang='lat' dir='ltr'>matis</span> <span class='ocrx_word' id='word_1_12' title='bbox 1175 445 1452 522; x_wconf 73' lang='lat' dir='ltr'>perdiligentiam</span> <span class='ocrx_word' id='word_1_13' title='bbox 1471 446 1739 524; x_wconf 74' lang='lat' dir='ltr'>subsequentem,</span> <span class='ocrx_word' id='word_1_14' title='bbox 1758 464 1846 526; x_wconf 77' lang='lat' dir='ltr'>quum</span> 
     </span>
     <span class='ocr_line' id='line_1_3' title="bbox 213 541 1847 620; baseline 0.003 -17"><span class='ocrx_word' id='word_1_15' title='bbox 213 542 251 603; x_wconf 93' lang='lat' dir='ltr'>in</span> <span class='ocrx_word' id='word_1_16' title='bbox 261 541 392 604; x_wconf 89' lang='lat' dir='ltr'>Christo</span> <span class='ocrx_word' id='word_1_17' title='bbox 406 541 495 602; x_wconf 88' lang='lat' dir='ltr'>illins</span> <span class='ocrx_word' id='word_1_18' title='bbox 505 544 629 614; x_wconf 88' lang='lat' dir='ltr'>noster,</span> <span class='ocrx_word' id='word_1_19' title='bbox 648 542 828 617; x_wconf 77' lang='lat' dir='ltr'>Hungariae</span> <span class='ocrx_word' id='word_1_20' title='bbox 842 556 903 603; x_wconf 88' lang='lat' dir='ltr'>rex</span> <span class='ocrx_word' id='word_1_21' title='bbox 918 542 1010 601; x_wconf 89' lang='lat' dir='ltr'>illus·</span> <span class='ocrx_word' id='word_1_22' title='bbox 1063 545 1221 619; x_wconf 81' lang='lat' dir='ltr'>majorem</span> <span class='ocrx_word' id='word_1_23' title='bbox 1238 543 1336 604; x_wconf 89' lang='lat' dir='ltr'>solito</span> <span class='ocrx_word' id='word_1_24' title='bbox 1351 543 1510 606; x_wconf 88' lang='lat' dir='ltr'>adhihere</span> <span class='ocrx_word' id='word_1_25' title='bbox 1523 545 1663 620; x_wconf 64' lang='lat' dir='ltr'>cunctim</span> <span class='ocrx_word' id='word_1_26' title='bbox 1684 561 1729 606; x_wconf 93' lang='lat' dir='ltr'>ne</span> <span class='ocrx_word' id='word_1_27' title='bbox 1750 546 1847 609; x_wconf 87' lang='lat' dir='ltr'>chris·</span> 
     </span>
     <span class='ocr_line' id='line_1_4' title="bbox 215 639 1847 716; baseline 0.004 -14"><span class='ocrx_word' id='word_1_28' title='bbox 215 640 289 708; x_wconf 82' lang='lat' dir='ltr'>tris,</span> <span class='ocrx_word' id='word_1_29' title='bbox 312 639 752 716; x_wconf 82' lang='lat' dir='ltr'>abalienationesquasdam</span> <span class='ocrx_word' id='word_1_30' title='bbox 770 639 850 701; x_wconf 86' lang='lat' dir='ltr'>tecit</span> <span class='ocrx_word' id='word_1_31' title='bbox 871 640 906 699; x_wconf 93' lang='lat' dir='ltr'>in</span> <span class='ocrx_word' id='word_1_32' title='bbox 922 655 1006 715; x_wconf 73' lang='lat' dir='ltr'>prue-</span> <span class='ocrx_word' id='word_1_33' title='bbox 1064 641 1147 700; x_wconf 88' lang='lat' dir='ltr'>tiani</span> <span class='ocrx_word' id='word_1_34' title='bbox 1175 641 1320 701; x_wconf 92' lang='lat' dir='ltr'>nominis</span> <span class='ocrx_word' id='word_1_35' title='bbox 1351 643 1551 704; x_wconf 89' lang='lat' dir='ltr'>contumelia</span> <span class='ocrx_word' id='word_1_36' title='bbox 1586 644 1622 703; x_wconf 92' lang='lat' dir='ltr'>in</span> <span class='ocrx_word' id='word_1_37' title='bbox 1647 659 1710 704; x_wconf 85' lang='lat' dir='ltr'>vos</span> <span class='ocrx_word' id='word_1_38' title='bbox 1738 645 1847 709; x_wconf 86' lang='lat' dir='ltr'>cadere</span> 
     </span>
     <span class='ocr_line' id='line_1_5' title="bbox 212 737 1848 817; baseline 0.004 -20"><span class='ocrx_word' id='word_1_39' title='bbox 212 738 375 815; x_wconf 91' lang='lat' dir='ltr'>judicium</span> <span class='ocrx_word' id='word_1_40' title='bbox 399 738 494 812; x_wconf 80' lang='lat' dir='ltr'>regni</span> <span class='ocrx_word' id='word_1_41' title='bbox 518 738 583 809; x_wconf 91' lang='lat' dir='ltr'>sui,</span> <span class='ocrx_word' id='word_1_42' title='bbox 608 739 642 798; x_wconf 90' lang='lat' dir='ltr'>et</span> <span class='ocrx_word' id='word_1_43' title='bbox 660 738 777 798; x_wconf 89' lang='lat' dir='ltr'>contra</span> <span class='ocrx_word' id='word_1_44' title='bbox 797 738 887 812; x_wconf 81' lang='lat' dir='ltr'>regis</span> <span class='ocrx_word' id='word_1_45' title='bbox 902 737 1011 797; x_wconf 89' lang='lat' dir='ltr'>hone-</span> <span class='ocrx_word' id='word_1_46' title='bbox 1063 737 1298 811; x_wconf 82' lang='lat' dir='ltr'>dignoscetur,</span> <span class='ocrx_word' id='word_1_47' title='bbox 1327 740 1360 799; x_wconf 93' lang='lat' dir='ltr'>et</span> <span class='ocrx_word' id='word_1_48' title='bbox 1380 754 1441 799; x_wconf 91' lang='lat' dir='ltr'>nos</span> <span class='ocrx_word' id='word_1_49' title='bbox 1469 742 1641 816; x_wconf 89' lang='lat' dir='ltr'>peccatum</span> <span class='ocrx_word' id='word_1_50' title='bbox 1665 741 1848 817; x_wconf 88' lang='lat' dir='ltr'>hujusmodi</span> 
     </span>
    </p>
   </div>
   <div class='ocr_carea' id='block_1_3' title="bbox 212 834 1853 1980">
    <p class='ocr_par' dir='ltr' id='par_1_3' title="bbox 212 834 1853 1691">
     <span class='ocr_line' id='line_1_6' title="bbox 215 834 1849 915; baseline 0.002 -19"><span class='ocrx_word' id='word_1_51' title='bbox 215 851 306 907; x_wconf 90' lang='lat' dir='ltr'>rem,</span> <span class='ocrx_word' id='word_1_52' title='bbox 337 851 398 896; x_wconf 90' lang='lat' dir='ltr'>nos</span> <span class='ocrx_word' id='word_1_53' title='bbox 433 851 533 911; x_wconf 91' lang='lat' dir='ltr'>super</span> <span class='ocrx_word' id='word_1_54' title='bbox 563 835 626 895; x_wconf 90' lang='lat' dir='ltr'>hoc</span> <span class='ocrx_word' id='word_1_55' title='bbox 658 834 835 896; x_wconf 87' lang='lat' dir='ltr'>affectione</span> <span class='ocrx_word' id='word_1_56' title='bbox 870 836 1009 911; x_wconf 90' lang='lat' dir='ltr'>paterna</span> <span class='ocrx_word' id='word_1_57' title='bbox 1065 834 1278 909; x_wconf 79' lang='lat' dir='ltr'>negligentiae</span> <span class='ocrx_word' id='word_1_58' title='bbox 1296 835 1365 896; x_wconf 89' lang='lat' dir='ltr'>tam</span> <span class='ocrx_word' id='word_1_59' title='bbox 1385 836 1607 897; x_wconf 88' lang='lat' dir='ltr'>intolerabilis</span> <span class='ocrx_word' id='word_1_60' title='bbox 1623 854 1697 915; x_wconf 86' lang='lat' dir='ltr'>quae</span> <span class='ocrx_word' id='word_1_61' title='bbox 1722 854 1796 899; x_wconf 90' lang='lat' dir='ltr'>cum</span> <span class='ocrx_word' id='word_1_62' title='bbox 1813 842 1849 903; x_wconf 89' lang='lat' dir='ltr'>sit</span> 
     </span>
     <span class='ocr_line' id='line_1_7' title="bbox 215 931 1849 1012; baseline 0.002 -19"><span class='ocrx_word' id='word_1_63' title='bbox 215 933 390 993; x_wconf 88' lang='lat' dir='ltr'>consulere</span> <span class='ocrx_word' id='word_1_64' title='bbox 409 933 591 1009; x_wconf 90' lang='lat' dir='ltr'>cupientes,</span> <span class='ocrx_word' id='word_1_65' title='bbox 616 933 722 993; x_wconf 89' lang='lat' dir='ltr'>eidem</span> <span class='ocrx_word' id='word_1_66' title='bbox 744 932 815 1006; x_wconf 82' lang='lat' dir='ltr'>regi</span> <span class='ocrx_word' id='word_1_67' title='bbox 835 931 1009 1007; x_wconf 76' lang='lat' dir='ltr'><strong>dirigimus</strong></span> <span class='ocrx_word' id='word_1_68' title='bbox 1064 932 1178 1001; x_wconf 91' lang='lat' dir='ltr'>nimia,</span> <span class='ocrx_word' id='word_1_69' title='bbox 1195 932 1302 1007; x_wconf 83' lang='lat' dir='ltr'>cuipae</span> <span class='ocrx_word' id='word_1_70' title='bbox 1315 936 1529 994; x_wconf 86' lang='lat' dir='ltr'>annumerari</span> <span class='ocrx_word' id='word_1_71' title='bbox 1545 937 1666 1011; x_wconf 90' lang='lat' dir='ltr'>potest,</span> <span class='ocrx_word' id='word_1_72' title='bbox 1680 952 1750 996; x_wconf 92' lang='lat' dir='ltr'>non</span> <span class='ocrx_word' id='word_1_73' title='bbox 1765 952 1849 1012; x_wconf 81' lang='lat' dir='ltr'>coga-</span> 
     </span>
     <span class='ocr_line' id='line_1_8' title="bbox 216 1028 1849 1106; baseline 0.004 -16"><span class='ocrx_word' id='word_1_74' title='bbox 216 1029 339 1106; x_wconf 86' lang='lat' dir='ltr'>scripta</span> <span class='ocrx_word' id='word_1_75' title='bbox 355 1032 479 1101; x_wconf 90' lang='lat' dir='ltr'>nostra,</span> <span class='ocrx_word' id='word_1_76' title='bbox 492 1033 528 1091; x_wconf 90' lang='lat' dir='ltr'>ut</span> <span class='ocrx_word' id='word_1_77' title='bbox 542 1028 805 1092; x_wconf 88' lang='lat' dir='ltr'>abalienationes</span> <span class='ocrx_word' id='word_1_78' title='bbox 820 1029 1007 1106; x_wconf 85' lang='lat' dir='ltr'>praedictas,</span> <span class='ocrx_word' id='word_1_79' title='bbox 1064 1044 1138 1089; x_wconf 86' lang='lat' dir='ltr'>mur</span> <span class='ocrx_word' id='word_1_80' title='bbox 1156 1029 1272 1089; x_wconf 89' lang='lat' dir='ltr'>durius</span> <span class='ocrx_word' id='word_1_81' title='bbox 1287 1030 1493 1106; x_wconf 79' lang='lat' dir='ltr'>exprobare3</span> <span class='ocrx_word' id='word_1_82' title='bbox 1515 1032 1609 1093; x_wconf 87' lang='lat' dir='ltr'>netas</span> <span class='ocrx_word' id='word_1_83' title='bbox 1627 1034 1679 1093; x_wconf 89' lang='lat' dir='ltr'>est</span> <span class='ocrx_word' id='word_1_84' title='bbox 1703 1033 1804 1105; x_wconf 87' lang='lat' dir='ltr'>enim,</span> <span class='ocrx_word' id='word_1_85' title='bbox 1820 1036 1849 1096; x_wconf 87' lang='lat' dir='ltr'>nt</span> 
     </span>
     <span class='ocr_line' id='line_1_9' title="bbox 215 1123 1849 1203; baseline 0.002 -16"><span class='ocrx_word' id='word_1_86' title='bbox 215 1142 282 1187; x_wconf 89' lang='lat' dir='ltr'>non</span> <span class='ocrx_word' id='word_1_87' title='bbox 307 1126 458 1187; x_wconf 91' lang='lat' dir='ltr'>obstante</span> <span class='ocrx_word' id='word_1_88' title='bbox 476 1127 679 1203; x_wconf 86' lang='lat' dir='ltr'>juramento,</span> <span class='ocrx_word' id='word_1_89' title='bbox 704 1127 732 1186; x_wconf 94' lang='lat' dir='ltr'>si</span> <span class='ocrx_word' id='word_1_90' title='bbox 759 1126 845 1203; x_wconf 91' lang='lat' dir='ltr'>quod</span> <span class='ocrx_word' id='word_1_91' title='bbox 868 1125 947 1186; x_wconf 83' lang='lat' dir='ltr'>lecit</span> <span class='ocrx_word' id='word_1_92' title='bbox 969 1123 1009 1185; x_wconf 92' lang='lat' dir='ltr'>de</span> <span class='ocrx_word' id='word_1_93' title='bbox 1064 1127 1152 1187; x_wconf 89' lang='lat' dir='ltr'>sacri</span> <span class='ocrx_word' id='word_1_94' title='bbox 1175 1126 1385 1203; x_wconf 88' lang='lat' dir='ltr'>baptismatis</span> <span class='ocrx_word' id='word_1_95' title='bbox 1409 1128 1497 1189; x_wconf 88' lang='lat' dir='ltr'>unda</span> <span class='ocrx_word' id='word_1_96' title='bbox 1511 1130 1649 1190; x_wconf 90' lang='lat' dir='ltr'>renatus</span> <span class='ocrx_word' id='word_1_97' title='bbox 1672 1130 1849 1191; x_wconf 90' lang='lat' dir='ltr'>intidelium</span> 
     </span>
     <span class='ocr_line' id='line_1_10' title="bbox 216 1222 1849 1303; baseline 0.003 -19"><span class='ocrx_word' id='word_1_98' title='bbox 216 1238 284 1291; x_wconf 87' lang='lat' dir='ltr'>non</span> <span class='ocrx_word' id='word_1_99' title='bbox 298 1222 494 1285; x_wconf 87' lang='lat' dir='ltr'>revocandis</span> <span class='ocrx_word' id='word_1_100' title='bbox 517 1223 651 1293; x_wconf 90' lang='lat' dir='ltr'>eisdem,</span> <span class='ocrx_word' id='word_1_101' title='bbox 679 1222 810 1285; x_wconf 78' lang='lat' dir='ltr'>studeat</span> <span class='ocrx_word' id='word_1_102' title='bbox 830 1236 1007 1296; x_wconf 90' lang='lat' dir='ltr'>revocare;</span> <span class='ocrx_word' id='word_1_103' title='bbox 1064 1223 1142 1295; x_wconf 86' lang='lat' dir='ltr'>ritu,</span> <span class='ocrx_word' id='word_1_104' title='bbox 1158 1225 1211 1285; x_wconf 90' lang='lat' dir='ltr'>vel</span> <span class='ocrx_word' id='word_1_105' title='bbox 1226 1226 1481 1287; x_wconf 86' lang='lat' dir='ltr'>conversatione</span> <span class='ocrx_word' id='word_1_106' title='bbox 1495 1225 1646 1299; x_wconf 81' lang='lat' dir='ltr'>soedetur,</span> <span class='ocrx_word' id='word_1_107' title='bbox 1664 1228 1725 1288; x_wconf 88' lang='lat' dir='ltr'>aut</span> <span class='ocrx_word' id='word_1_108' title='bbox 1740 1228 1849 1303; x_wconf 76' lang='lat' dir='ltr'>religio</span> 
     </span>
     <span class='ocr_line' id='line_1_11' title="bbox 216 1320 1848 1400; baseline 0.004 -21"><span class='ocrx_word' id='word_1_109' title='bbox 216 1320 291 1396; x_wconf 86' lang='lat' dir='ltr'>quia</span> <span class='ocrx_word' id='word_1_110' title='bbox 317 1336 392 1381; x_wconf 91' lang='lat' dir='ltr'>cum</span> <span class='ocrx_word' id='word_1_111' title='bbox 411 1322 575 1393; x_wconf 87' lang='lat' dir='ltr'>teneatur,</span> <span class='ocrx_word' id='word_1_112' title='bbox 601 1323 634 1382; x_wconf 91' lang='lat' dir='ltr'>et</span> <span class='ocrx_word' id='word_1_113' title='bbox 657 1320 692 1381; x_wconf 91' lang='lat' dir='ltr'>in</span> <span class='ocrx_word' id='word_1_114' title='bbox 714 1320 929 1382; x_wconf 82' lang='lat' dir='ltr'>coronatione</span> <span class='ocrx_word' id='word_1_115' title='bbox 948 1334 1009 1380; x_wconf 88' lang='lat' dir='ltr'>sua</span> <span class='ocrx_word' id='word_1_116' title='bbox 1065 1321 1247 1383; x_wconf 90' lang='lat' dir='ltr'>christiana</span> <span class='ocrx_word' id='word_1_117' title='bbox 1271 1321 1419 1399; x_wconf 87' lang='lat' dir='ltr'>subjecta</span> <span class='ocrx_word' id='word_1_118' title='bbox 1458 1322 1647 1384; x_wconf 85' lang='lat' dir='ltr'>inlidelibns</span> <span class='ocrx_word' id='word_1_119' title='bbox 1676 1323 1848 1400; x_wconf 85' lang='lat' dir='ltr'>polluatur,</span> 
     </span>
     <span class='ocr_line' id='line_1_12' title="bbox 212 1416 1850 1496; baseline 0.003 -19"><span class='ocrx_word' id='word_1_120' title='bbox 212 1418 392 1494; x_wconf 79' lang='lat' dir='ltr'>jnraverit,</span> <span class='ocrx_word' id='word_1_121' title='bbox 406 1418 507 1479; x_wconf 89' lang='lat' dir='ltr'>etiam</span> <span class='ocrx_word' id='word_1_122' title='bbox 517 1421 595 1495; x_wconf 66' lang='lat' dir='ltr'>iura</span> <span class='ocrx_word' id='word_1_123' title='bbox 610 1418 707 1493; x_wconf 83' lang='lat' dir='ltr'>regni</span> <span class='ocrx_word' id='word_1_124' title='bbox 722 1417 786 1489; x_wconf 88' lang='lat' dir='ltr'>sui,</span> <span class='ocrx_word' id='word_1_125' title='bbox 803 1418 836 1478; x_wconf 91' lang='lat' dir='ltr'>et</span> <span class='ocrx_word' id='word_1_126' title='bbox 850 1417 1009 1478; x_wconf 89' lang='lat' dir='ltr'>honorem</span> <span class='ocrx_word' id='word_1_127' title='bbox 1064 1435 1124 1480; x_wconf 89' lang='lat' dir='ltr'>seu</span> <span class='ocrx_word' id='word_1_128' title='bbox 1133 1416 1346 1495; x_wconf 87' lang='lat' dir='ltr'>blasphemus</span> <span class='ocrx_word' id='word_1_129' title='bbox 1356 1420 1464 1496; x_wconf 90' lang='lat' dir='ltr'>ipsius</span> <span class='ocrx_word' id='word_1_130' title='bbox 1476 1420 1683 1496; x_wconf 87' lang='lat' dir='ltr'>redemptum</span> <span class='ocrx_word' id='word_1_131' title='bbox 1695 1421 1850 1496; x_wconf 79' lang='lat' dir='ltr'>sanguine</span> 
     </span>
     <span class='ocr_line' id='line_1_13' title="bbox 215 1513 1853 1591; baseline 0.003 -17"><span class='ocrx_word' id='word_1_132' title='bbox 215 1513 343 1576; x_wconf 86' lang='lat' dir='ltr'>illibate</span> <span class='ocrx_word' id='word_1_133' title='bbox 368 1530 514 1588; x_wconf 83' lang='lat' dir='ltr'>servare,</span> <span class='ocrx_word' id='word_1_134' title='bbox 531 1515 685 1577; x_wconf 91' lang='lat' dir='ltr'>illicitum</span> <span class='ocrx_word' id='word_1_135' title='bbox 702 1515 849 1591; x_wconf 88' lang='lat' dir='ltr'>prolecto</span> <span class='ocrx_word' id='word_1_136' title='bbox 871 1514 952 1586; x_wconf 89' lang='lat' dir='ltr'>luit,</span> <span class='ocrx_word' id='word_1_137' title='bbox 980 1514 1009 1574; x_wconf 92' lang='lat' dir='ltr'>si</span> <span class='ocrx_word' id='word_1_138' title='bbox 1064 1516 1186 1577; x_wconf 81' lang='lat' dir='ltr'>Christi</span> <span class='ocrx_word' id='word_1_139' title='bbox 1212 1516 1354 1586; x_wconf 86' lang='lat' dir='ltr'>Domini,</span> <span class='ocrx_word' id='word_1_140' title='bbox 1378 1515 1557 1577; x_wconf 89' lang='lat' dir='ltr'>obnoxium</span> <span class='ocrx_word' id='word_1_141' title='bbox 1582 1518 1732 1580; x_wconf 86' lang='lat' dir='ltr'>detineat</span> <span class='ocrx_word' id='word_1_142' title='bbox 1755 1519 1853 1579; x_wconf 87' lang='lat' dir='ltr'>servi·</span> 
     </span>
     <span class='ocr_line' id='line_1_14' title="bbox 216 1611 1727 1691; baseline 0.002 -19"><span class='ocrx_word' id='word_1_143' title='bbox 216 1613 372 1688; x_wconf 88' lang='lat' dir='ltr'>praestitit</span> <span class='ocrx_word' id='word_1_144' title='bbox 387 1612 426 1674; x_wconf 93' lang='lat' dir='ltr'>de</span> <span class='ocrx_word' id='word_1_145' title='bbox 450 1629 517 1674; x_wconf 92' lang='lat' dir='ltr'>non</span> <span class='ocrx_word' id='word_1_146' title='bbox 536 1612 736 1674; x_wconf 87' lang='lat' dir='ltr'>revocandis</span> <span class='ocrx_word' id='word_1_147' title='bbox 752 1611 1010 1675; x_wconf 85' lang='lat' dir='ltr'>alienationibus</span> <span class='ocrx_word' id='word_1_148' title='bbox 1064 1613 1137 1674; x_wconf 88' lang='lat' dir='ltr'>tuti.</span> <span class='ocrx_word' id='word_1_149' title='bbox 1161 1614 1275 1685; x_wconf 86' lang='lat' dir='ltr'>Reate,</span> <span class='ocrx_word' id='word_1_150' title='bbox 1293 1612 1403 1673; x_wconf 90' lang='lat' dir='ltr'>idibus</span> <span class='ocrx_word' id='word_1_151' title='bbox 1413 1614 1503 1691; x_wconf 89' lang='lat' dir='ltr'>julii,</span> <span class='ocrx_word' id='word_1_152' title='bbox 1519 1630 1608 1676; x_wconf 89' lang='lat' dir='ltr'>anno</span> <span class='ocrx_word' id='word_1_153' title='bbox 1623 1630 1727 1676; x_wconf 88' lang='lat' dir='ltr'>nono.</span> 
     </span>
    </p>

    <p class='ocr_par' dir='ltr' id='par_1_4' title="bbox 216 1709 1009 1980">
     <span class='ocr_line' id='line_1_15' title="bbox 216 1709 1008 1791; baseline 0.001 -22"><span class='ocrx_word' id='word_1_154' title='bbox 216 1709 406 1786; x_wconf 90' lang='lat' dir='ltr'>hujusmodi</span> <span class='ocrx_word' id='word_1_155' title='bbox 424 1712 663 1787; x_wconf 89' lang='lat' dir='ltr'>juramentum,</span> <span class='ocrx_word' id='word_1_156' title='bbox 690 1711 723 1771; x_wconf 89' lang='lat' dir='ltr'>et</span> <span class='ocrx_word' id='word_1_157' title='bbox 748 1712 922 1787; x_wconf 88' lang='lat' dir='ltr'>propterea</span> <span class='ocrx_word' id='word_1_158' title='bbox 947 1726 1008 1791; x_wconf 90' lang='lat' dir='ltr'>pe·</span> 
     </span>
     <span class='ocr_line' id='line_1_16' title="bbox 217 1805 1009 1879; baseline 0.001 -14"><span class='ocrx_word' id='word_1_159' title='bbox 217 1806 307 1867; x_wconf 88' lang='lat' dir='ltr'>nitus</span> <span class='ocrx_word' id='word_1_160' title='bbox 322 1821 388 1866; x_wconf 90' lang='lat' dir='ltr'>nnn</span> <span class='ocrx_word' id='word_1_161' title='bbox 403 1807 613 1868; x_wconf 90' lang='lat' dir='ltr'>servandum.</span> <span class='ocrx_word' id='word_1_162' title='bbox 631 1807 793 1879; x_wconf 84' lang='lat' dir='ltr'>Quocirca</span> <span class='ocrx_word' id='word_1_163' title='bbox 810 1805 1009 1868; x_wconf 73' lang='lat' dir='ltr'>fraternitati</span> 
     </span>
     <span class='ocr_line' id='line_1_17' title="bbox 216 1904 1009 1980; baseline -0.001 -16"><span class='ocrx_word' id='word_1_164' title='bbox 216 1905 336 1965; x_wconf 84' lang='lat' dir='ltr'>vestrae</span> <span class='ocrx_word' id='word_1_165' title='bbox 352 1919 411 1979; x_wconf 92' lang='lat' dir='ltr'>per</span> <span class='ocrx_word' id='word_1_166' title='bbox 425 1904 613 1980; x_wconf 75' lang='lat' dir='ltr'>apostolica</span> <span class='ocrx_word' id='word_1_167' title='bbox 633 1905 756 1980; x_wconf 89' lang='lat' dir='ltr'>scripta</span> <span class='ocrx_word' id='word_1_168' title='bbox 767 1904 906 1965; x_wconf 86' lang='lat' dir='ltr'>tirmiter</span> <span class='ocrx_word' id='word_1_169' title='bbox 920 1919 1009 1980; x_wconf 86' lang='lat' dir='ltr'>prae-</span> 
     </span>
    </p>
   </div>
   <div class='ocr_carea' id='block_1_4' title="bbox 215 1911 1855 2174">
    <p class='ocr_par' dir='ltr' id='par_1_5' title="bbox 215 1911 1855 2174">
     <span class='ocr_line' id='line_1_18' title="bbox 215 1911 1516 2079; baseline -0.022 -16"><span class='ocrx_word' id='word_1_170' title='bbox 215 1999 369 2079; x_wconf 89' lang='lat' dir='ltr'>cipiendo</span> <span class='ocrx_word' id='word_1_171' title='bbox 391 2000 597 2073; x_wconf 87' lang='lat' dir='ltr'>mandamus,</span> <span class='ocrx_word' id='word_1_172' title='bbox 620 2004 783 2079; x_wconf 86' lang='lat' dir='ltr'>quatenns</span> <span class='ocrx_word' id='word_1_173' title='bbox 807 2001 931 2062; x_wconf 91' lang='lat' dir='ltr'>dictum</span> <span class='ocrx_word' id='word_1_174' title='bbox 955 2016 1010 2061; x_wconf 89' lang='lat' dir='ltr'>re-</span> <span class='ocrx_word' id='word_1_175' title='bbox 1400 1911 1516 1997; x_wconf 68' lang='lat' dir='ltr'>CXCI</span> 
     </span>
     <span class='ocr_line' id='line_1_19' title="bbox 216 2071 1855 2174; baseline -0.016 -16"><span class='ocrx_word' id='word_1_176' title='bbox 216 2112 291 2173; x_wconf 85' lang='lat' dir='ltr'>gem</span> <span class='ocrx_word' id='word_1_177' title='bbox 306 2097 347 2157; x_wconf 93' lang='lat' dir='ltr'>ad</span> <span class='ocrx_word' id='word_1_178' title='bbox 366 2096 399 2157; x_wconf 89' lang='lat' dir='ltr'>ld</span> <span class='ocrx_word' id='word_1_179' title='bbox 424 2097 585 2161; x_wconf 87' lang='lat' dir='ltr'>moneatis</span> <span class='ocrx_word' id='word_1_180' title='bbox 608 2100 744 2167; x_wconf 89' lang='lat' dir='ltr'>attente,</span> <span class='ocrx_word' id='word_1_181' title='bbox 770 2114 809 2160; x_wconf 90' lang='lat' dir='ltr'>ac</span> <span class='ocrx_word' id='word_1_182' title='bbox 833 2098 1010 2174; x_wconf 79' lang='lat' dir='ltr'>diligenter</span> <span class='ocrx_word' id='word_1_183' title='bbox 1064 2071 1116 2129; x_wconf 60' lang='grc' dir='ltr'>Λα</span> <span class='ocrx_word' id='word_1_184' title='bbox 1142 2072 1354 2141; x_wconf 75' lang='lat' dir='ltr'>Rauranum,</span> <span class='ocrx_word' id='word_1_185' title='bbox 1379 2071 1498 2132; x_wconf 79' lang='lat' dir='ltr'>Sancti</span> <span class='ocrx_word' id='word_1_186' title='bbox 1525 2074 1645 2147; x_wconf 78' lang='lat' dir='ltr'>Anpclt</span> <span class='ocrx_word' id='word_1_187' title='bbox 1673 2073 1855 2133; x_wconf 76' lang='lat' dir='ltr'>diaconam</span> 
     </span>
    </p>
   </div>
   <div class='ocr_carea' id='block_1_5' title="bbox 216 2168 1826 2271">
    <p class='ocr_par' dir='ltr' id='par_1_6' title="bbox 216 2168 1826 2271">
     <span class='ocr_line' id='line_1_20' title="bbox 216 2168 1826 2271; baseline 0.002 -18"><span class='ocrx_word' id='word_1_188' title='bbox 216 2193 375 2255; x_wconf 91' lang='lat' dir='ltr'>inducere</span> <span class='ocrx_word' id='word_1_189' title='bbox 387 2195 583 2271; x_wconf 82' lang='lat' dir='ltr'>procuretis.</span> <span class='ocrx_word' id='word_1_190' title='bbox 605 2196 654 2257; x_wconf 82' lang='lat' dir='ltr'>Ad</span> <span class='ocrx_word' id='word_1_191' title='bbox 669 2196 732 2257; x_wconf 94' lang='lat' dir='ltr'>hoc</span> <span class='ocrx_word' id='word_1_192' title='bbox 753 2195 794 2256; x_wconf 92' lang='lat' dir='ltr'>de</span> <span class='ocrx_word' id='word_1_193' title='bbox 809 2195 1009 2256; x_wconf 88' lang='lat' dir='ltr'>discretione</span> <span class='ocrx_word' id='word_1_194' title='bbox 1095 2169 1318 2239; x_wconf 54' lang='lat' dir='ltr'><em>dealem’</em></span> <span class='ocrx_word' id='word_1_195' title='bbox 1335 2168 1536 2241; x_wconf 55' lang='lat' dir='ltr'>Ap⁰⁸l⁰3²⁰oe</span> <span class='ocrx_word' id='word_1_196' title='bbox 1548 2170 1647 2231; x_wconf 48' lang='grc' dir='ltr'>ΜΒ</span> <span class='ocrx_word' id='word_1_197' title='bbox 1659 2170 1826 2244; x_wconf 54' lang='lat' dir='ltr'>mmm·</span> 
     </span>
    </p>
   </div>
   <div class='ocr_carea' id='block_1_6' title="bbox 215 2291 1843 2505">
    <p class='ocr_par' dir='ltr' id='par_1_7' title="bbox 215 2291 1843 2505">
     <span class='ocr_line' id='line_1_21' title="bbox 215 2291 1562 2380; baseline 0.008 -28"><span class='ocrx_word' id='word_1_198' title='bbox 215 2293 326 2353; x_wconf 90' lang='lat' dir='ltr'>vestra</span> <span class='ocrx_word' id='word_1_199' title='bbox 351 2291 522 2364; x_wconf 88' lang='lat' dir='ltr'>miramur,</span> <span class='ocrx_word' id='word_1_200' title='bbox 539 2309 674 2354; x_wconf 89' lang='lat' dir='ltr'>causam</span> <span class='ocrx_word' id='word_1_201' title='bbox 690 2294 804 2354; x_wconf 88' lang='lat' dir='ltr'>contra</span> <span class='ocrx_word' id='word_1_202' title='bbox 823 2307 883 2354; x_wconf 90' lang='lat' dir='ltr'>vos</span> <span class='ocrx_word' id='word_1_203' title='bbox 897 2292 1009 2352; x_wconf 89' lang='lat' dir='ltr'>admi·</span> <span class='ocrx_word' id='word_1_204' title='bbox 1359 2307 1392 2363; x_wconf 79' lang='lat' dir='ltr'>lo</span> <span class='ocrx_word' id='word_1_205' title='bbox 1403 2306 1465 2380; x_wconf 81' lang='lat' dir='ltr'>julil</span> <span class='ocrx_word' id='word_1_206' title='bbox 1484 2307 1562 2365; x_wconf 74' lang='lat' dir='ltr'>lttt.</span> 
     </span>
     <span class='ocr_line' id='line_1_22' title="bbox 216 2384 1843 2505; baseline 0.006 -57"><span class='ocrx_word' id='word_1_207' title='bbox 216 2384 356 2449; x_wconf 85' lang='lat' dir='ltr'>rationis</span> <span class='ocrx_word' id='word_1_208' title='bbox 374 2390 407 2451; x_wconf 89' lang='lat' dir='ltr'>et</span> <span class='ocrx_word' id='word_1_209' title='bbox 419 2390 773 2453; x_wconf 86' lang='lat' dir='ltr'>excommunicationis</span> <span class='ocrx_word' id='word_1_210' title='bbox 789 2390 949 2451; x_wconf 89' lang='lat' dir='ltr'>hahentes</span> <span class='ocrx_word' id='word_1_211' title='bbox 967 2405 1010 2450; x_wconf 91' lang='lat' dir='ltr'>ex</span> <span class='ocrx_word' id='word_1_212' title='bbox 1081 2438 1201 2503; x_wconf 39' lang='lat' dir='ltr'>mem.</span> <span class='ocrx_word' id='word_1_213' title='bbox 1215 2438 1262 2489; x_wconf 83' lang='lat' dir='ltr'>hh.</span> <span class='ocrx_word' id='word_1_214' title='bbox 1280 2439 1323 2497; x_wconf 44' lang='lat' dir='ltr'>IX,</span> <span class='ocrx_word' id='word_1_215' title='bbox 1338 2453 1351 2489; x_wconf 81' lang='lat' dir='ltr'>e</span> <span class='ocrx_word' id='word_1_216' title='bbox 1352 2439 1412 2502; x_wconf 83' lang='lat' dir='ltr'>pist.</span> <span class='ocrx_word' id='word_1_217' title='bbox 1426 2438 1480 2489; x_wconf 59' lang='lat'>372</span> <span class='ocrx_word' id='word_1_218' title='bbox 1494 2440 1517 2490; x_wconf 85' lang='lat' dir='ltr'>lt</span> <span class='ocrx_word' id='word_1_219' title='bbox 1519 2454 1550 2489; x_wconf 80' lang='lat' dir='ltr'>ss.</span> <span class='ocrx_word' id='word_1_220' title='bbox 1564 2441 1601 2490; x_wconf 79' lang='lat' dir='ltr'>ts</span> <span class='ocrx_word' id='word_1_221' title='bbox 1612 2440 1632 2489; x_wconf 83' lang='lat'>1&gt;</span> <span class='ocrx_word' id='word_1_222' title='bbox 1633 2448 1688 2490; x_wconf 77' lang='lat' dir='ltr'>one</span> <span class='ocrx_word' id='word_1_223' title='bbox 1701 2439 1738 2491; x_wconf 81' lang='lat' dir='ltr'>du</span> <span class='ocrx_word' id='word_1_224' title='bbox 1750 2441 1843 2505; x_wconf 51' lang='lat' dir='ltr'>ML]</span> 
     </span>
    </p>
   </div>
   <div class='ocr_carea' id='block_1_7' title="bbox 216 2486 1857 2662">
    <p class='ocr_par' dir='ltr' id='par_1_8' title="bbox 216 2486 1857 2662">
     <span class='ocr_line' id='line_1_23' title="bbox 216 2486 1009 2562; baseline -0.001 -15"><span class='ocrx_word' id='word_1_225' title='bbox 216 2500 268 2557; x_wconf 90' lang='lat' dir='ltr'>ec,</span> <span class='ocrx_word' id='word_1_226' title='bbox 285 2486 363 2562; x_wconf 86' lang='lat' dir='ltr'>quia</span> <span class='ocrx_word' id='word_1_227' title='bbox 379 2486 497 2548; x_wconf 90' lang='lat' dir='ltr'>cumin</span> <span class='ocrx_word' id='word_1_228' title='bbox 508 2487 667 2549; x_wconf 87' lang='lat' dir='ltr'>Toletano</span> <span class='ocrx_word' id='word_1_229' title='bbox 686 2488 834 2549; x_wconf 89' lang='lat' dir='ltr'>Concilio</span> <span class='ocrx_word' id='word_1_230' title='bbox 851 2487 1009 2549; x_wconf 84' lang='lat' dir='ltr'>statutum</span> 
     </span>
     <span class='ocr_line' id='line_1_24' title="bbox 217 2560 1857 2662; baseline 0.004 -20"><span class='ocrx_word' id='word_1_231' title='bbox 217 2582 327 2654; x_wconf 88' lang='lat' dir='ltr'>therit,</span> <span class='ocrx_word' id='word_1_232' title='bbox 347 2584 380 2645; x_wconf 90' lang='lat' dir='ltr'>et</span> <span class='ocrx_word' id='word_1_233' title='bbox 402 2584 437 2644; x_wconf 93' lang='lat' dir='ltr'>in</span> <span class='ocrx_word' id='word_1_234' title='bbox 460 2584 609 2661; x_wconf 84' lang='lat' dir='ltr'>generali</span> <span class='ocrx_word' id='word_1_235' title='bbox 632 2584 839 2662; x_wconf 90' lang='lat' dir='ltr'>postmodum</span> <span class='ocrx_word' id='word_1_236' title='bbox 863 2584 1010 2645; x_wconf 89' lang='lat' dir='ltr'>innova·</span> <span class='ocrx_word' id='word_1_237' title='bbox 1065 2560 1181 2620; x_wconf 59' lang='lat' dir='ltr'>mi*</span> <span class='ocrx_word' id='word_1_238' title='bbox 1205 2563 1232 2620; x_wconf 69' lang='lat'>⁶¹</span> <span class='ocrx_word' id='word_1_239' title='bbox 1263 2571 1294 2621; x_wconf 58' lang='grc' dir='ltr'>ω</span> <span class='ocrx_word' id='word_1_240' title='bbox 1328 2563 1478 2636; x_wconf 55' lang='grc' dir='ltr'>ΡΓῙἿῙῙθΒῑθ</span> <span class='ocrx_word' id='word_1_241' title='bbox 1511 2566 1677 2621; x_wconf 63' lang='lat' dir='ltr'><strong>¹⁰⁰⁰³⁸¹⁰ffi</strong></span> <span class='ocrx_word' id='word_1_242' title='bbox 1707 2565 1857 2634; x_wconf 64' lang='lat'>⁰⁰¹⁶¹¹⁸⁵⁸⁹</span> 
     </span>
    </p>
   </div>
   <div class='ocr_carea' id='block_1_8' title="bbox 215 2649 1961 3636">
    <p class='ocr_par' dir='ltr' id='par_1_9' title="bbox 215 2649 1961 2856">
     <span class='ocr_line' id='line_1_25' title="bbox 215 2649 1961 2761; baseline -0.018 -19"><span class='ocrx_word' id='word_1_243' title='bbox 215 2680 303 2751; x_wconf 89' lang='lat' dir='ltr'>tum,</span> <span class='ocrx_word' id='word_1_244' title='bbox 327 2696 369 2741; x_wconf 90' lang='lat' dir='ltr'>ne</span> <span class='ocrx_word' id='word_1_245' title='bbox 384 2681 507 2743; x_wconf 84' lang='lat' dir='ltr'>Christi</span> <span class='ocrx_word' id='word_1_246' title='bbox 527 2681 742 2759; x_wconf 88' lang='lat' dir='ltr'>blasphemus</span> <span class='ocrx_word' id='word_1_247' title='bbox 758 2680 923 2761; x_wconf 79' lang='lat' dir='ltr'>(Judaeus)</span> <span class='ocrx_word' id='word_1_248' title='bbox 947 2697 1010 2758; x_wconf 71' lang='lat' dir='ltr'>pu.</span> <span class='ocrx_word' id='word_1_249' title='bbox 1100 2649 1238 2709; x_wconf 75' lang='lat' dir='ltr'>adversus</span> <span class='ocrx_word' id='word_1_250' title='bbox 1253 2651 1385 2725; x_wconf 79' lang='lat' dir='ltr'>prelatos</span> <span class='ocrx_word' id='word_1_251' title='bbox 1404 2651 1450 2709; x_wconf 86' lang='lat' dir='ltr'>illa</span> <span class='ocrx_word' id='word_1_252' title='bbox 1472 2650 1630 2726; x_wconf 78' lang='lat' dir='ltr'>intringere</span> <span class='ocrx_word' id='word_1_253' title='bbox 1653 2662 1859 2726; x_wconf 79' lang='lat' dir='ltr'>praesumentes</span> <span class='ocrx_word' id='word_1_254' title='bbox 1958 2696 1961 2761; x_wconf 65' lang='lat'>,</span> 
     </span>
     <span class='ocr_line' id='line_1_26' title="bbox 216 2737 1416 2856; baseline 0.002 -20"><span class='ocrx_word' id='word_1_255' title='bbox 216 2775 326 2838; x_wconf 90' lang='lat' dir='ltr'>bliciis</span> <span class='ocrx_word' id='word_1_256' title='bbox 357 2777 476 2839; x_wconf 84' lang='lat' dir='ltr'>ciliciis</span> <span class='ocrx_word' id='word_1_257' title='bbox 500 2779 721 2856; x_wconf 76' lang='lat' dir='ltr'>praeficiatur,</span> <span class='ocrx_word' id='word_1_258' title='bbox 759 2795 834 2840; x_wconf 90' lang='lat' dir='ltr'>cum</span> <span class='ocrx_word' id='word_1_259' title='bbox 869 2778 1009 2839; x_wconf 92' lang='lat' dir='ltr'>nimium</span> <span class='ocrx_word' id='word_1_260' title='bbox 1100 2737 1416 2798; x_wconf 53' lang='lat' dir='ltr'>‘mmmdesendm‘</span> 
     </span>
    </p>

    <p class='ocr_par' dir='ltr' id='par_1_10' title="bbox 216 2874 1858 3148">
     <span class='ocr_line' id='line_1_27' title="bbox 216 2874 1857 2948; baseline 0.003 -14"><span class='ocrx_word' id='word_1_261' title='bbox 216 2874 260 2934; x_wconf 87' lang='lat' dir='ltr'>eit</span> <span class='ocrx_word' id='word_1_262' title='bbox 278 2874 468 2948; x_wconf 87' lang='lat' dir='ltr'>absurdum,</span> <span class='ocrx_word' id='word_1_263' title='bbox 495 2876 531 2939; x_wconf 91' lang='lat' dir='ltr'>ut</span> <span class='ocrx_word' id='word_1_264' title='bbox 551 2877 635 2939; x_wconf 89' lang='lat' dir='ltr'>tales</span> <span class='ocrx_word' id='word_1_265' title='bbox 661 2878 696 2937; x_wconf 93' lang='lat' dir='ltr'>in</span> <span class='ocrx_word' id='word_1_266' title='bbox 718 2877 919 2939; x_wconf 87' lang='lat' dir='ltr'>christianos</span> <span class='ocrx_word' id='word_1_267' title='bbox 941 2876 1008 2937; x_wconf 85' lang='lat' dir='ltr'>rim</span> <span class='ocrx_word' id='word_1_268' title='bbox 1104 2874 1857 2948; x_wconf 86' lang='lat' dir='ltr'>Honorius,etc.,dilcctotllioRomanoSancti</span> 
     </span>
     <span class='ocr_line' id='line_1_28' title="bbox 216 2972 1858 3051; baseline 0.002 -19"><span class='ocrx_word' id='word_1_269' title='bbox 216 2974 395 3034; x_wconf 85' lang='lat' dir='ltr'>exerceant</span> <span class='ocrx_word' id='word_1_270' title='bbox 410 2974 594 3051; x_wconf 88' lang='lat' dir='ltr'>potestatis,</span> <span class='ocrx_word' id='word_1_271' title='bbox 617 2991 688 3047; x_wconf 87' lang='lat' dir='ltr'>vos,</span> <span class='ocrx_word' id='word_1_272' title='bbox 714 2976 749 3035; x_wconf 92' lang='lat' dir='ltr'>ut</span> <span class='ocrx_word' id='word_1_273' title='bbox 770 2973 1008 3047; x_wconf 80' lang='lat' dir='ltr'>intelleximus,</span> <span class='ocrx_word' id='word_1_274' title='bbox 1063 2972 1180 3048; x_wconf 77' lang='lat' dir='ltr'>angeli</span> <span class='ocrx_word' id='word_1_275' title='bbox 1195 2973 1336 3034; x_wconf 90' lang='lat' dir='ltr'>diacono</span> <span class='ocrx_word' id='word_1_276' title='bbox 1358 2973 1533 3046; x_wconf 82' lang='lat' dir='ltr'>cardinali,</span> <span class='ocrx_word' id='word_1_277' title='bbox 1548 2974 1750 3050; x_wconf 68' lang='lat' dir='ltr'>apostolicae</span> <span class='ocrx_word' id='word_1_278' title='bbox 1767 2975 1858 3036; x_wconf 87' lang='lat' dir='ltr'>Sedis</span> 
     </span>
     <span class='ocr_line' id='line_1_29' title="bbox 216 3069 1435 3148; baseline -0.001 -18"><span class='ocrx_word' id='word_1_279' title='bbox 216 3070 469 3131; x_wconf 86' lang='lat' dir='ltr'>conniventibus</span> <span class='ocrx_word' id='word_1_280' title='bbox 485 3072 591 3132; x_wconf 88' lang='lat' dir='ltr'>oculis</span> <span class='ocrx_word' id='word_1_281' title='bbox 606 3072 788 3143; x_wconf 89' lang='lat' dir='ltr'>sustinetis,</span> <span class='ocrx_word' id='word_1_282' title='bbox 805 3088 866 3148; x_wconf 90' lang='lat' dir='ltr'>per</span> <span class='ocrx_word' id='word_1_283' title='bbox 875 3071 1009 3133; x_wconf 83' lang='lat' dir='ltr'>Jndaeos</span> <span class='ocrx_word' id='word_1_284' title='bbox 1065 3069 1185 3144; x_wconf 83' lang='lat' dir='ltr'>legato,</span> <span class='ocrx_word' id='word_1_285' title='bbox 1202 3070 1355 3142; x_wconf 87' lang='lat' dir='ltr'>salutem,</span> <span class='ocrx_word' id='word_1_286' title='bbox 1372 3071 1435 3133; x_wconf 89' lang='lat' dir='ltr'>etc.</span> 
     </span>
    </p>

    <p class='ocr_par' dir='ltr' id='par_1_11' title="bbox 215 3167 1858 3636">
     <span class='ocr_line' id='line_1_30' title="bbox 215 3167 1856 3246; baseline 0.002 -18"><span class='ocrx_word' id='word_1_287' title='bbox 215 3169 314 3244; x_wconf 86' lang='lat' dir='ltr'>atque</span> <span class='ocrx_word' id='word_1_288' title='bbox 327 3184 474 3245; x_wconf 85' lang='lat' dir='ltr'>paganos</span> <span class='ocrx_word' id='word_1_289' title='bbox 490 3171 647 3231; x_wconf 89' lang='lat' dir='ltr'>statutum</span> <span class='ocrx_word' id='word_1_290' title='bbox 668 3169 858 3246; x_wconf 78' lang='lat' dir='ltr'>hujirsmcdi</span> <span class='ocrx_word' id='word_1_291' title='bbox 873 3169 1006 3240; x_wconf 88' lang='lat' dir='ltr'>violari,</span> <span class='ocrx_word' id='word_1_292' title='bbox 1103 3167 1249 3229; x_wconf 88' lang='lat' dir='ltr'>Dilectus</span> <span class='ocrx_word' id='word_1_293' title='bbox 1265 3167 1391 3228; x_wconf 86' lang='lat' dir='ltr'>tilius...</span> <span class='ocrx_word' id='word_1_294' title='bbox 1408 3167 1511 3228; x_wconf 90' lang='lat' dir='ltr'>abhas</span> <span class='ocrx_word' id='word_1_295' title='bbox 1525 3168 1726 3230; x_wconf 90' lang='lat' dir='ltr'>Dolensisin</span> <span class='ocrx_word' id='word_1_296' title='bbox 1743 3170 1856 3231; x_wconf 86' lang='lat' dir='ltr'>nostra</span> 
     </span>
     <span class='ocr_line' id='line_1_31' title="bbox 217 3264 1856 3344; baseline 0.002 -20"><span class='ocrx_word' id='word_1_297' title='bbox 217 3280 381 3342; x_wconf 83' lang='lat' dir='ltr'>quamque</span> <span class='ocrx_word' id='word_1_298' title='bbox 394 3266 525 3342; x_wconf 88' lang='lat' dir='ltr'>publice</span> <span class='ocrx_word' id='word_1_299' title='bbox 547 3267 582 3326; x_wconf 91' lang='lat' dir='ltr'>in</span> <span class='ocrx_word' id='word_1_300' title='bbox 602 3267 738 3344; x_wconf 84' lang='lat' dir='ltr'>synodis</span> <span class='ocrx_word' id='word_1_301' title='bbox 753 3267 874 3328; x_wconf 89' lang='lat' dir='ltr'>vestris</span> <span class='ocrx_word' id='word_1_302' title='bbox 889 3266 1008 3342; x_wconf 88' lang='lat' dir='ltr'>protu-</span> <span class='ocrx_word' id='word_1_303' title='bbox 1063 3264 1236 3341; x_wconf 86' lang='lat' dir='ltr'>proposuit</span> <span class='ocrx_word' id='word_1_304' title='bbox 1248 3265 1425 3340; x_wconf 89' lang='lat' dir='ltr'>praesentia</span> <span class='ocrx_word' id='word_1_305' title='bbox 1441 3265 1650 3332; x_wconf 83' lang='lat' dir='ltr'>constitutus,</span> <span class='ocrx_word' id='word_1_306' title='bbox 1663 3265 1751 3342; x_wconf 86' lang='lat' dir='ltr'>qnod</span> <span class='ocrx_word' id='word_1_307' title='bbox 1767 3283 1856 3343; x_wconf 83' lang='lat' dir='ltr'>prae·</span> 
     </span>
     <span class='ocr_line' id='line_1_32' title="bbox 216 3360 1858 3439; baseline 0.002 -18"><span class='ocrx_word' id='word_1_308' title='bbox 216 3361 323 3423; x_wconf 89' lang='lat' dir='ltr'>ieritis</span> <span class='ocrx_word' id='word_1_309' title='bbox 353 3364 707 3425; x_wconf 81' lang='lat' dir='ltr'>excommunicationis</span> <span class='ocrx_word' id='word_1_310' title='bbox 742 3363 940 3425; x_wconf 90' lang='lat' dir='ltr'>sententiam</span> <span class='ocrx_word' id='word_1_311' title='bbox 972 3362 1008 3422; x_wconf 93' lang='lat' dir='ltr'>in</span> <span class='ocrx_word' id='word_1_312' title='bbox 1065 3361 1134 3433; x_wconf 89' lang='lat' dir='ltr'>lati,</span> <span class='ocrx_word' id='word_1_313' title='bbox 1162 3362 1198 3421; x_wconf 92' lang='lat' dir='ltr'>in</span> <span class='ocrx_word' id='word_1_314' title='bbox 1225 3376 1363 3438; x_wconf 88' lang='lat' dir='ltr'>quorum</span> <span class='ocrx_word' id='word_1_315' title='bbox 1393 3360 1592 3422; x_wconf 87' lang='lat' dir='ltr'>dioecesibus</span> <span class='ocrx_word' id='word_1_316' title='bbox 1620 3363 1804 3439; x_wconf 86' lang='lat' dir='ltr'>prioratus,</span> <span class='ocrx_word' id='word_1_317' title='bbox 1828 3363 1858 3424; x_wconf 89' lang='lat' dir='ltr'>et</span> 
     </span>
     <span class='ocr_line' id='line_1_33' title="bbox 216 3457 1854 3539; baseline -0.001 -18"><span class='ocrx_word' id='word_1_318' title='bbox 216 3475 341 3531; x_wconf 89' lang='lat' dir='ltr'>omnes,</span> <span class='ocrx_word' id='word_1_319' title='bbox 366 3461 422 3536; x_wconf 85' lang='lat' dir='ltr'>qui</span> <span class='ocrx_word' id='word_1_320' title='bbox 444 3461 568 3521; x_wconf 88' lang='lat' dir='ltr'>eisdem</span> <span class='ocrx_word' id='word_1_321' title='bbox 586 3460 706 3522; x_wconf 81' lang='lat' dir='ltr'>officiis</span> <span class='ocrx_word' id='word_1_322' title='bbox 729 3461 937 3539; x_wconf 77' lang='lat' dir='ltr'>praeficerent</span> <span class='ocrx_word' id='word_1_323' title='bbox 956 3460 1011 3521; x_wconf 93' lang='lat' dir='ltr'>in·</span> <span class='ocrx_word' id='word_1_324' title='bbox 1064 3457 1139 3518; x_wconf 89' lang='lat' dir='ltr'>aliae</span> <span class='ocrx_word' id='word_1_325' title='bbox 1152 3458 1302 3519; x_wconf 76' lang='lat' dir='ltr'>ecclesiae</span> <span class='ocrx_word' id='word_1_326' title='bbox 1315 3460 1506 3519; x_wconf 88' lang='lat' dir='ltr'>monasterii</span> <span class='ocrx_word' id='word_1_327' title='bbox 1514 3459 1566 3519; x_wconf 88' lang='lat' dir='ltr'>sui</span> <span class='ocrx_word' id='word_1_328' title='bbox 1577 3460 1777 3531; x_wconf 88' lang='lat' dir='ltr'>consistunt,</span> <span class='ocrx_word' id='word_1_329' title='bbox 1789 3460 1854 3520; x_wconf 84' lang='lat' dir='ltr'>suis</span> 
     </span>
     <span class='ocr_line' id='line_1_34' title="bbox 216 3555 1857 3636; baseline 0.001 -19"><span class='ocrx_word' id='word_1_330' title='bbox 216 3556 347 3630; x_wconf 80' lang='lat' dir='ltr'>fideles3</span> <span class='ocrx_word' id='word_1_331' title='bbox 366 3558 399 3618; x_wconf 88' lang='lat' dir='ltr'>et</span> <span class='ocrx_word' id='word_1_332' title='bbox 418 3557 506 3618; x_wconf 91' lang='lat' dir='ltr'>idem</span> <span class='ocrx_word' id='word_1_333' title='bbox 525 3573 587 3618; x_wconf 89' lang='lat' dir='ltr'>rex</span> <span class='ocrx_word' id='word_1_334' title='bbox 607 3558 701 3619; x_wconf 90' lang='lat' dir='ltr'>vohis</span> <span class='ocrx_word' id='word_1_335' title='bbox 718 3562 790 3636; x_wconf 89' lang='lat' dir='ltr'>jam</span> <span class='ocrx_word' id='word_1_336' title='bbox 810 3558 933 3619; x_wconf 88' lang='lat' dir='ltr'>dudum</span> <span class='ocrx_word' id='word_1_337' title='bbox 953 3557 1008 3618; x_wconf 91' lang='lat' dir='ltr'>di·</span> <span class='ocrx_word' id='word_1_338' title='bbox 1064 3555 1356 3617; x_wconf 90' lang='lat' dir='ltr'>adinventionibus</span> <span class='ocrx_word' id='word_1_339' title='bbox 1371 3558 1572 3618; x_wconf 80' lang='lat' dir='ltr'>evacuantes</span> <span class='ocrx_word' id='word_1_340' title='bbox 1591 3557 1857 3633; x_wconf 84' lang='lat' dir='ltr'>exemptionibus</span> 
     </span>
    </p>
   </div>
   <div class='ocr_carea' id='block_1_9' title="bbox 213 3655 1010 4706">
    <p class='ocr_par' dir='ltr' id='par_1_12' title="bbox 213 3655 1010 4706">
     <span class='ocr_line' id='line_1_35' title="bbox 215 3655 1008 3734; baseline 0.004 -20"><span class='ocrx_word' id='word_1_341' title='bbox 215 3655 342 3717; x_wconf 90' lang='lat' dir='ltr'>rexerit</span> <span class='ocrx_word' id='word_1_342' title='bbox 356 3656 479 3732; x_wconf 88' lang='lat' dir='ltr'>scripta</span> <span class='ocrx_word' id='word_1_343' title='bbox 495 3672 566 3727; x_wconf 90' lang='lat' dir='ltr'>sua,</span> <span class='ocrx_word' id='word_1_344' title='bbox 583 3657 617 3716; x_wconf 94' lang='lat' dir='ltr'>in</span> <span class='ocrx_word' id='word_1_345' title='bbox 634 3657 752 3733; x_wconf 86' lang='lat' dir='ltr'>quihus</span> <span class='ocrx_word' id='word_1_346' title='bbox 765 3656 838 3732; x_wconf 80' lang='lat' dir='ltr'>lege</span> <span class='ocrx_word' id='word_1_347' title='bbox 851 3659 1008 3734; x_wconf 89' lang='lat' dir='ltr'>perpetuo</span> 
     </span>
     <span class='ocr_line' id='line_1_36' title="bbox 215 3751 1009 3829; baseline 0.003 -17"><span class='ocrx_word' id='word_1_348' title='bbox 215 3751 387 3825; x_wconf 89' lang='lat' dir='ltr'>duratura,</span> <span class='ocrx_word' id='word_1_349' title='bbox 404 3769 440 3814; x_wconf 90' lang='lat' dir='ltr'>se</span> <span class='ocrx_word' id='word_1_350' title='bbox 465 3753 620 3814; x_wconf 86' lang='lat' dir='ltr'>statuisse</span> <span class='ocrx_word' id='word_1_351' title='bbox 636 3752 777 3827; x_wconf 89' lang='lat' dir='ltr'>dicebat,</span> <span class='ocrx_word' id='word_1_352' title='bbox 794 3770 835 3814; x_wconf 91' lang='lat' dir='ltr'>ne</span> <span class='ocrx_word' id='word_1_353' title='bbox 849 3754 884 3814; x_wconf 92' lang='lat' dir='ltr'>in</span> <span class='ocrx_word' id='word_1_354' title='bbox 906 3769 1009 3829; x_wconf 83' lang='lat' dir='ltr'>regno</span> 
     </span>
     <span class='ocr_line' id='line_1_37' title="bbox 218 3848 1009 3928; baseline 0.001 -19"><span class='ocrx_word' id='word_1_355' title='bbox 218 3848 399 3926; x_wconf 85' lang='lat' dir='ltr'>Hungariae</span> <span class='ocrx_word' id='word_1_356' title='bbox 429 3850 497 3912; x_wconf 90' lang='lat' dir='ltr'>ullo</span> <span class='ocrx_word' id='word_1_357' title='bbox 516 3866 662 3928; x_wconf 87' lang='lat' dir='ltr'>unquam</span> <span class='ocrx_word' id='word_1_358' title='bbox 687 3866 747 3912; x_wconf 90' lang='lat' dir='ltr'>suo</span> <span class='ocrx_word' id='word_1_359' title='bbox 763 3849 815 3911; x_wconf 85' lang='lat' dir='ltr'>vel</span> <span class='ocrx_word' id='word_1_360' title='bbox 840 3850 1009 3912; x_wconf 87' lang='lat' dir='ltr'>haerednm</span> 
     </span>
     <span class='ocr_line' id='line_1_38' title="bbox 216 3947 1009 4025; baseline 0.001 -19"><span class='ocrx_word' id='word_1_361' title='bbox 216 3962 353 4007; x_wconf 89' lang='lat' dir='ltr'>suornm</span> <span class='ocrx_word' id='word_1_362' title='bbox 369 3949 528 4024; x_wconf 88' lang='lat' dir='ltr'>tempore,</span> <span class='ocrx_word' id='word_1_363' title='bbox 551 3949 635 4010; x_wconf 87' lang='lat' dir='ltr'>tales</span> <span class='ocrx_word' id='word_1_364' title='bbox 650 3948 877 4025; x_wconf 84' lang='lat' dir='ltr'>praeficiantur</span> <span class='ocrx_word' id='word_1_365' title='bbox 890 3947 1009 4009; x_wconf 87' lang='lat' dir='ltr'>oltlciis</span> 
     </span>
     <span class='ocr_line' id='line_1_39' title="bbox 216 4044 1008 4122; baseline 0.003 -19"><span class='ocrx_word' id='word_1_366' title='bbox 216 4044 426 4119; x_wconf 88' lang='lat' dir='ltr'>supradictis.</span> <span class='ocrx_word' id='word_1_367' title='bbox 450 4045 645 4106; x_wconf 82' lang='lat' dir='ltr'>Audivimus</span> <span class='ocrx_word' id='word_1_368' title='bbox 668 4046 815 4122; x_wconf 90' lang='lat' dir='ltr'>iusuper,</span> <span class='ocrx_word' id='word_1_369' title='bbox 833 4045 919 4122; x_wconf 89' lang='lat' dir='ltr'>quod</span> <span class='ocrx_word' id='word_1_370' title='bbox 942 4048 1008 4105; x_wconf 87' lang='lat' dir='ltr'>Sa·</span> 
     </span>
     <span class='ocr_line' id='line_1_40' title="bbox 215 4141 1009 4219; baseline 0.005 -19"><span class='ocrx_word' id='word_1_371' title='bbox 215 4141 331 4201; x_wconf 88' lang='lat' dir='ltr'>raceni</span> <span class='ocrx_word' id='word_1_372' title='bbox 346 4157 406 4219; x_wconf 92' lang='lat' dir='ltr'>per</span> <span class='ocrx_word' id='word_1_373' title='bbox 419 4142 719 4204; x_wconf 85' lang='lat' dir='ltr'>dissimulationem</span> <span class='ocrx_word' id='word_1_374' title='bbox 731 4144 888 4210; x_wconf 89' lang='lat' dir='ltr'>vestram,</span> <span class='ocrx_word' id='word_1_375' title='bbox 905 4142 1009 4204; x_wconf 85' lang='lat' dir='ltr'>multa</span> 
     </span>
     <span class='ocr_line' id='line_1_41' title="bbox 216 4238 1010 4317; baseline 0.004 -20"><span class='ocrx_word' id='word_1_376' title='bbox 216 4238 414 4315; x_wconf 87' lang='lat' dir='ltr'>inpartibus</span> <span class='ocrx_word' id='word_1_377' title='bbox 431 4241 552 4302; x_wconf 89' lang='lat' dir='ltr'>vestris</span> <span class='ocrx_word' id='word_1_378' title='bbox 568 4240 713 4301; x_wconf 90' lang='lat' dir='ltr'>habeant</span> <span class='ocrx_word' id='word_1_379' title='bbox 724 4241 889 4317; x_wconf 91' lang='lat' dir='ltr'>mancipia</span> <span class='ocrx_word' id='word_1_380' title='bbox 905 4240 1010 4301; x_wconf 89' lang='lat' dir='ltr'>chris·</span> 
     </span>
     <span class='ocr_line' id='line_1_42' title="bbox 214 4336 1008 4415; baseline 0.004 -20"><span class='ocrx_word' id='word_1_381' title='bbox 214 4336 319 4408; x_wconf 85' lang='lat' dir='ltr'>tiana,</span> <span class='ocrx_word' id='word_1_382' title='bbox 334 4352 408 4413; x_wconf 88' lang='lat' dir='ltr'>quae</span> <span class='ocrx_word' id='word_1_383' title='bbox 423 4353 497 4397; x_wconf 92' lang='lat' dir='ltr'>cum</span> <span class='ocrx_word' id='word_1_384' title='bbox 519 4339 631 4399; x_wconf 90' lang='lat' dir='ltr'>emant</span> <span class='ocrx_word' id='word_1_385' title='bbox 650 4337 770 4410; x_wconf 89' lang='lat' dir='ltr'>libere,</span> <span class='ocrx_word' id='word_1_386' title='bbox 794 4337 924 4415; x_wconf 89' lang='lat' dir='ltr'>quando</span> <span class='ocrx_word' id='word_1_387' title='bbox 944 4354 1008 4398; x_wconf 93' lang='lat' dir='ltr'>vo-</span> 
     </span>
     <span class='ocr_line' id='line_1_43' title="bbox 215 4432 1007 4510; baseline 0.003 -18"><span class='ocrx_word' id='word_1_388' title='bbox 215 4432 298 4504; x_wconf 91' lang='lat' dir='ltr'>lunt,</span> <span class='ocrx_word' id='word_1_389' title='bbox 316 4450 374 4510; x_wconf 89' lang='lat' dir='ltr'>pro</span> <span class='ocrx_word' id='word_1_390' title='bbox 391 4433 528 4496; x_wconf 90' lang='lat' dir='ltr'>arbitrio</span> <span class='ocrx_word' id='word_1_391' title='bbox 553 4451 613 4495; x_wconf 91' lang='lat' dir='ltr'>suo</span> <span class='ocrx_word' id='word_1_392' title='bbox 633 4435 847 4496; x_wconf 89' lang='lat' dir='ltr'>dominantur</span> <span class='ocrx_word' id='word_1_393' title='bbox 870 4434 1007 4505; x_wconf 90' lang='lat' dir='ltr'>eisdem,</span> 
     </span>
     <span class='ocr_line' id='line_1_44' title="bbox 213 4531 1010 4610; baseline 0.004 -20"><span class='ocrx_word' id='word_1_394' title='bbox 213 4531 309 4606; x_wconf 79' lang='lat' dir='ltr'>Juxta</span> <span class='ocrx_word' id='word_1_395' title='bbox 329 4531 429 4592; x_wconf 91' lang='lat' dir='ltr'>ritum</span> <span class='ocrx_word' id='word_1_396' title='bbox 452 4532 600 4610; x_wconf 90' lang='lat' dir='ltr'>ipsorum</span> <span class='ocrx_word' id='word_1_397' title='bbox 619 4549 659 4594; x_wconf 89' lang='lat' dir='ltr'>ea</span> <span class='ocrx_word' id='word_1_398' title='bbox 675 4533 791 4595; x_wconf 89' lang='lat' dir='ltr'>vivere</span> <span class='ocrx_word' id='word_1_399' title='bbox 806 4532 1010 4610; x_wconf 86' lang='lat' dir='ltr'>compellen-</span> 
     </span>
     <span class='ocr_line' id='line_1_45' title="bbox 214 4628 1010 4706; baseline 0.001 -18"><span class='ocrx_word' id='word_1_400' title='bbox 214 4629 276 4688; x_wconf 88' lang='lat' dir='ltr'>tes.</span> <span class='ocrx_word' id='word_1_401' title='bbox 293 4630 471 4703; x_wconf 86' lang='lat' dir='ltr'>Praeterea,</span> <span class='ocrx_word' id='word_1_402' title='bbox 489 4628 575 4706; x_wconf 89' lang='lat' dir='ltr'>quod</span> <span class='ocrx_word' id='word_1_403' title='bbox 602 4630 652 4691; x_wconf 89' lang='lat' dir='ltr'>est</span> <span class='ocrx_word' id='word_1_404' title='bbox 668 4629 847 4705; x_wconf 89' lang='lat' dir='ltr'>plurimum</span> <span class='ocrx_word' id='word_1_405' title='bbox 869 4630 1010 4689; x_wconf 88' lang='lat' dir='ltr'>misera-</span> 
     </span>
    </p>
   </div>
   <div class='ocr_carea' id='block_1_10' title="bbox 1064 3652 1861 4704">
    <p class='ocr_par' dir='ltr' id='par_1_13' title="bbox 1064 3652 1861 4704">
     <span class='ocr_line' id='line_1_46' title="bbox 1065 3652 1859 3730; baseline 0.004 -17"><span class='ocrx_word' id='word_1_406' title='bbox 1065 3653 1252 3729; x_wconf 83' lang='lat' dir='ltr'>privilegiu,</span> <span class='ocrx_word' id='word_1_407' title='bbox 1275 3652 1394 3730; x_wconf 84' lang='lat' dir='ltr'>quihus</span> <span class='ocrx_word' id='word_1_408' title='bbox 1415 3654 1523 3729; x_wconf 89' lang='lat' dir='ltr'>ipsum</span> <span class='ocrx_word' id='word_1_409' title='bbox 1546 3655 1789 3715; x_wconf 89' lang='lat' dir='ltr'>monasterium</span> <span class='ocrx_word' id='word_1_410' title='bbox 1811 3656 1859 3716; x_wconf 87' lang='lat' dir='ltr'>est</span> 
     </span>
     <span class='ocr_line' id='line_1_47' title="bbox 1065 3751 1857 3828; baseline 0.004 -18"><span class='ocrx_word' id='word_1_411' title='bbox 1065 3751 1228 3812; x_wconf 89' lang='lat' dir='ltr'>munitum</span> <span class='ocrx_word' id='word_1_412' title='bbox 1254 3765 1314 3827; x_wconf 89' lang='lat' dir='ltr'>pro</span> <span class='ocrx_word' id='word_1_413' title='bbox 1334 3751 1445 3811; x_wconf 87' lang='lat' dir='ltr'>causis</span> <span class='ocrx_word' id='word_1_414' title='bbox 1467 3767 1548 3828; x_wconf 84' lang='lat' dir='ltr'>quas</span> <span class='ocrx_word' id='word_1_415' title='bbox 1570 3751 1735 3812; x_wconf 88' lang='lat' dir='ltr'>adversus</span> <span class='ocrx_word' id='word_1_416' title='bbox 1774 3768 1857 3823; x_wconf 89' lang='lat' dir='ltr'>eum,</span> 
     </span>
     <span class='ocr_line' id='line_1_48' title="bbox 1064 3847 1858 3937; baseline 0.003 -28"><span class='ocrx_word' id='word_1_417' title='bbox 1064 3847 1117 3909; x_wconf 92' lang='lat' dir='ltr'>vel</span> <span class='ocrx_word' id='word_1_418' title='bbox 1143 3848 1323 3909; x_wconf 90' lang='lat' dir='ltr'>monachos</span> <span class='ocrx_word' id='word_1_419' title='bbox 1349 3863 1426 3909; x_wconf 89' lang='lat' dir='ltr'>suns</span> <span class='ocrx_word' id='word_1_420' title='bbox 1450 3847 1583 3937; x_wconf 84' lang='lat' dir='ltr'>habent,</span> <span class='ocrx_word' id='word_1_421' title='bbox 1603 3848 1657 3910; x_wconf 89' lang='lat' dir='ltr'>vel</span> <span class='ocrx_word' id='word_1_422' title='bbox 1683 3865 1721 3910; x_wconf 91' lang='lat' dir='ltr'>se</span> <span class='ocrx_word' id='word_1_423' title='bbox 1737 3850 1858 3911; x_wconf 89' lang='lat' dir='ltr'>habere</span> 
     </span>
     <span class='ocr_line' id='line_1_49' title="bbox 1065 3945 1858 4022; baseline 0.004 -18"><span class='ocrx_word' id='word_1_424' title='bbox 1065 3945 1858 4022; x_wconf 76' lang='lat' dir='ltr'>continguntprcmulgantsententiasinterdicti</span> 
     </span>
     <span class='ocr_line' id='line_1_50' title="bbox 1065 4043 1856 4106; baseline 0.001 -2"><span class='ocrx_word' id='word_1_425' title='bbox 1065 4044 1098 4105; x_wconf 91' lang='lat' dir='ltr'>et</span> <span class='ocrx_word' id='word_1_426' title='bbox 1118 4043 1472 4105; x_wconf 88' lang='lat' dir='ltr'>excommunicationis</span> <span class='ocrx_word' id='word_1_427' title='bbox 1492 4044 1527 4104; x_wconf 92' lang='lat' dir='ltr'>in</span> <span class='ocrx_word' id='word_1_428' title='bbox 1552 4044 1706 4106; x_wconf 89' lang='lat' dir='ltr'>homines</span> <span class='ocrx_word' id='word_1_429' title='bbox 1719 4060 1856 4106; x_wconf 89' lang='lat' dir='ltr'>eorum-</span> 
     </span>
     <span class='ocr_line' id='line_1_51' title="bbox 1064 4140 1860 4217; baseline 0 -16"><span class='ocrx_word' id='word_1_430' title='bbox 1064 4141 1149 4212; x_wconf 89' lang='lat' dir='ltr'>dem,</span> <span class='ocrx_word' id='word_1_431' title='bbox 1166 4156 1206 4202; x_wconf 93' lang='lat' dir='ltr'>ac</span> <span class='ocrx_word' id='word_1_432' title='bbox 1227 4141 1350 4211; x_wconf 90' lang='lat' dir='ltr'>ineos,</span> <span class='ocrx_word' id='word_1_433' title='bbox 1373 4141 1429 4217; x_wconf 86' lang='lat' dir='ltr'>qui</span> <span class='ocrx_word' id='word_1_434' title='bbox 1453 4140 1581 4202; x_wconf 90' lang='lat' dir='ltr'>molunt</span> <span class='ocrx_word' id='word_1_435' title='bbox 1603 4141 1639 4201; x_wconf 93' lang='lat' dir='ltr'>in</span> <span class='ocrx_word' id='word_1_436' title='bbox 1659 4142 1860 4203; x_wconf 87' lang='lat' dir='ltr'>molendinis</span> 
     </span>
     <span class='ocr_line' id='line_1_52' title="bbox 1064 4236 1858 4315; baseline 0 -17"><span class='ocrx_word' id='word_1_437' title='bbox 1064 4240 1222 4315; x_wconf 90' lang='lat' dir='ltr'>ipsorum,</span> <span class='ocrx_word' id='word_1_438' title='bbox 1239 4238 1272 4300; x_wconf 91' lang='lat' dir='ltr'>et</span> <span class='ocrx_word' id='word_1_439' title='bbox 1293 4239 1348 4314; x_wconf 76' lang='lat' dir='ltr'>qni</span> <span class='ocrx_word' id='word_1_440' title='bbox 1364 4238 1510 4315; x_wconf 85' lang='lat' dir='ltr'>coquunt</span> <span class='ocrx_word' id='word_1_441' title='bbox 1529 4237 1563 4298; x_wconf 92' lang='lat' dir='ltr'>in</span> <span class='ocrx_word' id='word_1_442' title='bbox 1583 4236 1703 4311; x_wconf 81' lang='lat' dir='ltr'>turnis,</span> <span class='ocrx_word' id='word_1_443' title='bbox 1728 4255 1858 4301; x_wconf 88' lang='lat' dir='ltr'>necnon</span> 
     </span>
     <span class='ocr_line' id='line_1_53' title="bbox 1065 4335 1857 4411; baseline 0.003 -16"><span class='ocrx_word' id='word_1_444' title='bbox 1065 4336 1099 4396; x_wconf 94' lang='lat' dir='ltr'>in</span> <span class='ocrx_word' id='word_1_445' title='bbox 1123 4335 1317 4406; x_wconf 88' lang='lat' dir='ltr'>servientes,</span> <span class='ocrx_word' id='word_1_446' title='bbox 1343 4336 1375 4395; x_wconf 91' lang='lat' dir='ltr'>et</span> <span class='ocrx_word' id='word_1_447' title='bbox 1401 4335 1573 4411; x_wconf 86' lang='lat' dir='ltr'>operarios</span> <span class='ocrx_word' id='word_1_448' title='bbox 1596 4336 1802 4407; x_wconf 85' lang='lat' dir='ltr'>eorumdem,</span> <span class='ocrx_word' id='word_1_449' title='bbox 1818 4352 1857 4397; x_wconf 90' lang='lat' dir='ltr'>ac</span> 
     </span>
     <span class='ocr_line' id='line_1_54' title="bbox 1064 4431 1859 4510; baseline 0.001 -18"><span class='ocrx_word' id='word_1_450' title='bbox 1064 4433 1100 4492; x_wconf 89' lang='lat' dir='ltr'>in</span> <span class='ocrx_word' id='word_1_451' title='bbox 1114 4431 1198 4494; x_wconf 90' lang='lat' dir='ltr'>alios</span> <span class='ocrx_word' id='word_1_452' title='bbox 1213 4432 1297 4492; x_wconf 88' lang='lat' dir='ltr'>alias</span> <span class='ocrx_word' id='word_1_453' title='bbox 1313 4432 1593 4493; x_wconf 87' lang='lat' dir='ltr'>communicantes</span> <span class='ocrx_word' id='word_1_454' title='bbox 1613 4432 1757 4505; x_wconf 88' lang='lat' dir='ltr'>eisdem,</span> <span class='ocrx_word' id='word_1_455' title='bbox 1781 4434 1859 4510; x_wconf 89' lang='lat' dir='ltr'>quin</span> 
     </span>
     <span class='ocr_line' id='line_1_55' title="bbox 1064 4528 1859 4605; baseline 0 -15"><span class='ocrx_word' id='word_1_456' title='bbox 1064 4531 1165 4590; x_wconf 85' lang='lat' dir='ltr'>etiam</span> <span class='ocrx_word' id='word_1_457' title='bbox 1181 4529 1217 4589; x_wconf 93' lang='lat' dir='ltr'>in</span> <span class='ocrx_word' id='word_1_458' title='bbox 1231 4528 1412 4589; x_wconf 87' lang='lat' dir='ltr'>monachos</span> <span class='ocrx_word' id='word_1_459' title='bbox 1429 4528 1518 4603; x_wconf 88' lang='lat' dir='ltr'>ipsos</span> <span class='ocrx_word' id='word_1_460' title='bbox 1534 4531 1742 4605; x_wconf 86' lang='lat' dir='ltr'>praesnmunt</span> <span class='ocrx_word' id='word_1_461' title='bbox 1756 4530 1859 4590; x_wconf 88' lang='lat' dir='ltr'>inter-</span> 
     </span>
     <span class='ocr_line' id='line_1_56' title="bbox 1064 4625 1861 4704; baseline -0.001 -16"><span class='ocrx_word' id='word_1_462' title='bbox 1064 4628 1141 4688; x_wconf 89' lang='lat' dir='ltr'>dum</span> <span class='ocrx_word' id='word_1_463' title='bbox 1157 4627 1197 4688; x_wconf 92' lang='lat' dir='ltr'>de</span> <span class='ocrx_word' id='word_1_464' title='bbox 1210 4626 1297 4687; x_wconf 87' lang='lat' dir='ltr'>facto</span> <span class='ocrx_word' id='word_1_465' title='bbox 1311 4625 1501 4703; x_wconf 82' lang='lat' dir='ltr'>hujusmodi</span> <span class='ocrx_word' id='word_1_466' title='bbox 1519 4627 1701 4688; x_wconf 88' lang='lat' dir='ltr'>sententias</span> <span class='ocrx_word' id='word_1_467' title='bbox 1718 4626 1861 4704; x_wconf 87' lang='lat' dir='ltr'>promul·</span> 
     </span>
    </p>
   </div>
   <div class='ocr_carea' id='block_1_11' title="bbox 215 4723 1862 5680">
    <p class='ocr_par' dir='ltr' id='par_1_14' title="bbox 215 4723 1862 5680">
     <span class='ocr_line' id='line_1_57' title="bbox 215 4723 1861 4804; baseline 0.001 -20"><span class='ocrx_word' id='word_1_468' title='bbox 215 4724 298 4797; x_wconf 89' lang='lat' dir='ltr'>hile,</span> <span class='ocrx_word' id='word_1_469' title='bbox 322 4726 473 4786; x_wconf 93' lang='lat' dir='ltr'>nonnulli</span> <span class='ocrx_word' id='word_1_470' title='bbox 498 4727 614 4788; x_wconf 86' lang='lat' dir='ltr'>rustici</span> <span class='ocrx_word' id='word_1_471' title='bbox 639 4726 814 4788; x_wconf 89' lang='lat' dir='ltr'>christiani</span> <span class='ocrx_word' id='word_1_472' title='bbox 836 4730 952 4804; x_wconf 88' lang='lat' dir='ltr'>sponte</span> <span class='ocrx_word' id='word_1_473' title='bbox 973 4743 1009 4787; x_wconf 90' lang='lat' dir='ltr'>se</span> <span class='ocrx_word' id='word_1_474' title='bbox 1064 4741 1155 4801; x_wconf 79' lang='lat' dir='ltr'>gare.</span> <span class='ocrx_word' id='word_1_475' title='bbox 1168 4724 1498 4800; x_wconf 81' lang='lat' dir='ltr'>Praetereaipsorum</span> <span class='ocrx_word' id='word_1_476' title='bbox 1509 4723 1717 4799; x_wconf 83' lang='lat' dir='ltr'>prioratuum</span> <span class='ocrx_word' id='word_1_477' title='bbox 1727 4727 1763 4787; x_wconf 91' lang='lat' dir='ltr'>et</span> <span class='ocrx_word' id='word_1_478' title='bbox 1775 4725 1861 4786; x_wconf 84' lang='lat' dir='ltr'>alia·</span> 
     </span>
     <span class='ocr_line' id='line_1_58' title="bbox 215 4819 1860 4900; baseline 0.001 -18"><span class='ocrx_word' id='word_1_479' title='bbox 215 4823 453 4884; x_wconf 80' lang='lat' dir='ltr'>transferentes</span> <span class='ocrx_word' id='word_1_480' title='bbox 469 4823 510 4884; x_wconf 89' lang='lat' dir='ltr'>ad</span> <span class='ocrx_word' id='word_1_481' title='bbox 526 4824 626 4900; x_wconf 89' lang='lat' dir='ltr'>ipsos,</span> <span class='ocrx_word' id='word_1_482' title='bbox 648 4826 811 4886; x_wconf 89' lang='lat' dir='ltr'>eteorum</span> <span class='ocrx_word' id='word_1_483' title='bbox 829 4824 915 4887; x_wconf 90' lang='lat' dir='ltr'>ritus</span> <span class='ocrx_word' id='word_1_484' title='bbox 937 4840 1011 4884; x_wconf 85' lang='lat' dir='ltr'>scc-</span> <span class='ocrx_word' id='word_1_485' title='bbox 1064 4839 1138 4883; x_wconf 91' lang='lat' dir='ltr'>rum</span> <span class='ocrx_word' id='word_1_486' title='bbox 1153 4821 1370 4883; x_wconf 90' lang='lat' dir='ltr'>ecclesiarum</span> <span class='ocrx_word' id='word_1_487' title='bbox 1380 4836 1516 4882; x_wconf 75' lang='lat' dir='ltr'>sitarum</span> <span class='ocrx_word' id='word_1_488' title='bbox 1532 4819 1689 4895; x_wconf 77' lang='lat' dir='ltr'>decimae,</span> <span class='ocrx_word' id='word_1_489' title='bbox 1706 4823 1860 4900; x_wconf 86' lang='lat' dir='ltr'>aliosque</span> 
     </span>
     <span class='ocr_line' id='line_1_59' title="bbox 215 4918 1860 4998; baseline 0.001 -18"><span class='ocrx_word' id='word_1_490' title='bbox 215 4920 334 4989; x_wconf 84' lang='lat' dir='ltr'>tantos,</span> <span class='ocrx_word' id='word_1_491' title='bbox 352 4923 536 4982; x_wconf 87' lang='lat' dir='ltr'>Saracenos</span> <span class='ocrx_word' id='word_1_492' title='bbox 552 4938 588 4982; x_wconf 90' lang='lat' dir='ltr'>se</span> <span class='ocrx_word' id='word_1_493' title='bbox 602 4921 733 4998; x_wconf 90' lang='lat' dir='ltr'>publice</span> <span class='ocrx_word' id='word_1_494' title='bbox 756 4922 954 4998; x_wconf 81' lang='lat' dir='ltr'>profitentur</span> <span class='ocrx_word' id='word_1_495' title='bbox 967 4939 1011 4983; x_wconf 91' lang='lat' dir='ltr'>ex</span> <span class='ocrx_word' id='word_1_496' title='bbox 1065 4922 1259 4997; x_wconf 89' lang='lat' dir='ltr'>proventus,</span> <span class='ocrx_word' id='word_1_497' title='bbox 1287 4921 1319 4981; x_wconf 93' lang='lat' dir='ltr'>et</span> <span class='ocrx_word' id='word_1_498' title='bbox 1346 4918 1432 4978; x_wconf 90' lang='lat' dir='ltr'>hona</span> <span class='ocrx_word' id='word_1_499' title='bbox 1461 4919 1641 4994; x_wconf 82' lang='lat' dir='ltr'>occupant3</span> <span class='ocrx_word' id='word_1_500' title='bbox 1667 4920 1704 4981; x_wconf 91' lang='lat' dir='ltr'>et</span> <span class='ocrx_word' id='word_1_501' title='bbox 1734 4920 1860 4981; x_wconf 88' lang='lat' dir='ltr'>iaciunt</span> 
     </span>
     <span class='ocr_line' id='line_1_60' title="bbox 217 5015 1859 5094; baseline 0.001 -16"><span class='ocrx_word' id='word_1_502' title='bbox 217 5032 256 5078; x_wconf 92' lang='lat' dir='ltr'>ec</span> <span class='ocrx_word' id='word_1_503' title='bbox 280 5038 287 5077; x_wconf 77' lang='grc' dir='ltr'><strong>ε</strong></span> <span class='ocrx_word' id='word_1_504' title='bbox 313 5018 392 5094; x_wconf 89' lang='lat' dir='ltr'>qnia</span> <span class='ocrx_word' id='word_1_505' title='bbox 422 5019 458 5079; x_wconf 92' lang='lat' dir='ltr'>in</span> <span class='ocrx_word' id='word_1_506' title='bbox 485 5018 604 5094; x_wconf 90' lang='lat' dir='ltr'>primis</span> <span class='ocrx_word' id='word_1_507' title='bbox 630 5018 737 5079; x_wconf 83' lang='lat' dir='ltr'>levior</span> <span class='ocrx_word' id='word_1_508' title='bbox 766 5021 1009 5081; x_wconf 86' lang='lat' dir='ltr'>Saracenorum</span> <span class='ocrx_word' id='word_1_509' title='bbox 1065 5018 1233 5094; x_wconf 90' lang='lat' dir='ltr'>occupari,</span> <span class='ocrx_word' id='word_1_510' title='bbox 1250 5017 1284 5078; x_wconf 91' lang='lat' dir='ltr'>et</span> <span class='ocrx_word' id='word_1_511' title='bbox 1297 5015 1498 5093; x_wconf 87' lang='lat' dir='ltr'>capellanos,</span> <span class='ocrx_word' id='word_1_512' title='bbox 1525 5029 1565 5076; x_wconf 89' lang='lat' dir='ltr'>ac</span> <span class='ocrx_word' id='word_1_513' title='bbox 1583 5017 1724 5093; x_wconf 84' lang='lat' dir='ltr'>populos</span> <span class='ocrx_word' id='word_1_514' title='bbox 1747 5018 1859 5079; x_wconf 88' lang='lat' dir='ltr'>eccle·</span> 
     </span>
     <span class='ocr_line' id='line_1_61' title="bbox 217 5113 1862 5192; baseline 0.001 -17"><span class='ocrx_word' id='word_1_515' title='bbox 217 5114 363 5176; x_wconf 88' lang='lat' dir='ltr'>conditio</span> <span class='ocrx_word' id='word_1_516' title='bbox 378 5130 477 5192; x_wconf 82' lang='lat' dir='ltr'>quam</span> <span class='ocrx_word' id='word_1_517' title='bbox 498 5114 757 5177; x_wconf 88' lang='lat' dir='ltr'>christianorum</span> <span class='ocrx_word' id='word_1_518' title='bbox 777 5116 902 5177; x_wconf 87' lang='lat' dir='ltr'>existit.</span> <span class='ocrx_word' id='word_1_519' title='bbox 927 5118 1009 5188; x_wconf 88' lang='lat' dir='ltr'>Quia</span> <span class='ocrx_word' id='word_1_520' title='bbox 1066 5116 1190 5177; x_wconf 72' lang='lat' dir='ltr'>siarcum</span> <span class='ocrx_word' id='word_1_521' title='bbox 1207 5115 1355 5190; x_wconf 90' lang='lat' dir='ltr'>ipsarum</span> <span class='ocrx_word' id='word_1_522' title='bbox 1370 5113 1412 5174; x_wconf 88' lang='lat' dir='ltr'>ad</span> <span class='ocrx_word' id='word_1_523' title='bbox 1436 5113 1503 5174; x_wconf 88' lang='lat' dir='ltr'>alia</span> <span class='ocrx_word' id='word_1_524' title='bbox 1525 5113 1599 5173; x_wconf 90' lang='lat' dir='ltr'>loca</span> <span class='ocrx_word' id='word_1_525' title='bbox 1617 5113 1749 5176; x_wconf 85' lang='lat' dir='ltr'>iaciunt</span> <span class='ocrx_word' id='word_1_526' title='bbox 1770 5131 1862 5177; x_wconf 90' lang='lat' dir='ltr'>com-</span> 
     </span>
     <span class='ocr_line' id='line_1_62' title="bbox 217 5209 1859 5291; baseline 0.001 -18"><span class='ocrx_word' id='word_1_527' title='bbox 217 5227 296 5274; x_wconf 90' lang='lat' dir='ltr'>vero</span> <span class='ocrx_word' id='word_1_528' title='bbox 311 5212 920 5291; x_wconf 82' lang='lat' dir='ltr'>negligere,cumpossitisperturbare</span> <span class='ocrx_word' id='word_1_529' title='bbox 934 5229 1012 5291; x_wconf 88' lang='lat' dir='ltr'>per·</span> <span class='ocrx_word' id='word_1_530' title='bbox 1065 5213 1221 5290; x_wconf 76' lang='lat' dir='ltr'>migrare,</span> <span class='ocrx_word' id='word_1_531' title='bbox 1243 5213 1280 5273; x_wconf 92' lang='lat' dir='ltr'>ut</span> <span class='ocrx_word' id='word_1_532' title='bbox 1307 5212 1357 5272; x_wconf 92' lang='lat' dir='ltr'>sic</span> <span class='ocrx_word' id='word_1_533' title='bbox 1385 5210 1472 5272; x_wconf 91' lang='lat' dir='ltr'>idem</span> <span class='ocrx_word' id='word_1_534' title='bbox 1500 5209 1619 5282; x_wconf 88' lang='lat' dir='ltr'>abhas,</span> <span class='ocrx_word' id='word_1_535' title='bbox 1645 5212 1681 5273; x_wconf 90' lang='lat' dir='ltr'>et</span> <span class='ocrx_word' id='word_1_536' title='bbox 1702 5212 1859 5275; x_wconf 88' lang='lat' dir='ltr'>monachi</span> 
     </span>
     <span class='ocr_line' id='line_1_63' title="bbox 215 5307 1861 5388; baseline 0 -16"><span class='ocrx_word' id='word_1_537' title='bbox 215 5324 343 5380; x_wconf 89' lang='lat' dir='ltr'>versos,</span> <span class='ocrx_word' id='word_1_538' title='bbox 377 5309 464 5371; x_wconf 91' lang='lat' dir='ltr'>nihil</span> <span class='ocrx_word' id='word_1_539' title='bbox 486 5310 536 5372; x_wconf 90' lang='lat' dir='ltr'>est</span> <span class='ocrx_word' id='word_1_540' title='bbox 560 5310 661 5382; x_wconf 88' lang='lat' dir='ltr'>aliud,</span> <span class='ocrx_word' id='word_1_541' title='bbox 693 5327 792 5388; x_wconf 86' lang='lat' dir='ltr'>quarn</span> <span class='ocrx_word' id='word_1_542' title='bbox 823 5310 947 5381; x_wconf 84' lang='lat' dir='ltr'>lovere,</span> <span class='ocrx_word' id='word_1_543' title='bbox 970 5327 1011 5372; x_wconf 92' lang='lat' dir='ltr'>ac</span> <span class='ocrx_word' id='word_1_544' title='bbox 1066 5307 1318 5374; x_wconf 88' lang='lat' dir='ltr'>obventionibus</span> <span class='ocrx_word' id='word_1_545' title='bbox 1358 5308 1477 5381; x_wconf 84' lang='lat' dir='ltr'>solitis,</span> <span class='ocrx_word' id='word_1_546' title='bbox 1510 5308 1544 5370; x_wconf 89' lang='lat' dir='ltr'>et</span> <span class='ocrx_word' id='word_1_547' title='bbox 1573 5307 1695 5371; x_wconf 90' lang='lat' dir='ltr'>debitis</span> <span class='ocrx_word' id='word_1_548' title='bbox 1726 5309 1861 5372; x_wconf 85' lang='lat' dir='ltr'>detran-</span> 
     </span>
     <span class='ocr_line' id='line_1_64' title="bbox 218 5405 1859 5485; baseline 0.001 -18"><span class='ocrx_word' id='word_1_549' title='bbox 218 5407 405 5468; x_wconf 90' lang='lat' dir='ltr'>consentire</span> <span class='ocrx_word' id='word_1_550' title='bbox 420 5405 553 5468; x_wconf 87' lang='lat' dir='ltr'>videtur</span> <span class='ocrx_word' id='word_1_551' title='bbox 566 5407 775 5480; x_wconf 87' lang='lat' dir='ltr'>errantibus,</span> <span class='ocrx_word' id='word_1_552' title='bbox 804 5408 860 5485; x_wconf 88' lang='lat' dir='ltr'>qui</span> <span class='ocrx_word' id='word_1_553' title='bbox 874 5407 966 5469; x_wconf 87' lang='lat' dir='ltr'>vitiis</span> <span class='ocrx_word' id='word_1_554' title='bbox 979 5409 1012 5470; x_wconf 89' lang='lat' dir='ltr'>et</span> <span class='ocrx_word' id='word_1_555' title='bbox 1065 5409 1200 5480; x_wconf 87' lang='lat' dir='ltr'>dentur,</span> <span class='ocrx_word' id='word_1_556' title='bbox 1217 5408 1250 5468; x_wconf 92' lang='lat' dir='ltr'>et</span> <span class='ocrx_word' id='word_1_557' title='bbox 1272 5408 1320 5468; x_wconf 82' lang='lat' dir='ltr'>ita</span> <span class='ocrx_word' id='word_1_558' title='bbox 1335 5406 1382 5478; x_wconf 85' lang='lat' dir='ltr'>nt,</span> <span class='ocrx_word' id='word_1_559' title='bbox 1403 5406 1441 5468; x_wconf 91' lang='lat' dir='ltr'>ut</span> <span class='ocrx_word' id='word_1_560' title='bbox 1453 5406 1621 5483; x_wconf 84' lang='lat' dir='ltr'>exemptio</span> <span class='ocrx_word' id='word_1_561' title='bbox 1636 5421 1795 5469; x_wconf 86' lang='lat' dir='ltr'>concessa</span> <span class='ocrx_word' id='word_1_562' title='bbox 1808 5408 1859 5469; x_wconf 90' lang='lat' dir='ltr'>eis</span> 
     </span>
     <span class='ocr_line' id='line_1_65' title="bbox 216 5503 1859 5582; baseline 0.001 -18"><span class='ocrx_word' id='word_1_563' title='bbox 216 5504 373 5580; x_wconf 87' lang='lat' dir='ltr'>peccatis,</span> <span class='ocrx_word' id='word_1_564' title='bbox 399 5521 473 5582; x_wconf 87' lang='lat' dir='ltr'>quae</span> <span class='ocrx_word' id='word_1_565' title='bbox 486 5504 584 5567; x_wconf 89' lang='lat' dir='ltr'>debet</span> <span class='ocrx_word' id='word_1_566' title='bbox 601 5506 787 5582; x_wconf 80' lang='lat' dir='ltr'>corrigere,</span> <span class='ocrx_word' id='word_1_567' title='bbox 806 5522 872 5567; x_wconf 91' lang='lat' dir='ltr'>non</span> <span class='ocrx_word' id='word_1_568' title='bbox 893 5520 1011 5567; x_wconf 89' lang='lat' dir='ltr'>occur·</span> <span class='ocrx_word' id='word_1_569' title='bbox 1066 5521 1167 5568; x_wconf 74' lang='lat' dir='ltr'>caraea</span> <span class='ocrx_word' id='word_1_570' title='bbox 1180 5503 1367 5581; x_wconf 88' lang='lat' dir='ltr'>compendii</span> <span class='ocrx_word' id='word_1_571' title='bbox 1382 5504 1415 5566; x_wconf 91' lang='lat' dir='ltr'>et</span> <span class='ocrx_word' id='word_1_572' title='bbox 1429 5504 1550 5581; x_wconf 85' lang='lat' dir='ltr'>quietis</span> <span class='ocrx_word' id='word_1_573' title='bbox 1570 5519 1630 5581; x_wconf 85' lang='lat' dir='ltr'>per</span> <span class='ocrx_word' id='word_1_574' title='bbox 1643 5504 1859 5567; x_wconf 85' lang='lat' dir='ltr'>adinventio-</span> 
     </span>
     <span class='ocr_line' id='line_1_66' title="bbox 218 5600 1860 5680; baseline 0.003 -22"><span class='ocrx_word' id='word_1_575' title='bbox 218 5600 280 5670; x_wconf 87' lang='lat' dir='ltr'>rit;</span> <span class='ocrx_word' id='word_1_576' title='bbox 303 5601 349 5661; x_wconf 89' lang='lat' dir='ltr'>ita</span> <span class='ocrx_word' id='word_1_577' title='bbox 366 5601 399 5662; x_wconf 92' lang='lat' dir='ltr'>in</span> <span class='ocrx_word' id='word_1_578' title='bbox 415 5603 477 5663; x_wconf 92' lang='lat' dir='ltr'>hoc</span> <span class='ocrx_word' id='word_1_579' title='bbox 493 5604 729 5680; x_wconf 79' lang='lat' dir='ltr'>negligentiam</span> <span class='ocrx_word' id='word_1_580' title='bbox 752 5605 897 5667; x_wconf 86' lang='lat' dir='ltr'>vestram</span> <span class='ocrx_word' id='word_1_581' title='bbox 920 5604 1012 5666; x_wconf 86' lang='lat' dir='ltr'>redi·</span> <span class='ocrx_word' id='word_1_582' title='bbox 1066 5619 1125 5665; x_wconf 91' lang='lat' dir='ltr'>nes</span> <span class='ocrx_word' id='word_1_583' title='bbox 1151 5601 1339 5679; x_wconf 75' lang='lat' dir='ltr'>hujusmodi</span> <span class='ocrx_word' id='word_1_584' title='bbox 1365 5601 1409 5662; x_wconf 89' lang='lat' dir='ltr'>sit</span> <span class='ocrx_word' id='word_1_585' title='bbox 1437 5602 1488 5663; x_wconf 92' lang='lat' dir='ltr'>eis</span> <span class='ocrx_word' id='word_1_586' title='bbox 1511 5618 1613 5663; x_wconf 90' lang='lat' dir='ltr'>causa</span> <span class='ocrx_word' id='word_1_587' title='bbox 1636 5600 1800 5680; x_wconf 91' lang='lat' dir='ltr'>dispendii</span> <span class='ocrx_word' id='word_1_588' title='bbox 1825 5605 1860 5663; x_wconf 91' lang='lat' dir='ltr'>et</span> 
     </span>
    </p>
   </div>
   <div class='ocr_carea' id='block_1_12' title="bbox 0 0 1992 6196">
    <p class='ocr_par' dir='ltr' id='par_1_15' title="bbox 0 0 1992 6196">
     <span class='ocr_line' id='line_1_67' title="bbox 0 0 1992 6196; baseline 0 0"><span class='ocrx_word' id='word_1_589' title='bbox 0 0 1992 6196; x_wconf 95' lang='lat' dir='ltr'> </span> 
     </span>
    </p>
   </div>
  </div>
 </body>
</html>
