4014 6224
113 324 168 390 isa
733 316 962 401 nisinen.
980 322 1062 399 uin.
1086 332 1141 400 vr.
1699 340 1758 410 aes

114 486 183 551 nm
195 484 441 555 ecciesiasticis
461 506 560 571 quam
581 492 769 568 mundanis,
786 495 910 572 quaein
967 495 1193 573 ergeemniuo
1205 480 1487 565 bominumliceat
1500 502 1587 567 banc
1601 505 1759 583 pagiuam

117 587 374 665 presentiarum
389 588 635 651 rationabiliter
650 591 835 667 possidetis,
854 594 913 654 aut
967 592 1088 655 nostrae
1112 595 1327 672 protectionIs
1353 598 1386 659 et
1413 598 1673 663 confirmationis
1698 605 1756 665 in-

117 680 154 745 in
168 682 319 746 futurum
329 682 431 763 justis
442 687 559 760 modis,
567 690 746 764 praestante
758 690 910 763 Domino,
966 688 1123 765 ningere,
1138 692 1193 754 vei
1215 694 1248 753 ei
1269 710 1354 755 ausu
1374 697 1552 759 temerario
1573 698 1754 777 contraite3
1846 740 1855 749 -

118 780 271 858 poteritis
286 783 440 860 adipisci,
458 783 517 845 sub
534 784 622 847 beati
640 787 731 847 Patri
749 787 784 849 et
797 788 911 849 nostra
966 787 996 846 si
1014 788 1088 864 quis'
1108 787 1218 850 alitem
1235 789 1298 851 boc
1319 788 1482 854 attentare
1497 796 1754 877 praesumpserit,

119 880 325 959 protectione
349 881 570 959 suscipimus:
590 880 781 959 specialiter
802 884 912 946 autern
966 880 1228 959 indignationem
1252 878 1486 966 omnipotentis
1505 884 1565 955 Dei
1588 895 1621 953 et
1640 892 1758 956 beato-

117 976 296 1039 eocIesiam
306 978 459 1051 Phatiue,
472 994 571 1057 quam
582 979 742 1042 cantinica
758 982 792 1043 et
803 980 913 1059 qulete

118 1072 308 1151 possidetis,
324 1077 400 1152 post
426 1076 596 1139 decessum
617 1076 743 1151 clerici,
767 1079 808 1138 ad
831 1094 912 1140 usus

118 1170 313 1234 monasterii
325 1172 442 1246 uestri,
456 1174 548 1236 salvo
560 1176 637 1252 jura
650 1175 840 1251 dioecesani,
851 1188 914 1237 roa

118 1264 169 1328 bis
180 1268 355 1346 etperros
365 1271 567 1333 monasterio
577 1272 700 1344 vestro,
715 1260 912 1334 anctoritate

116 1364 309 1442 Apostuilca
319 1365 553 1429 confirmamus
568 1366 602 1430 et
613 1358 786 1446 praesentis
796 1358 912 1445 scripti

116 1460 305 1540 patrocimo
329 1465 581 1526 commuuimus.
614 1458 708 1526 Nulli
735 1470 814 1542 erno
841 1481 913 1528 om·

117 1561 200 1621 uiuo
215 1560 388 1623 bominum
403 1561 503 1624 liceat
518 1563 606 1623 banc
619 1562 775 1639 paginam
788 1564 911 1635 nostrae

116 1656 333 1734 protectionis
358 1660 392 1721 et
417 1654 683 1720 confirmationis
715 1658 910 1735 incingere,

116 1750 170 1816 tei
192 1754 225 1815 ei
254 1771 338 1816 ausu
363 1755 543 1818 temerario
565 1748 744 1818 contraire.
771 1757 911 1836 Siquis

116 1852 229 1913 butem
246 1851 311 1913 boc
332 1853 495 1915 menum
517 1842 776 1931 praesumpserit,
794 1853 910 1930 indIg-

116 1950 289 2010 nationem
321 1950 558 2026 omnipotentie
586 1950 646 2011 bai
672 1952 706 2012 at
739 1950 911 2013 beatorum

115 2044 210 2107 Petri
231 2044 266 2108 et
286 2046 383 2107 Pauli
404 2046 629 2124 apostolorum
647 2052 719 2125 ejus
733 2049 913 2110 sanaverit

114 2142 343 2204 incursurum.
370 2145 488 2205 Datum
509 2144 628 2217 alatri,
651 2145 729 2205 Xill
750 2145 911 2207 kalendas

111 2236 217 2316 ¹iunii,
231 2240 443 2318 poutlneatus
456 2241 562 2304 nostri
576 2254 663 2304 anuo
682 2244 789 2304 sexto

400 2569 630 2657 CLXXXIII

151 2718 205 2781 Ad
217 2716 374 2781 obtem
391 2720 660 2794 conventumque
674 2716 878 2783 monasterii

438 2819 480 2878 de
494 2816 597 2879 Rode.

405 2956 445 3014 id
461 2957 529 3014 maii
551 2958 629 3015 ltin

113 3077 288 3144 [Fruqninet
296 3078 384 3129 brad.
394 3078 549 3131 invastantes
558 3079 604 3129 dar
612 3077 820 3141 oorkondtnfflti,
827 3079 911 3145 nib]

113 3198 175 3261 Sub
188 3198 266 3259 beati
279 3200 355 3260 Petri
368 3209 398 3261 at
409 3214 460 3259 sna
473 3202 649 3276 motectioue
661 3202 864 3285 monasterinm
876 3202 914 3260 de

150 3292 323 3438 mearez?
341 3291 475 3350 enaiim
492 3290 576 3349 bonis
595 3291 713 3364 suscipit
732 3297 762 3349 et
780 3291 915 3364 maedam

156 3504 328 3566 Honorius
336 3504 651 3581 episcopusservus
659 3508 830 3567 servornm
839 3504 910 3576 Dei,

113 3596 249 3665 dilectis
263 3601 343 3663 tiliis
358 3594 469 3663 abbati
482 3601 516 3663 at
527 3602 706 3664 couventui
718 3588 911 3663 monasterii

113 3698 157 3760 de
171 3699 278 3771 Rode,
294 3698 436 3760 salntem
457 3699 490 3760 et
504 3698 729 3775 apostolicam
754 3697 913 3760 benedic-

112 3795 255 3858 tionem.

155 3893 238 3953 Cum
253 3907 275 3953 a
289 3891 385 3953 noble
404 3892 530 3970 petitur
548 3891 635 3969 qued
653 3893 781 3970 justum
803 3892 854 3954 ast
879 3892 913 3954 et

111 3988 306 4060 nonestum,
319 3990 389 4050 tam
402 3986 499 4064 uigor
512 3984 690 4066 aequitatis,
708 4004 807 4066 quam
830 3989 912 4050 ordo

112 4084 225 4162 exigit
236 4085 389 4159 rationis,
405 4084 442 4146 ut
455 4084 489 4145 id
504 4098 563 4161 per
575 4083 832 4146 sollicitudinem
845 4086 914 4147 olii·

112 4183 160 4245 cii
175 4181 287 4244 nostri
301 4181 343 4243 ad
358 4180 504 4243 debitum
525 4180 725 4258 perducatur
745 4181 910 4243 effectum.

116 4281 167 4340 Ea
191 4278 339 4355 propter,
361 4276 473 4341 dilecti
489 4278 528 4339 in
550 4277 689 4340 Domino
704 4278 776 4350 iiiii,
792 4279 913 4341 vestris

112 4375 218 4453 justis
244 4374 522 4451 postulationibus
553 4376 650 4450 grato
677 4377 912 4447 concurrentes
945 4434 948 4443 ,

115 4487 275 4543 assensu,
291 4486 452 4548 personas
465 4472 596 4540 vestras
619 4473 653 4533 ei
673 4471 783 4533 locum
797 4472 832 4533 iu
847 4488 913 4549 qno

114 4568 233 4631 divino
248 4567 330 4630 estis
345 4564 503 4646 obsequio
516 4568 707 4645 mancipati,
719 4584 794 4629 cum
804 4569 914 4630 omni-

113 4666 183 4728 bns
194 4665 305 4738 bonis,
322 4680 397 4743 quae
411 4665 446 4725 in
463 4666 714 4742 presentiarum
729 4665 914 4727 rationabi-

114 4763 197 4825 liter
212 4761 512 4839 possidetis,autin
521 4761 670 4823 futurum
676 4763 777 4838 justis
787 4762 910 4835 modis,

111 4860 300 4938 praestante
326 4857 477 4930 Domino,
495 4854 647 4935 poteritis
674 4854 829 4936 adipisci,
851 4858 912 4920 snb

111 4955 208 5019 beati
229 4953 322 5018 Petri
348 4956 382 5016 et
407 4955 520 5016 nostra
544 4954 746 5032 protectione
770 4955 914 5032 suscipi-

110 5070 203 5116 mus.
216 5050 415 5130 Speciaiiter
428 5051 538 5113 autem
553 5040 594 5112 da
608 5046 912 5123 Lomuusheins,da

111 5140 911 5224 Kurie,daMerbnre,deStreiflo,delindelstorp

111 5248 150 5309 et
168 5242 213 5307 de
227 5242 412 5307 Crombabb
430 5243 670 5322 possessiones,
684 5243 717 5306 et
737 5243 805 5305 alia
825 5242 912 5305 bona

111 5344 229 5406 vestra
243 5342 331 5429 sient
344 5357 385 5402 ea
404 5341 515 5402 omnia
531 5341 623 5418 inste
636 5357 677 5402 ac
690 5336 828 5418 pacifica
839 5356 913 5418 pos·

112 5432 246 5511 uidetis,
263 5432 359 5500 robis
374 5430 407 5501 et
416 5440 479 5516 'per
501 5454 560 5505 vos
575 5432 682 5500 aldem
696 5437 910 5510 monasterio,

112 5535 319 5599 auctoritate
332 5526 521 5611 Apostolica
537 5534 770 5597 confirmamus
787 5535 820 5598 et
831 5550 913 5611 prae·

114 5635 224 5697 seutts
235 5630 353 5708 scripti
364 5632 550 5708 patrocinio
558 5632 811 5695 communimus.
820 5629 912 5694 Nulli

967 982 1040 1041 inm
1055 980 1145 1044 Petri
1161 982 1193 1044 et
1208 984 1306 1044 Pauli
1320 987 1544 1063 apostolorum
1560 992 1631 1067 ejus
1644 1005 1680 1052 sa
1694 1002 1758 1053 no-

967 1076 1052 1139 verit
1064 1072 1414 1144 incursurumbatnm
1428 1084 1545 1153 blatii,
1551 1084 1628 1149 Xili
1637 1086 1757 1150 kalen-

967 1170 1026 1233 das
1036 1174 1125 1252 junii
1146 1176 1356 1253 pontificatus
1372 1181 1477 1242 nostri
1492 1196 1581 1243 anno
1594 1182 1701 1246 sento.

1249 1456 1476 1560 dlxxxiii
1563 1462 1583 1581 J

1066 1620 1119 1680 Ad
1131 1620 1349 1683 scolasticum
1362 1625 1655 1689 suessionensem.

1248 1750 1284 1810 20
1301 1750 1370 1809 maii
1389 1746 1469 1811 ina.

991 1856 1113 1935 [I'legast.,
1124 1871 1170 1923 lib.
1181 1872 1226 1933 vl,
1234 1872 1309 1938 epist.
1322 1874 1376 1925 ³³5.
1390 1877 1448 1926 ldss.
1458 1874 1498 1928 La
1509 1864 1582 1930 Porta
1592 1866 1626 1930 du
1636 1880 1730 1947 Theti]

966 1993 1120 2059 wanlai
1164 1995 1340 2055 scholastriae
1366 2000 1591 2063 ‚samonensis
1625 2004 1760 2065 ecciesiae

1146 2085 1265 2159 triginta
1279 2086 1413 2151 librarum
1427 2087 1579 2151 redditum
1595 2152 1598 2161 ,
1686 2110 1689 2115 ⁴

1006 2208 1184 2282 lionorlus,
1210 2212 1285 2283 etc,
1309 2211 1429 2274 dilecto
1449 2212 1555 2275 nito...
1580 2204 1756 2280 scelestino

968 2305 1181 2367 suessionem
1495 2316 1498 2325 “
1546 2346 1551 2353 ·
1621 2346 1623 2351 ·

1004 2404 1108 2465 iustis
1134 2404 1316 2480 petentium
1342 2405 1530 2481 desideriis,
1550 2409 1627 2481 etc„
1649 2398 1757 2486 atelle

966 2500 1210 2576 compleretis
1234 2502 1525 2578 praetendimus
1552 2506 1588 2566 iu
1616 2509 1759 2569 Domino

966 2594 1038 2668 dlii,
1056 2596 1251 2659 dilectorum
1266 2596 1448 2661 illiorum...
1465 2602 1595 2675 decem,
1615 2604 1648 2665 'et
1664 2605 1759 2681 capi-

965 2693 1029 2755 tuli
1040 2695 1253 2756 suessionen.
1270 2697 1431 2770 ecciesiae,
1442 2712 1481 2759 ac
1495 2700 1562 2760 iuis
1572 2692 1672 2778 justis
1685 2706 1759 2778 poss

965 2789 1182 2851 inlationibus
1217 2792 1312 2867 gratu
1345 2797 1580 2857 concurrentes
1604 2808 1756 2871 assensu,

965 2884 1131 2948 redditum
1145 2886 1284 2963 triginta
1294 2886 1455 2950 librarum
1466 2893 1679 2954 suessionen.
1691 2902 1760 2956 iun-

966 2983 1051 3044 netae
1069 2982 1176 3060 ipsius
1195 2983 1346 3045 ecelesiae
1359 2985 1568 3049 scholastriae
1582 2991 1755 3064 canonico,

943 3079 1007 3140 ‘de
1032 3095 1197 3142 consensu
1228 3080 1431 3143 venerabilis
1465 3083 1578 3147 inatris
1612 3085 1755 3149 nostri...

968 3177 1180 3237 suessionen.
1198 3176 1345 3252 episcopi
1370 3178 1411 3238 ab
1434 3179 1559 3241 eisdem
1576 3181 1702 3244 decano
1723 3183 1757 3244 at

967 3273 1110 3350 capitulo
1123 3273 1343 3349 assignatum,
1356 3275 1443 3337 sicut
1454 3291 1530 3337 anm
1538 3279 1639 3354 iuste,
1654 3294 1759 3340 cauo·

965 3370 1040 3431 nice
1053 3370 1209 3454 possides
1236 3369 1269 3431 et
1297 3371 1418 3447 quiete,
1446 3375 1539 3436 etin
1566 3375 1757 3438 authentico

966 3466 1087 3528 exinde
1106 3466 1257 3529 connato
1276 3469 1408 3545 plenius
1424 3472 1623 3544 continetur,
1637 3475 1757 3535 ancto-

966 3566 1065 3627 ritate
1075 3566 1148 3638 tibi,
1159 3568 1192 3628 et
1202 3583 1262 3645 per
1272 3566 1306 3629 te
1318 3567 1524 3629 scholastriae
1536 3570 1758 3647 ipsi,Aposto·

966 3661 1031 3723 lica
1053 3663 1298 3736 confirmamus,
1314 3665 1348 3726 at
1361 3665 1535 3741 praesentis
1557 3667 1672 3744 scripti
1691 3684 1758 3743 pa-

955 3759 1108 3852 trocinio
1140 3761 1392 3822 commuuimus.
1426 3761 1518 3822 Nulli
1555 3776 1650 3838 argo,
1678 3765 1755 3839 ete,

967 3857 1088 3918 nostrae
1114 3856 1376 3919 confirmationis
1401 3856 1596 3934 intringere.
1619 3859 1654 3921 sl
1682 3861 1756 3937 quis

966 3953 1087 4026 autern,
1117 3954 1180 4015 etc.
1204 3953 1322 4015 Datum
1349 3952 1467 4024 Alatri,
1490 3954 1570 4015 lilii
1595 3946 1759 4019 kalendas

962 4051 1061 4127 junii,
1077 4050 1289 4130 pontificatus
1303 4037 1409 4112 nostri
1423 4064 1511 4113 annu
1524 4050 1629 4113 sexto.

1262 4328 1467 4420 dlxxxv

1033 4472 1086 4545 Ad
1108 4485 1402 4559 arciepiscopatu
1426 4468 1692 4556 Bituricensem,

1115 4580 1316 4656 Aposioitcoe
1335 4582 1434 4642 Sedis
1454 4582 1615 4657 wantum.

1247 4708 1284 4766 io
1300 4708 1369 4766 maii
1389 4709 1468 4767 lm.

993 4824 1112 4897 magnei,
1123 4831 1168 4883 iib.
1179 4830 1306 4896 iil,*epist.
1317 4828 1372 4880 369.
1383 4831 1440 4881 blas.
1453 4831 1490 4882 La
1501 4830 1575 4883 Porta
1587 4832 1622 4884 dn
1634 4830 1729 4901 insti]

966 4954 1100 5016 Concedit
1114 4956 1140 5012 ei
1155 4962 1186 5012 nt
1200 4955 1228 5012 iu
1238 4950 1368 5012 ecclesiis
1379 4952 1408 5011 iu
1419 4953 1521 5027 quibus
1535 4963 1580 5014 esi
1590 4954 1756 5017 imminutus

1001 5044 1205 5101 canonicorum
1213 5043 1392 5100 secularium
1403 5046 1549 5113 numerus,
1557 5044 1612 5101 nisi
1623 5047 1754 5103 canonici

1002 5124 1048 5189 ab
1065 5145 1100 5189 eo
1123 5130 1224 5188 moniti
1251 5144 1309 5187 non
1334 5138 1434 5187 curent
1458 5140 1604 5188 assumere
1618 5144 1755 5204 personas

999 5220 1077 5293 iuxta
1101 5209 1251 5276 inanitates
1274 5214 1470 5290 scelestarum,
1490 5225 1633 5279 assuennnn
1655 5234 1763 5293 perso*-

1001 5314 1102 5365 namin
1118 5318 1267 5364 nnmerum
1280 5306 1417 5364 instituat.

1006 5424 1184 5507 Honorius,
1210 5428 1286 5505 etc„
1308 5430 1493 5493 venerabili
1518 5427 1614 5493 fratri
1642 5435 1756 5498 archi-

946 5530 1120 5613 episcopo
1146 5524 1339 5601 Bitnricen„
1360 5526 1558 5605 spostolicae
1582 5528 1677 5593 Sedis
1705 5534 1756 5596 le·

946 5620 950 5627 ’
965 5624 1052 5703 gato.
