3930 6206
117 351 175 412 vot
733 343 963 406 EPISTOLAE.
985 344 1064 405 LIB.
1087 344 1142 405 IX.
1702 350 1764 411 762
1802 404 1812 415 ,

120 505 377 568 Livonieusibus
396 508 429 568 et
446 504 601 567 Prutenis
620 503 663 566 ad
679 503 775 566 fldem
793 504 915 565 Christi
970 502 1151 579 plurimum
1175 502 1219 564 sit
1241 502 1435 564 damnosum
1459 504 1641 582 recipiendi
1656 523 1762 584 quar-

121 603 306 674 couversis,
323 601 463 663 salutem
480 601 513 664 et
524 600 748 678 apostolicam
760 599 917 661 benedic·-
970 600 1037 661 tarn
1050 600 1156 677 ipsam
1176 599 1211 660 in
1224 599 1333 672 blado,
1354 601 1443 673 vino,
1461 602 1494 663 et
1516 603 1593 663 aliis
1608 619 1682 680 quae
1704 604 1764 666 ob-

119 700 257 762 tionem.
971 696 1110 758 veniunt
1124 696 1205 773 ipsis
1219 696 1369 758 ecclesiis
1381 697 1550 760 licentiam
1565 699 1625 761 tibi
1641 716 1763 763 conce-

160 796 321 857 Ecclesiae
345 798 503 858 Romanae
524 811 597 873 quae
622 795 658 859 in
681 795 811 856 Christo
837 797 917 856 iesu
972 794 1050 854 dere
1085 793 1309 869 dignaremur.
1336 795 1405 855 Nos
1441 795 1545 871 igitur
1575 798 1642 858 tuis
1662 798 1764 876 justis

120 909 182 971 per
195 892 412 968 Evangelium
429 909 489 954 ves
509 893 659 955 noscitur
672 893 841 968 genuisse,
857 907 917 968 pro
972 889 1127 967 precibus
1143 890 1304 963 inclinati,
1320 891 1348 951 si
1359 893 1541 967 praemissis
1553 895 1677 956 veritas
1693 895 1765 955 suf-

120 989 285 1068 peculiari
295 990 409 1068 populi
425 990 490 1052 sibi
504 1006 565 1051 vos
576 990 749 1067 proposuit
759 989 915 1059 retinere,
971 986 1132 1063 tragatur,
1149 988 1318 1050 licentiam
1333 988 1393 1050 tibi
1413 990 1625 1052 concedimus
1650 993 1765 1069 postu-

121 1087 272 1165 gaudens
282 1088 315 1149 et
325 1087 480 1149 exultans
495 1088 581 1165 quod
592 1103 653 1150 vos
669 1087 726 1165 qui
741 1087 827 1148 sicut
836 1086 919 1148 ado·
972 1084 1085 1156 latam,
1111 1083 1287 1145 dummodo
1317 1084 1351 1145 id
1380 1086 1453 1146 fleri
1493 1087 1604 1149 valeat
1641 1088 1765 1165 absque

121 1185 303 1247 lescentior
326 1185 415 1246 tilius
430 1201 568 1263 peregre
590 1185 625 1246 in
649 1185 818 1260 regionem
840 1197 918 1260 pro-
972 1183 1068 1258 gravi
1082 1183 1251 1254 scandalo,
1268 1184 1302 1244 et
1320 1183 1409 1261 jnris
1432 1185 1627 1262 praejndicio
1650 1186 1764 1247 alieni.

121 1281 201 1347 lecti
212 1282 426 1359 longinquam
444 1283 546 1343 eratis
566 1283 710 1359 peccetis
725 1281 847 1343 mortui
860 1296 917 1341 re·
973 1279 1064 1340 Nulli
1077 1295 1168 1355 ergo,
1183 1283 1259 1352 etc,
1277 1280 1363 1342 banc
1378 1282 1536 1358 paginam
1551 1286 1672 1344 nostrae
1682 1299 1765 1345 con-

122 1379 331 1450 surrexistis,
345 1381 379 1442 et
399 1378 479 1440 estis
502 1379 558 1456 qui
579 1379 756 1456 perieratis
778 1378 916 1449 inventi,
973 1377 1145 1449 cessionis,
1163 1378 1226 1438 etc.
1248 1377 1283 1438 Si
1311 1378 1386 1455 quis
1408 1380 1529 1451 autem,
1555 1381 1617 1441 etc.
1647 1381 1767 1442 Datum

121 1475 351 1539 transformati
386 1476 566 1537 secundum
604 1475 843 1538 misericordiae
867 1474 920 1535 di·
973 1475 1141 1547 Laterani,
1158 1477 1218 1537 Vll
1230 1475 1305 1537 idus
1313 1476 1474 1553 januarii,
1491 1492 1579 1539 anno
1594 1493 1694 1540 nono.

121 1573 210 1636 viuae
227 1573 371 1645 divitias,
397 1574 432 1633 iu
446 1589 529 1634 vasa
548 1574 676 1649 gratiae,
695 1573 750 1650 qui
767 1588 849 1634 vasa
868 1572 918 1632 ire

122 1670 201 1746 apta
217 1670 253 1731 in
267 1668 439 1730 interitum
454 1668 604 1732 fueratis.
622 1672 727 1741 Quum
742 1668 845 1745 igitur
859 1682 920 1728 vo-

123 1766 190 1828 cati
215 1766 290 1828 sitis
323 1766 358 1827 in
393 1765 581 1828 libertatem
609 1766 754 1827 tiliorum
791 1765 850 1826 Dei
877 1781 920 1825 ex
1325 1752 1414 1840 LIX

124 1879 226 1941 aqua,
240 1864 274 1925 et
289 1862 415 1939 Spiritu
431 1865 552 1925 Sancto
567 1863 686 1936 renati,
703 1864 736 1925 et
748 1862 805 1924 ubi
818 1861 920 1939 spiri·
1251 1907 1304 1964 Ad
1320 1909 1488 1968 eumdem·

10 1964 11 1967 ’
123 1959 178 2020 tus
190 1958 251 2019 Dei
261 1957 311 2018 est
324 1956 443 2020 debeat
454 1973 528 2019 esse
538 1957 687 2031 libertas,
705 1974 745 2019 ac
758 1957 921 2018 valdein·

124 2055 262 2131 dignum
281 2054 441 2116 existeret
462 2057 499 2117 ut
521 2055 697 2117 deterioris
720 2053 919 2116 conditionis
1251 2033 1398 2107 Ummidii
1412 2037 1491 2093 ¹²²5·

123 2151 334 2214 haberemini
346 2153 503 2214 conversi
521 2151 563 2213 ad
579 2152 687 2223 tidem,
706 2168 804 2230 quam
819 2167 918 2228 quum
1006 2154 1125 2220 [Regum
1135 2155 1233 2216 linis,
1244 2157 1319 2222 epist.
1332 2158 1385 2208 lav.
1396 2160 1587 2211 natarum
1597 2161 1632 2212 uu
1643 2162 1737 2229 rnen]

123 2249 277 2311 infide¹⁰⁸
310 2249 427 2359 ⁰⁵5⁰,OE
452 2265 552 2359 ‘Quum
593 2251 702 2326 P⁰t¹¹¹³
738 2248 919 2359 fecundum
974 2279 1108 2354 indulget
1132 2281 1158 2339 ei
1182 2289 1213 2338 ut
1231 2283 1370 2340 ecclesias
1394 2298 1410 2340 a
1436 2285 1551 2342 nemine
1570 2285 1713 2346 habitatas
1738 2290 1769 2347 iu

123 2346 542 2425 APOSifflUffldlllssesstlbUS
555 2348 781 2408 D0¹1¹11⁰m1¹¹³
794 2361 919 2422 ⁰00P0·
1023 2366 1139 2426 dioecesl
1155 2384 1206 2427 sua
1222 2370 1251 2427 in
1265 2371 1397 2429 manibus
1413 2373 1473 2430 suis
1486 2374 1609 2432 retinere
1623 2378 1722 2448 possit.

124 2446 242 2506 rentur
266 2444 302 2504 in
323 2442 445 2511 bonum
464 2459 624 2520 personas
638 2444 768 2505 vestras
783 2444 815 2504 et
830 2443 918 2504 alio·

124 2556 200 2602 rum
220 2556 302 2618 quos
324 2557 368 2601 ex
389 2541 513 2613 vestra,
536 2557 595 2602 seu
616 2541 684 2602 alia
712 2555 919 2618 quacumque

124 2639 225 2714 genta
249 2636 284 2698 in
304 2637 454 2714 partibus
473 2637 541 2699 illis
558 2639 788 2701 constitution
811 2638 920 2713 gratia

125 2734 240 2796 divina
257 2734 444 2811 contigerit,
461 2734 521 2795 sub
540 2734 629 2796 beati
653 2735 743 2797 Petri
758 2736 791 2796 et
806 2737 919 2797 nostra

1013 2505 1183 2566 Honorius
1191 2505 1377 2582 episcopus,
1389 2522 1505 2569 servus
1515 2525 1688 2572 servorum
1697 2512 1768 2584 Dei,

975 2600 1094 2662 eidem.
1348 2672 1362 2693 ,

1017 2699 1219 2775 Supplicasti
1239 2699 1345 2772 nobis,
1363 2702 1400 2763 ut
1420 2717 1495 2763 cum
1519 2704 1616 2779 gravi
1638 2720 1771 2781 preme-

974 2794 1060 2856 reris
1082 2811 1183 2856 onere
1207 2795 1405 2870 debitorum,
1431 2800 1544 2875 utpote
1566 2802 1623 2878 qui
1650 2818 1770 2878 magna
1849 2832 1852 2837 ·

976 2895 1068 2968 parte
1082 2893 1216 2954 tuorum
1228 2894 1415 2955 reddituum
1437 2896 1609 2974 luistijam
1628 2914 1689 2976 per
1702 2902 1771 2960 tres

976 3004 1081 3050 annos
1097 2989 1253 3050 continue
1269 2991 1441 3067 spoliatus,
1459 2993 1539 3053 etin
1554 2994 1692 3056 dioecesi
1712 2996 1770 3057 tua

124 2832 331 2911 protectione
351 2834 439 2905 sunt,
458 2833 640 2894 statuentes
659 2833 694 2894 ut
711 2832 746 2893 iu
767 2831 920 2895 libertate

124 2931 239 2992 vestra
261 2930 434 2991 manentes
455 2929 539 2990 uulli
562 2929 622 2990 alii
644 2929 717 2991 sitis
739 2945 837 3006 quam
857 2929 920 2990 soli

125 3027 271 3099 Christo,
292 3028 387 3104 cujus
409 3026 579 3087 efficimini
603 3026 834 3103 acquisitionis
858 3043 920 3103 po·
996 3083 1002 3096 ,
1326 3087 1331 3098 ,
1399 3087 1405 3099 ,
1468 3088 1474 3100 ,
1572 3089 1578 3102 ,
1657 3092 1662 3103 ,

125 3103 240 3203 palus:
253 3125 286 3186 et
300 3123 500 3185 obedientiae
508 3124 665 3185 Ecclesia}
677 3127 834 3185 Romanae
847 3122 922 3184 sub·
976 3084 1043 3145 svnt
1053 3084 1203 3160 quaedam
1214 3085 1364 3146 ecclesiae
1380 3088 1452 3149 satas
1465 3104 1500 3148 m
1515 3088 1597 3150 locvs
1609 3107 1695 3166 qula
1711 3107 1772 3152 ne-

121 3221 217 3300 jocii.
238 3222 331 3282 Num
357 3236 437 3297 ergo
466 3221 601 3283 omnino
624 3221 796 3282 hominum
823 3220 922 3281 liceat
976 3182 1065 3242 mine
1090 3181 1294 3254 habitantur,
1325 3183 1459 3245 tenendi
1488 3200 1546 3246 eas
1581 3187 1623 3247 ad
1652 3203 1771 3251 manus

975 3278 1061 3352 tuas,
1079 3278 1235 3355 quamdiu
1255 3279 1327 3341 loca
1346 3295 1413 3341 non
1428 3280 1665 3344 habitabuntur
1679 3301 1770 3362 prae-

977 3374 1077 3447 dicta,
1089 3375 1258 3436 licentiam
1270 3376 1332 3438 tihi
1349 3378 1532 3439 concedere
1544 3379 1770 3456 dignaremur,

978 3472 1075 3533 utsic
1094 3488 1115 3533 a
1133 3473 1293 3549 praedicto
1321 3473 1508 3539 debitorum
1532 3491 1633 3539 onere
1657 3478 1771 3540 valeas

125 3319 215 3380 banc
225 3320 380 3394 paginam
389 3319 511 3380 nostrae
521 3318 736 3396 protectionis
749 3319 783 3380 et
797 3319 922 3379 consti·

126 3416 268 3477 tutionis
291 3415 485 3491 intringere,
500 3416 555 3477 vel
580 3416 611 3476 ei
633 3431 718 3476 ausu
743 3414 921 3476 temerario

125 3512 309 3574 contraire.
345 3513 379 3573 Si
406 3513 480 3589 quis
508 3514 620 3574 autem
659 3512 722 3573 boc
758 3512 922 3574 attentare

127 3610 391 3687 praesumpserit,
407 3609 669 3683 indignationem
685 3608 921 3686 omnipotentis

127 3707 190 3768 Dei
215 3722 255 3768 ac
278 3705 450 3768 beatorum
477 3706 569 3767 Petri
592 3706 625 3767 et
653 3706 749 3767 Pauli
776 3707 921 3782 Aposto-

127 3805 238 3866 lorum
272 3806 344 3882 ejus
377 3819 413 3864 se
441 3804 573 3865 noverit
602 3803 826 3865 incursurum.
853 3805 923 3864 Da-

128 3902 199 3963 tum
223 3900 399 3972 Laterani,
432 3902 477 3962 lll
506 3916 612 3962 nonas
637 3900 805 3979 januarii,
836 3915 924 3962 anuo

128 4013 230 4060 nono.

977 3570 1157 3646 respirare.
1174 3572 1243 3645 Nos
1254 3570 1623 3646 igituruecessitatibus
1637 3576 1703 3636 tuis
1715 3576 1774 3637 de-

977 3665 1046 3728 bito
1075 3668 1315 3743 compatientes
1339 3669 1472 3741 affectu,
1507 3671 1677 3732 licentiam
1711 3672 1773 3734 tibi

979 3764 1191 3825 concedimus
1204 3766 1415 3841 postulatam,
1438 3766 1613 3829 dummodo
1636 3768 1670 3828 id
1699 3769 1773 3830 fleri

978 3861 1089 3923 valeat
1103 3860 1175 3921 sine
1185 3861 1272 3938 juris
1281 3863 1473 3939 praejudicio
1482 3864 1596 3924 alieni.
1610 3864 1771 3927 Volumus

978 3956 1153 4029 tamen,ut
1180 3957 1347 4034 praedictis
1375 3959 1527 4020 ecclesiis
1554 3961 1688 4022 interim
1714 3977 1774 4038 per

981 4054 1117 4116 idoneos
1131 4054 1276 4116 vicarios
1291 4055 1395 4116 iacias
1410 4056 1584 4128 deserviri,
1595 4073 1638 4118 ue
1652 4058 1772 4120 debitis

981 4150 1148 4229 obsequiis
1188 4151 1435 4214 defraudentur.
1461 4153 1553 4214 Nulli
1584 4169 1676 4230 ergo,
1706 4157 1768 4218 etc.

464 4219 595 4306 LVIII
983 4248 1017 4308 Si
1026 4248 1099 4325 quis
1109 4249 1231 4321 autem,
1242 4251 1304 4311 etc.
1316 4251 1435 4312 Datum
1448 4251 1616 4324 Laterani,
1629 4254 1687 4313 Vll
1697 4252 1772 4314 idus

266 4370 528 4444 Adcpiacepcm
542 4369 791 4432 Biterreasem.
977 4345 1137 4425 januarii,
1152 4361 1350 4407 ³1¹ss0110110·

405 4501 421 4557 7
437 4499 559 4571 ianuarii
575 4499 654 4557 liat.

164 4625 285 4688 [lingeret.
296 4621 341 4672 lib.
354 4622 398 4681 lx,
406 4620 481 4686 epist.
494 4622 547 4673 lat.
558 4622 747 4673 ltss.LaPorta
757 4620 792 4672 du
801 4622 895 4684 Tuan]
1346 4612 1413 4698 LX

132 4748 268 4822 indulget
279 4746 306 4803 ei
320 4754 351 4804 ut
361 4754 492 4819 quartam
502 4747 531 4803 iu
544 4744 717 4816 blado,vino
727 4746 927 4819 aliisquereci·
1081 4765 1134 4825 ,qa
1147 4762 1336 4839 mistros
1349 4763 1384 4825 et
1397 4765 1530 4838 fratres
1544 4768 1676 4828 ordines

168 4852 238 4911 pere
249 4836 353 4904 valeat,
364 4849 431 4894 cum
444 4842 527 4919 antea
539 4835 569 4892 iu
582 4835 703 4907 pecunie
718 4849 782 4908 que
796 4842 929 4893 cartones
1228 4861 1520 4923 proedaeaqorm

168 4923 365 4998 appellabatur
378 4923 527 4996 reciperet.
1288 4989 1294 5000 ,
1390 4991 1406 5003 ,,

1254 4990 1272 5048 8
1284 5004 1408 5063 Januanr
1419 4991 1499 5049 1225.

173 5067 354 5137 Honorius,
375 5068 450 5137 etc,
474 5065 658 5128 venerabili
682 5065 815 5128 fratri...
837 5067 929 5144 epis·
1067 5111 1688 5179 [naljagremswensktdiplom.,1,alo,u.aao.]

134 5180 218 5242 copo
232 5162 426 5231 Biterrensi,
441 5162 582 5225 salutem
592 5165 625 5224 et
633 5163 855 5240 apostolicam
869 5163 929 5225 be-

134 5261 370 5323 nedictionem·
983 5238 1032 5295 Eis
1047 5235 1178 5294 concedit
1196 5244 1227 5294 ut
1237 5237 1381 5310 generalis
1393 5245 1520 5310 tempore
1534 5236 1674 5295 interdicti
1690 5239 1774 5298 liceat

1018 5327 1070 5394 eis,
1085 5325 1114 5382 iu
1124 5325 1253 5383 ecclesiis
1262 5325 1333 5393 suis,
1345 5339 1401 5381 non
1410 5326 1528 5397 pulsatis
1538 5328 1696 5398 campanis,
1706 5335 1773 5400 etc,

175 5360 246 5418 Tua
261 5355 357 5417 uobis
371 5355 564 5418 fraternitas
577 5356 788 5434 supplicavit,
801 5360 838 5419 ut
852 5373 927 5419 curn
1018 5413 1114 5475 divina
1129 5412 1222 5471 olflcia
1237 5412 1390 5473 celebrare.

136 5455 255 5553 quarta
269 5451 329 5514 tibi
340 5452 449 5514 debita
465 5453 500 5513 in
515 5453 666 5514 ecclesiis
684 5455 751 5516 tuae
776 5453 928 5516 dioecesis

135 5550 172 5611 in
187 5549 340 5626 pecunia,
357 5564 430 5639 quae
443 5552 597 5612 cartones
611 5550 796 5626 vulgariter
809 5552 928 5629 appel·
1024 5547 1384 5625 Honoriusepiscopus,
1393 5561 1509 5608 servus
1522 5562 1695 5610 servorum
1702 5551 1773 5625 Dei,

136 5646 237 5719 latur,
266 5644 328 5708 tibi
356 5647 528 5710 consuevit
553 5647 716 5719 exhiberi,
746 5646 846 5725 idque
868 5647 929 5711 tibi
984 5646 1114 5708 dilectis
1142 5644 1258 5706 tiliis...
1284 5644 1444 5720 magistro
1477 5648 1511 5707 et
1533 5644 1692 5708 fratribus
1720 5663 1777 5711 or·
