3916 6204
147 376 156 387 ,
253 304 311 365 571

254 474 357 538 super
384 460 520 529 terram,
547 458 583 517 in
609 466 682 517 eam
710 446 843 515 deuenit
869 453 1047 527 insaniam,

254 558 341 636 quod
357 556 489 619 tandem
510 551 676 615 horrenda
693 552 797 613 morte
820 551 973 628 spiritum
988 565 1050 612 ex·

254 647 1050 730 halavitlldjeceruntinsuper,quodpraepositus

254 750 440 815 antedictus
450 746 723 810 addamuationis
731 760 801 805 suae
809 744 977 805 cumulum
986 743 1050 804 tra-

253 850 342 912 trum
363 846 589 908 conlessiones
605 843 735 921 publice
754 840 906 903 revelare
920 856 1050 918 praesu-

254 961 360 1016 mens,
381 944 416 1005 in
439 942 523 1004 illud
545 939 738 1004 detestabile
762 939 891 1006 vitium,
913 938 1049 1015 propter

254 1041 341 1119 quod
378 1041 429 1101 ira
463 1039 523 1101 Dei
553 1038 646 1099 venit
672 1037 708 1097 iu
733 1036 820 1096 tilios
841 1034 1047 1103 diffidentiae,

252 1139 322 1201 tam
341 1136 576 1199 miserabiliter
597 1135 648 1196 aet
673 1132 851 1209 collapsus,
875 1131 961 1209 quod
981 1147 1048 1192 non

254 1234 362 1297 solnm
374 1234 491 1295 domus
512 1233 597 1309 ipsa,
611 1246 727 1292 verum
741 1231 844 1291 etiam
866 1228 959 1304 regio
979 1227 1049 1290 lere

253 1334 322 1394 tota
331 1332 431 1408 hujus
447 1330 525 1391 uota
536 1327 685 1389 infamia
699 1326 849 1388 redditur
863 1324 1046 1387 diffamata.

254 1430 335 1491 Cum
351 1427 462 1503 igitur,
474 1425 655 1487 secundum
664 1424 870 1500 Apostolum,
888 1422 1049 1485 instantia

255 1526 370 1587 nostra
389 1523 581 1602 quotidiana
602 1521 646 1583 sit
667 1520 814 1582 omnium
829 1519 1048 1581 ecclesiarum

255 1620 446 1685 sollicitudo
458 1621 627 1691 continua,
644 1617 838 1679 discretioni
852 1617 973 1679 vestrae
989 1631 1050 1693 per

254 1718 445 1797 apostoliea
470 1717 593 1793 scripta
608 1715 815 1785 mandamus,
832 1715 995 1791 quatenus
1006 1713 1047 1774 ad

255 1815 431 1877 ecclesiam
459 1812 673 1875 memoratam
699 1810 919 1887 personaliter
946 1824 1047 1871 acce-

255 1912 381 1984 dentes,
395 1913 429 1973 et
440 1911 598 1972 habentes
611 1924 679 1986 prae
690 1906 796 1969 oculis
810 1907 916 1967 solum
932 1908 1046 1978 Deum,

255 2009 288 2073 ei
308 2010 381 2072 vice
402 2009 516 2070 nostra
530 2005 732 2068 visitationis
754 2003 899 2065 officium
914 2003 1049 2080 impen-

256 2106 353 2178 datis,
370 2105 403 2166 et
416 2103 572 2181 quicquid
586 2101 782 2163 inveneritis
800 2099 944 2161 fideliter
954 2100 1049 2162 redi-

257 2203 373 2280 gentes
398 2201 433 2264 iu
457 2200 599 2276 scriptis,
616 2198 699 2259 illud
714 2196 774 2258 sub
793 2197 914 2259 restris
929 2196 1050 2273 sigillis

256 2299 299 2360 ad
314 2298 461 2359 nostram
474 2293 937 2372 praesentiamtransmittetis,
948 2295 984 2355 ut
992 2309 1051 2369 per

255 2395 402 2458 vostram
429 2392 626 2453 relationem
650 2390 805 2453 instructi
836 2389 986 2451 securius
1013 2389 1049 2450 in

255 2491 329 2568 ipso
370 2489 503 2564 negotio
546 2486 780 2564 procedamus.
813 2486 1048 2549 contradicto-

256 2603 323 2659 res,
335 2588 399 2648 etc.
415 2585 507 2658 Quod
520 2585 549 2645 si
559 2600 626 2647 non
638 2599 764 2656 omnes,
778 2583 840 2645 etc.
849 2583 969 2645 Datum
984 2585 1051 2645 La-

256 2683 376 2757 terani,
393 2684 439 2744 111
453 2681 533 2743 idus
540 2680 665 2754 martii,
679 2696 767 2743 anno
780 2681 908 2743 octavo.

608 2981 704 3068 dlx

363 3138 415 3198 Ad
428 3133 633 3208 Leopoldum
645 3135 766 3193 ducem
782 3133 941 3193 Auslrtcc.

536 3261 570 3320 13
584 3261 677 3318 martii
693 3260 772 3319 llll.

422 3385 512 3448 [Fciam
525 3382 586 3435 ch.
600 3382 719 3447 diplom..
734 3382 887 3448 11111111]

258 3515 332 3572 Eum
343 3515 427 3583 rogat
436 3515 468 3566 ut
477 3508 574 3566 Belem
584 3521 684 3581 regem
695 3505 730 3564 ad
742 3506 863 3564 Andron
875 3507 953 3581 rogis
964 3507 1052 3580 patris

340 3598 385 3656 eui
397 3596 578 3655 devotionem
593 3603 621 3653 et
635 3596 824 3652 reverentiam
842 3600 968 3652 moneat.

299 3733 465 3796 Honorius
493 3731 685 3808 episcopm,
712 3730 790 3802 etc„
826 3728 947 3792 dilecto
982 3730 1052 3792 tilio

258 3831 364 3897 nobili
377 3831 461 3903 viro,
478 3827 554 3889 duci
575 3827 727 3900 lustriae,
749 3827 900 3897 salutem,
914 3829 975 3890 etc.

301 3930 355 3991 Sic
381 3926 504 3991 habere
527 3927 560 3989 te
584 3924 751 3986 credimus
773 3924 926 3986 timorem
948 3924 1053 3986 divini

259 4025 404 4089 nominis
429 4024 462 4085 et
482 4036 640 4090 amorem,
656 4021 693 4082 ut
707 4036 780 4098 quae
801 4020 941 4083 honesta
964 4025 1051 4094 sunt,

259 4122 381 4197 diligas
396 4121 429 4182 et
444 4119 620 4181 inhonesta
635 4117 710 4179 odio
726 4116 850 4178 babeas
860 4118 894 4179 et
914 4117 1050 4180 devites.

259 4217 478 4281 Fiducialiter
499 4215 611 4292 itaqua
631 4214 836 4276 nobilitatem
849 4217 940 4276 tuam
954 4230 1054 4291 roga-

260 4332 334 4378 mus
350 4317 383 4377 et
397 4313 570 4375 hortamur
583 4312 718 4383 attente,
733 4313 897 4389 quatenus
914 4313 1053 4374 carissi-

259 4429 349 4475 mum
369 4412 404 4473 in
420 4410 550 4472 Christo
570 4408 675 4469 fllium
693 4411 852 4481 nostrum,
868 4409 982 4491 Belem
999 4426 1056 4471 re-

260 4526 346 4588 gem,
363 4510 477 4573 natum
490 4507 656 4569 carissimi
669 4507 705 4569 in
716 4506 848 4568 Christo
863 4506 923 4567 lilii
935 4509 1052 4581 nostri,

874 295 1051 357 HONORII
1072 297 1118 357 111
1139 297 1287 359 OPERA.

1194 634 1246 696 Ad
1266 636 1457 697 Hernicum
1471 651 1590 713 regem
1601 640 1785 714 duplorum.

1386 764 1609 824 ltmertilmt.

1321 886 1435 954 [ltymcn
1444 889 1557 948 Fundere,
1568 890 1587 949 l,
1596 904 1615 949 1,
1625 889 1677 956 ta]

1102 1008 1136 1065 Ei
1151 1010 1281 1084 suggerit
1295 1018 1324 1069 et
1340 1013 1463 1071 consulit
1476 1012 1551 1071 bone
1571 1013 1626 1072 lide
1648 1023 1676 1073 ut
1694 1015 1857 1089 prudentae

1285 1098 1388 1158 babeat
1400 1115 1470 1175 erga
1485 1116 1554 1160 suos
1566 1103 1710 1162 vassalos.

1143 1224 1311 1287 Honorius
1319 1226 1507 1305 episcopus,
1518 1244 1633 1291 servus
1642 1234 1856 1305 servorumbei,

1103 1319 1276 1384 carissimo
1309 1322 1345 1383 111
1376 1322 1505 1386 Christo
1537 1324 1607 1386 lilio
1634 1327 1784 1396 ilenrico,
1805 1328 1859 1404 regi

1103 1416 1284 1493 auglorum
1299 1419 1435 1494 illustri,
1453 1421 1607 1494 salutem,
1622 1425 1684 1485 etc.

1143 1516 1331 1579 (laudemus
1344 1517 1381 1578 in
1395 1519 1545 1592 Domino,
1565 1522 1600 1582 ct
1616 1520 1649 1583 ei
1662 1521 1797 1583 actiones
1811 1536 1858 1583 er·

1103 1611 1262 1673 solvimus
1284 1615 1479 1689 gratiarum,
1497 1617 1584 1693 quod
1605 1617 1693 1680 sicut
1704 1618 1803 1680 dilecti
1815 1619 1860 1679 lllii

1102 1709 1262 1784 magister
1276 1711 1462 1788 Stephanus
1484 1713 1525 1774 de
1546 1715 1646 1775 Lucis
1661 1717 1694 1775 et
1707 1714 1812 1775 nobilis
1822 1715 1859 1777 111

1105 1808 1142 1865 G.
1156 1805 1198 1866 de
1212 1807 1383 1868 Cracumb.
1402 1810 1511 1871 nuntii
1527 1810 1589 1881 tui,
1605 1811 1672 1872 riri
1686 1812 1789 1888 utique
1802 1827 1860 1888 pro·

1103 1901 1172 1963 vidi
1199 1904 1232 1966 et
1254 1903 1381 1978 ddeles,
1403 1905 1501 1967 nobis
1527 1909 1561 1969 et
1584 1906 1741 1970 iratribus
1766 1908 1859 1969 nostris

1103 2014 1184 2060 voce
1212 2016 1357 2063 consona
1389 2004 1590 2077 retulerunt,
1621 2006 1654 2067 te
1680 2006 1714 2066 in
1739 2005 1859 2066 omnibu

1104 2095 1315 2159 laudabiliter
1336 2101 1436 2175 geris,
1458 2102 1505 2162 ita
1527 2104 1565 2163 ut
1586 2101 1649 2163 llos
1664 2098 1860 2164 adolescentie

1102 2192 1169 2255 tuae
1190 2195 1302 2270 gratos
1321 2198 1355 2258 et
1372 2197 1592 2274 acceptabiles
1613 2199 1737 2261 fructus
1755 2197 1860 2260 indubi-

1104 2293 1214 2352 tanter
1226 2292 1418 2369 promittere
1431 2295 1594 2368 videatur,
1610 2312 1712 2373 super
1724 2295 1860 2373 queunte

1104 2388 1258 2465 ampliori
1291 2389 1464 2454 alacritate
1496 2392 1740 2469 perfundimur,
1768 2392 1861 2469 quanto

1104 2500 1280 2561 personam
1293 2488 1385 2549 tuam
1399 2491 1433 2551 et
1446 2504 1585 2565 reguum
1600 2490 1786 2552 sincerioris
1798 2486 1862 2549 cari·

1103 2582 1182 2642 tatis
1201 2580 1349 2645 brachiis
1363 2586 1606 2663 amplexamur.

1143 2678 1224 2750 Quia
1239 2696 1328 2752 vero,
1343 2681 1429 2744 sicut
1443 2681 1546 2744 iacies
1561 2684 1610 2745 ita
1626 2684 1661 2746 et
1673 2684 1771 2745 animi
1781 2679 1862 2744 homi·

1104 2790 1183 2835 num
1196 2778 1273 2838 sunt
1287 2777 1421 2851 diversi,
1432 2781 1529 2856 juata
1544 2780 1627 2841 illud
1640 2782 1802 2860 poeticum,

1139 2922 1220 2981 11110
1229 2923 1375 2982 uminum
1383 2927 1644 2997 mmmm
1653 2929 1837 2992 aueum
1923 2914 1924 2971 ἒ

1144 3011 1221 3070 Vetto
1232 3028 1316 3071 1111101
1327 3015 1426 3087 cuique
1437 3020 1487 3083 cat,
1500 3032 1549 3073 soc
1562 3022 1625 3074 octo
1640 3018 1746 3075 accur
1757 3030 1813 3073 sao.

1145 3155 1285 3233 Expedit
1305 3158 1351 3229 ut,
1368 3158 1455 3221 sicut
1474 3158 1707 3222 universorum
1727 3158 1862 3221 hominum
1922 3212 1923 3215 ,

1105 3251 1211 3328 ipsius
1245 3254 1341 3331 regni
1373 3257 1557 3319 communis
1580 3273 1619 3318 es
1643 3257 1807 3324 Dominus,
1831 3252 1863 3313 111

1105 3362 1230 3411 morem
1244 3365 1362 3427 gerere
1376 3353 1510 3415 studeas
1525 3355 1744 3417 communiter
1756 3353 1863 3415 univer·

1105 3446 1163 3519 sis,
1193 3447 1381 3511 exhibendo
1403 3455 1438 3512 te
1459 3450 1601 3527 singulis
1632 3444 1864 3514 favorabilemct

1105 3542 1301 3622 benignum
1314 3548 1347 3608 et
1359 3547 1387 3607 si
1400 3548 1531 3624 quando
1543 3548 1665 3611 incidit
1674 3542 1865 3611 controversia

1105 3641 1276 3715 intereos,
1294 3659 1354 3720 pro
1371 3643 1407 3705 ut
1422 3645 1458 3705 in
1475 3646 1568 3707 tanta
1583 3645 1788 3709 multitudine
1799 3638 1865 3702 acci-

1106 3737 1185 3798 dere
1211 3740 1393 3813 consuevit,
1421 3757 1488 3802 non
1513 3741 1685 3805 declinare
1712 3743 1746 3804 in
1769 3740 1865 3819 partem

1106 3834 1312 3910 alterutram,
1329 3836 1386 3899 sed
1399 3839 1572 3916 utramque
1590 3840 1664 3916 pari
1681 3838 1802 3909 affectu,
1813 3829 1866 3912 pari

1107 3932 1294 4010 diligentia,
1321 3934 1394 4011 pari
1422 3934 1531 3997 studio
1558 3937 1742 4013 corrigere,
1766 3943 1865 4008 regem

1106 4029 1308 4106 gubernare;
1322 4030 1369 4092 ita
1383 4031 1420 4094 ut
1433 4047 1548 4093 aarum
1561 4033 1714 4109 quilibet,
1731 4033 1762 4092 in
1774 4031 1803 4092 te
1814 4040 1867 4088 rec-
1919 4060 1920 4079 ,

1107 4127 1280 4189 titudinem
1302 4128 1403 4203 regiae
1426 4128 1600 4205 dignitatis
1618 4144 1807 4206 agnoscens,
1820 4136 1867 4185 1101

1107 4225 1231 4286 metuat
1253 4225 1288 4285 in
1313 4225 1390 4285 sinu
1409 4225 1467 4287 tuo
1490 4241 1613 4302 ponere
1636 4242 1768 4289 causam
1787 4233 1866 4285 suam,

1108 4320 1165 4382 sed
1184 4321 1224 4382 de
1243 4321 1286 4393 te,
1306 4321 1392 4383 sicut
1406 4321 1513 4383 fidelis
1527 4322 1682 4384 vassalus
1699 4323 1739 4384 de
1755 4318 1868 4391 benign
1918 4316 1919 4347 ¹

1108 4417 1259 4486 Domino,
1273 4419 1307 4480 et
1321 4418 1407 4481 sicut
1420 4418 1557 4481 humilis
1572 4419 1663 4481 filius
1676 4420 1716 4481 de
1727 4419 1778 4496 pio
1788 4414 1866 4493 patre,

1108 4514 1270 4576 considat.

259 4610 400 4673 andrea
423 4605 563 4668 illustris
580 4603 668 4681 renis
686 4604 877 4680 uulgaria,
894 4603 935 4664 ad
950 4605 1054 4681 ratris
1150 4614 1316 4687 Rogamus
1346 4610 1448 4687 igitur
1471 4613 1539 4674 tue
1564 4612 1755 4674 samninus
1777 4605 1868 4670 ulle

259 4706 313 4768 sui
327 4705 546 4774 devotionem,
557 4704 591 4763 et
601 4700 822 4785 reuerentiam
833 4716 1054 4778 moneaspro-
1108 4708 1219 4780 triam,
1230 4710 1392 4785 quatenus
1404 4707 1476 4769 baec
1491 4708 1618 4770 scribas
1633 4710 1669 4770 in
1683 4707 1798 4773 tabulis
1811 4714 1868 4763 cor·

259 4803 396 4882 pensius
417 4803 451 4864 et
468 4799 628 4872 inducas3
645 4814 742 4875 quem
757 4797 858 4859 etiam
879 4798 1055 4861 sollicitius
1109 4805 1160 4866 dis
1180 4804 1241 4876 tui,
1259 4805 1291 4867 et
1305 4820 1470 4881 reponens
1493 4805 1528 4866 lu
1549 4806 1616 4867 tuac
1630 4805 1750 4867 mentis
1764 4809 1867 4863 1100111,

260 4899 459 4971 exhorteris,
473 4899 508 4957 ut
520 4894 779 4957 familiaritatem
790 4893 914 4957 devitet
927 4911 1053 4969 eorum,
1110 4901 1292 4979 producas,
1319 4917 1394 4963 cum
1417 4916 1501 4979 opus
1529 4901 1645 4974 luerit,
1673 4903 1710 4963 in
1737 4898 1868 4962 ellectum

260 4997 319 5077 qui
342 4996 428 5059 inter
449 4994 558 5071 ipsum
581 4993 614 5052 et
637 4991 874 5067 patrensium
890 4994 1055 5055 seminare
1110 5014 1176 5060 non
1195 4998 1392 5060 declinando
1407 4998 1442 5059 iu
1458 5001 1584 5076 partem
1602 4999 1764 5077 aliquam3
1778 4991 1826 5056 sod
1839 4990 1868 5055 te.

261 5093 473 5163 discordiam,
486 5091 518 5151 et
529 5089 570 5150 ad
580 5088 667 5152 bona
677 5088 801 5150 vellent
814 5088 925 5154 aliena
939 5093 1056 5153 exten·
1110 5096 1196 5157 sicut
1229 5111 1342 5172 regem
1379 5095 1483 5169 decet,
1515 5110 1724 5157 communem
1751 5086 1871 5154 0111111111

261 5192 340 5256 dere
354 5205 473 5253 manus
497 5203 593 5260 suas;
610 5187 657 5248 ita
672 5186 759 5263 quod
779 5202 840 5248 nos
854 5187 895 5248 de
909 5187 1056 5251 bonitate
1110 5192 1308 5265 exhibendo,
1325 5195 1359 5254 et
1376 5193 1452 5255 tuas
1473 5193 1573 5255 etiam
1595 5182 1871 5254 dissimulandum·

260 5289 383 5353 indolis
397 5303 467 5349 suae
482 5284 577 5357 certi,
591 5284 632 5345 ad
646 5284 783 5345 honoris
799 5285 832 5345 et
844 5285 1056 5348 exaltationis
1106 5291 1227 5369 jurias,
1237 5306 1311 5352 cum
1321 5290 1480 5367 expedire
1489 5289 1655 5352 ridebitur
1663 5304 1735 5367 pro,
1745 5277 1871 5349 0011111111

261 5391 335 5466 ejus
350 5385 563 5463 augmentum
588 5397 719 5460 semper
741 5381 912 5445 intendere
935 5384 1054 5447 valea·
1110 5388 1274 5450 evitando.
1291 5386 1376 5448 Illud
1395 5388 1506 5449 autem
1529 5386 1727 5449 nominatim
1744 5386 1872 5448 1110111

262 5499 346 5545 mus.
363 5483 480 5545 Datum
495 5479 663 5552 Laterani,
679 5481 725 5540 111
740 5478 814 5541 idus
829 5480 952 5551 martii,
968 5497 1055 5561 pon·
1110 5485 1257 5563 gerimus
1270 5483 1460 5546 celsitudini
1472 5485 1505 5549 et
1515 5483 1720 5546 consulimus
1730 5471 1871 5542 bonafide,

261 5578 407 5643 tilicatus
421 5577 528 5639 nostri
544 5592 631 5638 anno
647 5578 774 5637 octavo.
1111 5584 1148 5644 ut
1160 5596 1233 5643 cum
1244 5580 1398 5643 vassallis
1408 5580 1475 5642 tuis
1488 5595 1553 5641 non
1564 5594 1668 5656 ponas
1683 5578 1744 5639 hoc
1755 5578 1872 5647 tempore
