3916 6204
202 236 263 296 515
815 235 989 297 HONORII
1011 234 1054 295 111
1076 235 1225 297 OPERA.
1788 230 1840 294 516
1939 238 1940 329 l

202 394 367 457 universis
385 393 507 455 Christi
523 393 674 454 fidelibus
692 408 751 470 per
767 407 906 469 regnum
922 397 992 455 Da·
1048 394 1259 465 curaverunt,
1293 391 1343 453 eis
1375 391 1465 453 inter
1493 388 1560 450 alia
1584 390 1840 467 exponentibus,

201 493 263 555 ciae
278 490 476 563 constitutis,
492 490 632 552 salutem
647 491 680 551 et
693 490 916 566 apostolicam
931 490 992 552 be-
1048 490 1135 567 quod
1156 492 1248 552 tauta
1268 489 1303 549 in
1327 488 1391 551 isto
1410 487 1519 564 gratia
1538 486 1661 549 diriuae
1682 486 1841 548 benedic·

201 588 435 651 nedictionem.
1047 588 1148 649 tionis
1159 586 1295 659 effulsit,
1309 586 1426 663 utejus
1437 584 1606 660 suffragiis
1616 584 1743 661 leprosi
1754 601 1842 645 mun·
1939 586 1940 665 l

241 685 460 747 sacrosancta
474 683 623 745 Ecclesia
640 684 754 745 divina
768 684 842 745 luce
857 684 993 763 perfusa
1047 686 1177 757 dentur,
1200 686 1361 745 sanentur
1375 683 1504 759 aegroti,
1521 682 1706 743 liberentur
1720 681 1842 744 daemo-
1939 736 1940 743 ,

199 799 260 861 per
280 782 392 844 orbem
417 785 581 843 terrarum
605 781 704 857 louge
726 782 858 860 lateque
879 781 992 842 radios
1047 782 1148 853 uisci,
1171 780 1342 859 aperiatur
1365 780 1480 856 lingua
1499 780 1678 851 mutorum,
1700 780 1735 841 et
1756 778 1839 856 quod

199 896 269 941 suae
293 879 526 941 illustrationis
549 879 679 951 emittit,
704 878 783 939 dum
806 879 842 939 iu
867 877 992 940 sanctis
1047 880 1097 941 est
1113 877 1313 948 mirabilius,
1332 879 1402 953 jam
1421 876 1509 936 idem
1529 875 1573 936 sit
1590 875 1740 953 plurium
1754 891 1841 936 mor-

199 977 269 1037 suis
301 975 466 1037 mirabilis
502 976 661 1037 Dominus
699 975 803 1037 vitam
843 977 991 1037 sanctam
1046 976 1178 1036 tuorum
1191 974 1355 1035 almificus
1369 973 1559 1035 suscitator.

198 1089 324 1144 eorum,
342 1074 398 1150 qui
413 1073 662 1134 seminaverunt
684 1072 719 1132 in
738 1072 907 1149 lacrymis,
924 1072 991 1133 mi·
1086 1072 1236 1133 Gaudeat
1249 1070 1361 1148 itaque
1380 1071 1485 1131 mater
1499 1069 1661 1139 Ecclesia,
1678 1068 1769 1145 quod
1781 1084 1841 1131 cm

196 1170 387 1232 raculorum
402 1170 526 1231 virtute
545 1169 729 1241 confirmat,
746 1169 917 1246 signisque
937 1185 992 1229 se-
1045 1167 1140 1229 lestis
1154 1167 1337 1229 lubricatur
1345 1166 1543 1238 Jerusalem,
1556 1165 1694 1243 superni
1707 1165 1840 1229 aedidcii

198 1266 375 1344 queminus
390 1267 525 1337 indicat,
543 1266 628 1341 quod
642 1266 691 1325 eis
706 1265 916 1341 splendorem
931 1280 991 1343 pro
1045 1266 1212 1326 structure
1224 1264 1406 1340 consurgit,
1420 1279 1507 1325 nova
1519 1263 1554 1323 in
1569 1262 1693 1340 templo
1707 1263 1769 1325 Dei
1780 1279 1840 1326 co-

196 1364 325 1425 meritis
335 1362 451 1425 tribuit
461 1363 710 1439 sempiternum,
725 1363 904 1424 ostendens
916 1362 992 1425 the-
1046 1361 1159 1422 lumna
1173 1362 1333 1438 erigetur,
1355 1375 1542 1439 novumque
1562 1361 1722 1439 produxit
1737 1361 1840 1423 mise·

197 1461 288 1521 sauri
299 1461 351 1520 sui
362 1459 496 1521 divitias
509 1460 544 1520 in
557 1474 638 1521 vasa
651 1460 900 1532 misericordiae,
917 1463 991 1537 jus·
1045 1459 1190 1521 ricordia
1209 1459 1341 1520 Domini
1357 1457 1486 1531 florem,
1503 1473 1600 1535 quem
1615 1456 1746 1519 coelesti
1764 1474 1839 1519 rore

195 1556 351 1618 titlcando
391 1557 655 1632 praedestinatos,
704 1558 737 1619 et
771 1556 989 1633 glorificando
1046 1556 1180 1618 uberius
1204 1556 1380 1632 irrigatum
1409 1557 1494 1616 mira
1518 1556 1552 1616 et
1573 1555 1669 1616 erravi
1690 1554 1839 1617 ubertate

193 1656 313 1732 justos,
330 1669 413 1731 quos
428 1653 468 1715 ad
484 1653 625 1729 gloriam
642 1654 855 1731 praeparavit.
1044 1651 1212 1714 fructuum
1226 1652 1439 1715 ioecundavit.
1451 1652 1574 1714 Laetari
1587 1667 1719 1729 quoque
1733 1653 1838 1729 patris

234 1750 600 1827 Cumergojamdudum
613 1751 989 1813 sanctaerecordatieuis
1045 1751 1155 1812 vestra
1175 1749 1282 1823 debet,
1305 1751 1338 1811 et
1353 1766 1428 1811 cum
1443 1749 1653 1827 jncunditate
1666 1750 1705 1809 in
1725 1749 1838 1811 laudes

194 1846 382 1909 Willelmus
410 1846 514 1908 abbas
546 1848 740 1910 monasterii
780 1850 813 1909 S.
841 1847 987 1919 Thomae,
1044 1862 1221 1922 assurgere
1237 1847 1397 1919 Creatori,
1417 1846 1503 1923 quod
1519 1846 1611 1908 tanto
1626 1847 1679 1908 est
1692 1845 1838 1908 exaltata

194 1944 280 2022 quod
303 1944 426 2006 dicitur
440 1945 475 2005 in
490 1945 669 2015 Paraclito‚
691 1947 724 2007 et
743 1945 829 2021 quod
847 1944 990 2022 quodam
1045 1949 1197 2021 patrono,
1209 1945 1376 2021 talemque
1391 1944 1477 2021 apud
1489 1946 1592 2005 Deum
1605 1943 1731 2004 meruit
1741 1944 1838 2005 inter·

193 2041 284 2103 felici
296 2041 472 2119 praesagio,
488 2041 678 2118 hujusmodi
690 2042 823 2104 videtur
834 2042 990 2103 sortitum
1046 2056 1211 2103 cessorem
1239 2041 1363 2102 babere
1399 2056 1459 2118 per
1484 2056 1581 2117 quem
1613 2040 1760 2101 nominis
1788 2040 1836 2101 sui

191 2138 390 2200 vocabulum
413 2154 456 2199 ex
472 2141 604 2210 eventu,
629 2155 730 2216 quum
751 2155 830 2201 vere
852 2139 990 2216 spiritus
1045 2138 1133 2199 lama
1155 2138 1192 2200 ut
1214 2137 1367 2210 celebris,
1392 2137 1558 2215 latiusque
1576 2137 1786 2208 diffunditur,
1807 2138 1837 2199 et

192 2236 351 2298 Paracliti
376 2235 498 2296 donum
522 2234 634 2308 tuerit,
661 2252 725 2313 quo
747 2236 834 2298 idem
856 2236 990 2298 Domini
1044 2251 1104 2312 per
1127 2237 1223 2312 quus
1251 2234 1448 2310 suffragium
1484 2250 1548 2311 quo
1571 2234 1675 2295 vicini
1710 2233 1837 2295 babitu·

192 2332 334 2393 samnius
350 2333 435 2394 stola
452 2331 668 2394 beatitudinis
683 2334 734 2394 est
753 2333 899 2405 indutus,
916 2334 991 2409 post
1045 2335 1134 2396 tores
1154 2333 1206 2392 sui
1230 2333 1369 2409 possunt
1392 2330 1524 2392 facilius
1547 2331 1683 2392 veniam
1706 2346 1836 2407 prome·

191 2430 331 2491 mortem
347 2432 443 2505 cujus
458 2429 668 2505 dispendium
684 2430 766 2491 tides
787 2431 907 2492 devota
921 2446 989 2491 non
1044 2430 1122 2490 reri.
1139 2430 1258 2491 cantet
1271 2430 1448 2505 propterea
1461 2444 1584 2490 novum
1598 2428 1739 2490 Domino
1755 2444 1832 2489 can-

190 2526 325 2602 patitur,
342 2526 439 2587 domo
454 2526 544 2587 lutea
560 2527 596 2587 iu
611 2527 746 2589 coeleste
760 2526 988 2589 babitaculum
1043 2528 1145 2588 ticum
1162 2527 1304 2588 ecclesia
1323 2526 1436 2588 Sancti
1449 2525 1583 2587 Tbomae
1599 2525 1639 2586 de
1658 2526 1830 2597 Paraclito,

191 2623 405 2684 commutata.
422 2623 502 2694 Quis
517 2624 606 2685 esset
619 2624 787 2701 apparuit,
804 2624 886 2686 etin
900 2640 989 2701 prae-
1043 2640 1117 2700 quae
1127 2623 1303 2700 splendore
1318 2623 1396 2684 novi
1412 2622 1549 2684 luminis
1567 2622 1770 2684 contessoris
1783 2622 1832 2699 ip·

191 2720 295 2781 mium
324 2720 436 2780 meriti
460 2721 691 2797 praecedentis,
716 2722 794 2798 quia
818 2721 930 2783 lumen
952 2721 987 2781 in
1043 2721 1123 2790 sius,
1134 2721 1375 2798 requiescentis
1384 2719 1516 2792 ibidem,
1529 2719 1669 2797 pulchra
1680 2720 1766 2781 lacta
1776 2722 1830 2791 est,

191 2816 340 2880 tenebris
358 2816 464 2879 latere
487 2833 555 2879 non
575 2820 716 2893 poterat,
739 2834 846 2896 neque
869 2818 988 2879 civitas
1043 2820 1076 2880 et
1096 2818 1252 2895 apparuit
1272 2817 1434 2893 speciosa.
1457 2818 1557 2878 Decet
1576 2816 1677 2878 etiam
1700 2818 1830 2878 matrem

192 2914 301 2991 posita
311 2929 412 2989 supra
424 2915 568 2975 montem
579 2913 749 2986 abscondi,
764 2915 879 2977 multis
889 2914 989 2992 coepit
1043 2916 1237 2985 Ecclesiam,
1268 2915 1309 2975 ab
1333 2914 1425 2975 illius
1450 2913 1616 2987 laudibus,
1641 2929 1739 2991 quern
1761 2915 1831 2976 vita

193 3026 370 3073 coruscare
385 3012 568 3082 miraculis,
581 3014 763 3073 utsanctus
776 3012 818 3073 ab
834 3011 988 3074 omnibus
1043 3012 1247 3075 beatitudine
1273 3012 1443 3088 signisque
1471 3027 1512 3072 ac
1535 3012 1711 3072 miraculis
1733 3011 1832 3072 beati·

192 3108 384 3170 haberetur.
399 3110 567 3185 Expositis
578 3110 685 3181 nobis,
700 3110 789 3178 vitre,
804 3111 989 3172 etconver-
1044 3111 1142 3171 ficum
1153 3110 1236 3171 adeo
1245 3125 1319 3171 esse
1329 3110 1458 3171 constat
1468 3110 1503 3170 in
1513 3109 1620 3185 gloria
1629 3125 1697 3170 non
1705 3124 1830 3179 vacare,

193 3207 333 3268 sationis
348 3206 465 3282 ipsius,
482 3208 516 3268 et
530 3223 603 3283 quae
617 3207 775 3268 Dominus
789 3207 990 3284 operabatur
1042 3207 1100 3269 sed
1113 3208 1144 3270 ei
1158 3209 1267 3284 potius
1282 3205 1428 3268 debitum
1439 3206 1599 3268 honorem
1612 3206 1785 3269 exsolvere
1795 3222 1830 3267 ac

194 3320 255 3381 per
277 3320 364 3375 eum,
385 3303 623 3364 miraculorum
648 3304 816 3380 insigniis,
833 3320 907 3365 cum
929 3305 989 3365 de-
1042 3306 1128 3367 votis
1156 3303 1349 3381 impendere
1376 3305 1596 3364 sacramenta.
1625 3306 1736 3375 Quare
1763 3318 1828 3375 nos,

194 3398 263 3461 bita
280 3399 343 3460 suit
356 3399 632 3460 avenerabilibus
647 3399 806 3462 tratribus
823 3400 988 3478 quondam
1042 3401 1161 3479 quibus
1174 3401 1253 3463 licet
1264 3401 1439 3462 immeritis
1449 3401 1617 3462 eDomiuo
1628 3402 1681 3462 est
1690 3400 1829 3462 Ecclesia

194 3496 363 3557 Lundensi
391 3495 654 3572 archiepiscopo,
688 3497 722 3559 et
748 3497 923 3559 Absolensi
956 3501 989 3561 et
1042 3498 1256 3574 gubernanda
1277 3498 1464 3570 commissa,
1479 3498 1671 3574 supervita,
1690 3497 1831 3569 iama,et

196 3592 364 3669 Scariensi
382 3591 559 3668 episcopis,
585 3588 745 3655 instantia
771 3593 986 3670 publicatum,
1044 3595 1213 3657 miraculis
1228 3594 1358 3671 praefati
1372 3594 1437 3656 viri
1450 3593 1585 3665 domini,
1603 3610 1664 3670 per
1678 3595 1829 3656 dilectum

194 3688 335 3766 etquis
360 3704 426 3749 non
448 3690 531 3757 erat,
554 3690 640 3766 quod
660 3691 754 3752 tanto
773 3691 990 3753 nuntiabatur
1042 3694 1192 3754 nostrum
1207 3695 1244 3753 G.
1264 3692 1376 3754 Sancti
1392 3691 1558 3752 Theodori
1571 3690 1750 3753 diaconum
1762 3707 1830 3752 car-

195 3786 320 3847 indicio
355 3785 600 3862 negligendum,
642 3789 675 3849 et
715 3789 988 3850 canonizaremus
1043 3789 1199 3861 dinalem,
1216 3789 1271 3866 qui
1286 3788 1464 3864 legationis
1477 3786 1624 3849 cilicium
1635 3789 1672 3849 in
1685 3788 1829 3865 partibus

195 3882 358 3953 eumdem,
386 3882 420 3943 et
449 3884 639 3943 sanctorum
659 3884 874 3945 anuurmerari
895 3887 989 3945 cata-
1042 3886 1111 3946 illis
1126 3886 1288 3955 exercuit,
1304 3886 1464 3948 certiores
1486 3885 1608 3959 effecti,
1629 3900 1672 3946 ne
1686 3885 1830 3948 vellavi·

195 3979 271 4055 logo
286 3979 483 4040 laceremus.
629 4016 634 4025 ·
1042 3983 1198 4044 deremur
1220 3982 1306 4060 quod
1330 3983 1449 4044 lateret
1473 3983 1611 4043 lucerna
1631 3982 1694 4043 snb
1714 3983 1827 4054 modio,

236 4075 320 4147 Quia
340 4091 419 4137 vero
441 4076 620 4152 aliquando
645 4078 763 4139 vitium
792 4077 853 4139 sub
877 4079 988 4155 specie
1042 4097 1116 4159 quae
1131 4095 1232 4157 supra
1247 4078 1484 4141 candelabrum
1505 4094 1579 4141 esse
1597 4078 1705 4152 debet,
1725 4081 1830 4157 sicque

194 4171 354 4234 virtutum
378 4173 506 4234 occulte
529 4173 751 4245 subintrabat
766 4176 904 4251 angelus
921 4179 987 4237 Sa·
1042 4177 1206 4239 inutiliter
1220 4177 1343 4238 Christi
1358 4191 1507 4237 essemus
1519 4177 1651 4249 vicarii,
1667 4177 1697 4238 si
1713 4193 1779 4238 non
1789 4175 1830 4237 ta·

194 4271 284 4332 tanae
303 4285 390 4346 saepe
410 4284 446 4330 se
469 4269 503 4329 in
528 4269 613 4330 lucis
640 4271 797 4347 angelum
831 4274 986 4335 slmulate
1043 4291 1203 4345 caremus,
1241 4276 1278 4336 ut
1310 4275 1552 4335 venerarentur
1583 4273 1711 4347 fideles,
1740 4274 1827 4336 illum

195 4365 422 4437 transformat,
433 4367 473 4428 de
483 4367 632 4443 praedicti
642 4368 756 4430 ramuli
765 4370 896 4431 Domini
905 4371 986 4443 vita,
1043 4387 1140 4449 quem
1155 4372 1345 4432 sanctorum
1368 4370 1525 4448 splendor
1548 4371 1709 4432 Dominus
1733 4372 1780 4433 tot
1799 4370 1828 4431 et

195 4462 296 4534 fama,
312 4464 345 4525 et
359 4464 529 4524 miraculis
542 4480 601 4541 per
615 4466 809 4542 praedictum
823 4467 987 4545 quondam
1042 4470 1144 4531 tantis
1160 4469 1339 4543 fulgentem
1357 4468 1530 4529 miraculis
1544 4467 1711 4529 ineffabili
1725 4469 1829 4544 dispo-

195 4562 405 4623 Lundensem
455 4562 753 4639 archiepiscopum,
799 4564 989 4642 approbatae
1043 4567 1109 4628 suit
1136 4566 1344 4643 providentia
1381 4564 1620 4637 venerandum,
1655 4566 1764 4643 ipsum
1792 4563 1827 4623 de

194 4660 273 4720 vitae
292 4658 412 4729 virum,
428 4658 618 4720 timoratum
637 4662 671 4722 et
683 4661 821 4737 justum,
844 4661 898 4722 cui
913 4678 986 4722 me·
1043 4662 1181 4724 tlatrum
1192 4665 1380 4724 nostrorum
1390 4664 1425 4723 et
1434 4662 1612 4724 multorum
1621 4663 1827 4738 praelatomn

194 4757 260 4817 rito
275 4758 347 4817 erat
364 4771 465 4832 super
481 4755 544 4817 boc
563 4755 858 4829 adhibendattdes‚
876 4774 915 4820 ac
929 4774 989 4835 per
1042 4760 1129 4836 apud
1164 4760 1281 4821 Sedem
1312 4759 1536 4835 apostolicam
1569 4760 1824 4827 consistentium,

195 4849 419 4913 venerabilem
443 4849 579 4933 tratrem
601 4852 750 4913 nostrum
771 4854 809 4913 R.
831 4852 987 4914 Roscbil-
1042 4857 1311 4919 canonizavimus
1331 4855 1482 4927 consilio,
1498 4856 1531 4917 et
1549 4856 1741 4917 sanctorum
1761 4858 1825 4916 sta·

195 4947 332 5008 densem
350 4946 551 5022 episcopum,
571 4947 604 5008 et
624 4946 780 5009 dilectum
801 4948 905 5010 illium
927 4950 989 5011 ab·
1041 4954 1164 5015 tuimus
1180 4954 1332 5029 catalogo
1347 4952 1614 5013 adscribendum.

193 5043 304 5119 batem
318 5044 359 5104 de
380 5043 510 5104 Ervado
528 5043 759 5106 Cisterciensis
779 5046 918 5119 ordinis,
934 5048 989 5109 in·
1081 5051 1242 5123 Quocirca
1258 5048 1469 5111 universitati
1482 5049 1604 5111 vestrae
1618 5065 1680 5125 per
1695 5048 1826 5125 Aposto-

150 5209 153 5213 ,
195 5141 282 5220 quiri
300 5139 529 5201 mandavimus
551 5140 739 5216 diligenter,
763 5143 820 5221 qui
843 5143 884 5205 de
904 5146 984 5218 vita,
1041 5147 1106 5207 lica
1117 5147 1240 5223 scripta
1253 5147 1460 5219 mandamus,
1473 5147 1638 5223 quatenus
1648 5144 1826 5207 scilicetat·

194 5239 228 5301 et
239 5237 327 5300 lama
339 5237 433 5309 certi,
448 5253 487 5298 ac
501 5237 584 5313 ipsis
598 5240 665 5299 tam
681 5254 740 5315 per
752 5255 798 5311 se,
814 5256 912 5317 quam
927 5258 987 5318 per
1040 5242 1823 5321 tendentes,quantumterramvestramDominus

194 5336 289 5407 alios,
307 5338 340 5396 et
353 5335 394 5397 de
408 5335 580 5395 miraculis
592 5337 659 5396 tam
674 5352 734 5411 per
746 5353 802 5398 eos
817 5339 851 5398 in
868 5338 986 5415 quibus
1041 5340 1228 5413 bonoravit,
1243 5343 1276 5403 et
1294 5340 1431 5417 speciali
1447 5339 1589 5417 quadam
1612 5338 1821 5417 praerogativa

194 5431 281 5491 facta
300 5431 439 5502 luerent,
457 5446 555 5508 quam
576 5446 637 5507 per
649 5433 750 5493 testes
770 5433 833 5494 dde
855 5434 984 5510 dignos,
1041 5431 1821 5515 decorisregnumDaciaeinsignivit,dummundo

191 5527 322 5599 juratos
336 5529 476 5590 veritate
486 5529 629 5604 cognita,
646 5531 754 5592 certos
768 5546 833 5591 non
847 5531 986 5593 reddere
1040 5535 1150 5610 posito
1163 5535 1197 5595 in
1217 5535 1375 5611 maligno,
1392 5535 1424 5596 et
1443 5533 1572 5595 malitia
1586 5531 1755 5594 hominum
1768 5542 1822 5590 ex·
