3930 6206
211 212 269 271 111
292 288 296 301 ¹

213 368 328 431 nostra
343 367 447 430 iacias
461 384 563 445 super
576 384 616 430 eo
630 368 715 445 quod
728 369 840 431 taliter
852 370 1005 433 celebra-

213 467 301 539 runt,
319 468 416 542 prout
430 466 530 528 saluti
545 466 732 527 animarum
752 482 888 529 suarum
903 468 1000 530 side-

212 563 260 624 ris
277 564 446 640 expedire,
463 564 529 623 nisi
547 564 633 625 tales
649 565 767 625 merito
787 568 922 642 propter
940 564 1003 626 boc

212 661 336 721 videris
354 661 397 721 ad
418 663 600 722 Romanam
625 661 807 723 Ecclesiam
833 662 1006 724 transmit·

210 757 339 828 tendes,
358 756 576 834 praesentinus
596 760 670 834 post
683 757 853 819 biennium
868 759 1004 820 minime

210 854 376 915 valituris.
397 856 516 917 hatum
538 856 707 922 Laterani,
723 858 751 919 V
770 855 931 917 kalendas
953 855 1005 918 le·

209 951 349 1023 braarii‚
365 950 579 1029 pontificatus
590 953 695 1014 nostri
709 968 800 1013 anno
811 966 910 1015 nono.

544 1167 667 1253 LXIX

487 1320 539 1378 ao
559 1321 727 1379 6111166111.

473 1449 508 1506 28
524 1448 648 1521 januarii
664 1448 744 1506 11111.

234 1580 354 1645 [Regest.,
365 1579 411 1631 lib.
423 1579 466 1639 lx,
477 1580 552 1645 epist.
566 1579 621 1630 203.
633 1580 689 1630 llss.
702 1580 739 1630 La
749 1580 824 1630 Parte
835 1580 869 1630 du
880 1578 975 1644 rhein]

210 1707 279 1765 Cum
302 1705 338 1763 ab
356 1705 419 1778 ipso
436 1705 570 1777 pontifice
586 1704 685 1762 luisset
699 1712 892 1774 consecratus,
909 1706 1003 1778 ipsum

245 1810 260 1851 a
276 1794 501 1851 consecrationis
520 1808 648 1862 monere,
669 1792 744 1864 qued
761 1792 887 1853 decanus
908 1802 936 1850 et
952 1808 1001 1850 oa·

245 1883 363 1954 pitulum
394 1884 575 1940 senonenses
604 1882 639 1938 ab
663 1883 805 1954 episcopis
827 1897 878 1955 per
901 1896 1004 1939 manus

246 1970 456 2044 archiepiscopi
465 1971 640 2029 senonensis
665 1971 877 2042 metropolitani
899 1982 1001 2027 cense-

244 2061 330 2118 eratis
348 2060 465 2133 exigere
478 2058 617 2127 solebant,
629 2059 786 2115 immonem
802 2057 938 2116 declarat.

250 2197 431 2267 Honorius,
448 2198 523 2267 616,
538 2195 657 2256 eidem.

250 2290 1002 2371 Expertetualuitpropositumcoramnobis,

210 2391 296 2468 quod
310 2407 385 2451 cum
398 2391 484 2467 apud
501 2391 619 2452 sedem
631 2390 856 2466 Apostolicam
869 2406 928 2467 per
937 2405 1005 2450 ma·

211 2505 275 2549 nus
290 2489 421 2550 nostras
447 2487 550 2548 lucris
573 2488 606 2548 in
622 2488 813 2564 episcopum
833 2503 1005 2549 cousecra-

211 2589 276 2657 tus,
299 2584 552 2645 nihilominus...
583 2584 739 2656 decanus,
765 2587 798 2646 et
823 2584 1005 2661 capitulum

213 2687 421 2744 senonenses
434 2684 466 2744 te
481 2697 593 2743 coram
609 2681 793 2742 venerabili
810 2681 1006 2743 1111161161-

210 2784 301 2842 tro...
328 2780 512 2841 senonensi
534 2779 785 2855 archiepiscopo
808 2779 1005 2856 metropoli-

213 2878 292 2939 tano
306 2878 364 2939 1116
379 2892 480 2952 super
494 2876 635 2952 quadam
650 2890 778 2935 summa
792 2876 953 2951 pecuniae,
966 2891 1006 2937 ac

213 2976 291 3037 aliis
307 2973 588 3052 praestationibus,
606 2989 688 3050 quas
703 2976 948 3035 consueverant
964 2973 1005 3035 ab

214 3072 379 3151 episeopis
391 3070 636 3133 senonensibus
652 3071 855 3132 consecratis
870 3071 1006 3146 exigere

214 3172 348 3248 propter
376 3169 462 3246 quod
491 3168 532 3229 ad
561 3168 793 3245 appellationis
824 3168 1005 3228 remedium

214 3267 409 3330 convolasti.
434 3268 503 3326 Nos
518 3269 628 3326 antem
643 3266 796 3326 uolumus
809 3268 844 3327 ut
858 3265 942 3326 nibil
957 3265 1006 3326 eis

214 3366 291 3429 inde
308 3364 490 3442 persolvas,
506 3363 592 3441 quod
608 3364 707 3425 etiam
724 3364 788 3427 sibi
802 3363 902 3425 liceat
923 3378 1006 3424 auc-

214 3464 349 3526 toritate
371 3461 466 3522 Sedis
481 3461 681 3537 Apostolicae
696 3460 871 3537 denegare.
888 3464 1006 3523 Datum

214 3562 253 3622 111
267 3575 387 3633 supra.

563 3799 665 3885 LXX

415 3954 423 3965 '
494 3953 547 4011 Act
561 3953 729 4011 eremitam.

521 4080 557 4136 19
573 4079 707 4151 januarii.

257 4206 375 4271 [aegest.
386 4205 423 4254 lib
442 4202 487 4262 111,
500 4216 540 4267 ep.
556 4203 613 4252 202.
628 4202 685 4252 llss.
698 4200 969 4267 meorumnam]

219 4329 353 4403 indulget
376 4329 402 4385 ei
419 4327 580 4401 specialiter
608 4333 649 4395 ut,
667 4340 727 4383 nen
756 4326 886 4384 obstante
902 4326 1010 4383 lrlvole

255 4417 452 4491 appellationis
466 4415 622 4484 obstaculo,
635 4414 812 4472 subditorum
827 4430 942 4472 suorum
956 4430 1007 4472 er·

255 4521 354 4565 cessus
368 4506 512 4579 corrigere
528 4505 630 4561 valeat.

260 4626 621 4715 Honoriusepiseopus,
634 4654 750 4700 servus
760 4654 931 4699 serrorum
939 4636 1008 4711 Dei,

217 4720 404 4801 'venerabili
420 4736 553 4798 fratri...
576 4736 730 4813 episcopo
745 4734 939 4808 Parisiensi,
956 4752 1013 4797 sa-

218 4820 324 4899 lutem
341 4836 372 4897 el
387 4833 608 4911 Apostolicam
623 4832 895 4894 benedictionem.

263 4934 347 5008 Quia
361 4947 447 5009 saepe
462 4927 613 5007 subjecti,
631 4945 705 4991 cum
721 4930 761 4989 de
775 4928 845 4989 suis
860 4930 1011 4991 excessi-

223 5032 285 5093 bus
300 5030 521 5106 corriguntur,
538 5027 574 5087 in
588 5043 700 5087 vocem
712 5025 932 5089 frustratoriae
948 5043 1012 5104 ap-

225 5127 413 5209 pellatienis
424 5126 653 5202 prorumpunt,
671 5122 707 5185 ut
727 5122 775 5183 sic
794 5123 912 5185 saltem
933 5140 1012 5185 cor-

223 5226 405 5289 rectionem
417 5222 552 5283 valeant
565 5220 699 5281 eludere
711 5220 936 5297 praelatorum,
953 5237 1013 5283 nos

220 5324 292 5384 iuis
307 5317 604 5397 supplicationibus
625 5317 789 5389 inclinati,
801 5320 1014 5394 praesentium

223 5416 286 5481 tibi
299 5417 495 5479 auctoritate
508 5412 731 5485 concedimus,
752 5416 789 5476 ut
803 5412 933 5492 objectu
949 5432 1013 5493 ap*

226 5511 414 5589 pellatienis
423 5509 552 5573 trirelae
563 5525 629 5570 noo
639 5508 800 5581 obstante,
809 5509 1015 5572 subditorum

791 256 796 265 .
824 213 999 276 HONORII
1021 216 1065 276 111
1086 218 1235 278 OPERA.

1770 224 1822 281 tta

1057 373 1189 437 tuorum
1218 375 1325 450 possis
1351 390 1509 436 excessus
1547 376 1721 451 corrigere,
1746 380 1829 453 prout

1058 472 1238 533 secundum
1257 475 1360 533 heum
1375 472 1498 534 luerint
1517 473 1712 548 corrigendi.
1727 475 1829 535 batum

1059 569 1226 639 Laterani,
1246 571 1290 629 IV
1311 569 1473 631 kalendas
1488 569 1659 642 lebruarii,
1675 569 1832 646 pontifica-

1058 664 1112 724 tos
1127 664 1232 726 nostri
1246 679 1334 726 anno
1345 681 1446 727 nouo.

1392 958 1515 1045 LXXI

1158 1119 1211 1178 Ad
1224 1119 1401 1181 Arzdream
1413 1134 1531 1195 repom
1544 1122 1749 1197 Hunearta.

1334 1252 1493 1313 1161111111
1510 1256 1589 1315 iffi.

1142 1386 1234 1451 [sciar.
1253 1386 1314 1439 Cod.
1328 1387 1435 1452 diplom.
1452 1386 1597 1452 hungaria,
1613 1390 1658 1449 111,
1674 1402 1703 1448 rt,
1721 1388 1768 1455 tt]

1058 1509 1201 1569 Andrean]
1216 1526 1316 1585 regem
1334 1512 1490 1586 lluogaria
1500 1522 1584 1587 urget
1598 1523 1630 1571 ut
1644 1513 1721 1575 bona
1735 1529 1834 1573 1116111-

1095 1600 1165 1656 terie
1186 1599 1223 1657 de
1243 1602 1362 1673 dissing
1375 1602 1481 1671 ablata,
1500 1610 1529 1660 et
1543 1603 1626 1663 alteri
1648 1602 1762 1671 donata,
1781 1619 1836 1663 cum

1094 1688 1156 1747 aliis
1171 1684 1340 1745 abalienatis
1350 1690 1488 1748 restituat.

1098 1822 1836 1900 Honoriusepiscopus,servasservorumllei,

1058 1922 1096 1980 Α.
1110 1919 1234 1980 illustri
1245 1921 1319 1995 regi
1333 1922 1525 1997 ilungariae,
1540 1922 1687 1984 satutem
1701 1923 1732 1983 61
1747 1927 1840 1999 Apos-

1059 2016 1192 2078 tolicam
1204 2015 1481 2079 benedictionem.

1098 2114 1178 2175 Etsi
1190 2114 1312 2176 debeas
1326 2116 1363 2176 ut
1374 2115 1528 2192 princeps
1541 2116 1729 2178 catholicus
1737 2131 1839 2177 omues

1059 2212 1260 2287 generaliter
1274 2213 1369 2287 regui
1383 2212 1432 2274 tui
1447 2213 1606 2274 ecclesias
1620 2214 1659 2273 in
1672 2228 1735 2273 sua
1749 2213 1836 2289 justi·

1059 2310 1105 2369 tia
1128 2308 1315 2376 confovere,
1341 2309 1578 2370 monasterium
1604 2312 1719 2371 tamen
1740 2309 1836 2369 sancti
1933 2294 1935 2313 ¹

1060 2405 1195 2466 Martini
1209 2405 1250 2466 de
1265 2406 1438 2467 Pannonia
1451 2407 1640 2484 eoamplins
1659 2408 1694 2467 in
1710 2410 1838 2483 suojure
1933 2414 1935 2495 j

1059 2502 1279 2579 tenerisque
1301 2503 1423 2564 certior
1440 2504 1500 2575 est,
1522 2505 1559 2565 ut
1581 2504 1718 2575 dicitnr,
1734 2503 1840 2579 regalis
1934 2500 1935 2565 3

1060 2596 1246 2660 sublimitas
1262 2600 1347 2676 quoe
1363 2600 1404 2661 16
1420 2600 1475 2661 nlo
1487 2601 1677 2677 spiritualis
1691 2600 1748 2661 1111
1763 2600 1841 2661 uolr-
1933 2582 1935 2663 l

1059 2697 1111 2758 tas
1131 2696 1293 2773 provenit,
1311 2698 1344 2758 et
1358 2697 1458 2758 etiam
1478 2698 1687 2774 temporalis.
1701 2695 1838 2758 81111611-
1933 2672 1935 2765 J

1061 2794 1841 2871 lectorumtilierumabbatisetconventusejus·
1933 2784 1935 2847 l

1061 2892 1133 2952 dem
1163 2892 1356 2953 monasterii
1386 2893 1502 2968 petitio
1528 2893 1736 2963 continebat,
1768 2889 1840 2969 qnod

1062 2989 1226 3065 quondam
1254 2987 1384 3049 Walter
1407 3005 1517 3050 comes
1548 2991 1741 3052 constructa
1768 3005 1839 3066 qua-

1061 3085 1136 3149 dam
1158 3086 1300 3147 ecclesia
1318 3087 1355 3146 in
1385 3089 1495 3148 monte
1515 3087 1643 3159 Quizin,
1679 3086 1839 3148 munitioni

1061 3187 1148 3259 apte,
1166 3184 1293 3245 scilicet
1306 3183 1378 3244 loco
1394 3183 1603 3245 inhabitabili
1617 3186 1650 3245 et
1664 3184 1841 3253 deserto,de

1062 3296 1201 3340 assensu
1248 3280 1382 3341 tandem
1435 3281 1569 3357 inclytae
1611 3279 1838 3343 recordationis

1062 3380 1178 3454 Geyzae
1193 3378 1282 3454 regis
1298 3378 1491 3455 hungariae,
1508 3379 1562 3439 avi
1578 3378 1638 3449 tui,
1660 3382 1757 3457 atque
1771 3378 1841 3438 dice-

1062 3476 1187 3545 casani,
1202 3477 1235 3536 et
1259 3476 1400 3536 aliorum
1429 3476 1525 3552 regni
1547 3474 1724 3548 nobilium,
1745 3474 1840 3536 eccle·

1062 3574 1146 3634 siam
1162 3573 1267 3649 ipsam
1287 3572 1490 3634 monasterio
1505 3573 1666 3650 praedicto
1684 3572 1839 3640 concessit,

1062 3672 1098 3731 in
1112 3685 1176 3746 qua
1187 3670 1286 3746 juxta
1297 3669 1402 3746 ipsius
1415 3669 1546 3731 comitis
1562 3666 1775 3741 desiderium,
1790 3668 1840 3729 ab·

1062 3767 1121 3828 has
1136 3766 1330 3828 monasterii
1346 3767 1518 3828 memorati
1542 3770 1742 3829 conventum
1756 3764 1841 3827 insti·

1061 3864 1136 3937 tuit,
1162 3865 1195 3927 et
1217 3864 1285 3925 tres
1313 3865 1346 3925 61
1369 3880 1429 3941 per
1453 3866 1603 3941 tempora
1628 3862 1777 3942 praefecit
1794 3860 1843 3923 ab·
1931 3912 1932 3953 5

1063 3961 1172 4036 batos,
1198 3961 1406 4038 postmodum
1433 3978 1513 4024 vero
1549 3962 1650 4023 clarae
1688 3960 1842 4023 memoria
1931 3974 1932 3979 ¹

1064 4057 1142 4118 Bela
1162 4071 1233 4129 rex,
1251 4057 1345 4134 pater
1359 4058 1446 4129 tuus,
1464 4057 1679 4132 suggestione
1695 4070 1840 4135 quorun·

1064 4154 1150 4225 dam,
1161 4154 1332 4231 praelatam
1346 4153 1532 4225 ecclesiam,
1543 4155 1681 4217 remotis
1696 4152 1772 4215 inde
1785 4165 1844 4228 per

1065 4252 1167 4322 sonis,
1182 4267 1255 4312 curn
1267 4251 1382 4312 eodem
1394 4251 1505 4315 monte
1520 4250 1584 4313 sibi
1597 4267 1658 4327 pro
1674 4250 1842 4312 munitione

1065 4349 1199 4425 recepit,
1223 4347 1428 4424 promittens,
1452 4348 1536 4425 quod
1560 4348 1671 4409 lecum
1696 4348 1794 4410 alium
1810 4341 1843 4406 ad

1064 4447 1240 4507 ecclesiam
1259 4446 1432 4522 aptiorem,
1454 4446 1487 4507 et
1500 4445 1597 4523 plura
1612 4446 1714 4509 etiam
1733 4446 1766 4505 in
1779 4457 1843 4520 pos-

1066 4543 1269 4604 sessionibus
1291 4544 1323 4604 61
1349 4538 1551 4619 aliis,quam
1577 4543 1696 4605 eadem
1721 4537 1844 4617 baberet
1929 4612 1930 4615 Ἴ

1066 4640 1218 4713 ecclesia,
1248 4636 1387 4703 donaret
1424 4640 1565 4715 eisdem3
1591 4638 1679 4717 qnod
1708 4655 1768 4703 nec
1784 4638 1843 4713 ipse
1929 4648 1930 4669 ¹

1066 4737 1226 4813 implevit,
1241 4730 1346 4799 rhorte
1358 4734 1556 4813 preventus,
1570 4752 1631 4798 nec
1646 4753 1707 4814 per
1719 4739 1750 4798 16
1762 4746 1844 4811 quen

1067 4850 1166 4911 super
1193 4834 1256 4911 hoc
1287 4851 1376 4910 saepe
1405 4834 1610 4910 rogavimus,
1638 4834 1671 4895 id
1699 4834 1844 4894 hactenus

1066 4930 1189 4993 lactum
1205 4928 1276 4993 11111.
1300 4932 1396 4993 Nunc
1420 4932 1529 4993 autem
1550 4931 1737 4993 Demetrius
1751 4940 1845 4991 comes
1928 4960 1929 4987 1

1067 5029 1210 5089 montem
1231 5028 1382 5089 eumdem
1402 5044 1477 5089 curn
1493 5029 1650 5105 praedieta
1670 5021 1845 5089 ecclesiast

1068 5126 1332 5203 possessionibus
1343 5125 1384 5186 ad
1400 5125 1549 5186 eamdem
1565 5124 1801 5202 pertinentibus
1811 5134 1845 5180 ex

1068 5224 1171 5299 1'0812,
1182 5225 1218 5284 ut
1232 5222 1326 5292 dixit,
1340 5223 1530 5294 donatione,
1542 5222 1666 5285 detinet
1679 5219 1845 5284 etreddera
1927 5220 1928 5257 1

1068 5319 1276 5381 contradicit.
1306 5320 1400 5381 Unde
1424 5319 1597 5380 humiliter
1619 5316 1844 5396 supplicarunt

1069 5417 1105 5478 111
1119 5418 1196 5494 quia
1218 5418 1346 5479 tantum
1362 5416 1547 5497 principem
1563 5417 1698 5478 omnine
1713 5430 1777 5476 non
1791 5411 1844 5471 de·

1069 5516 1133 5589 cet,
1154 5514 1240 5591 quod
1273 5530 1346 5577 cum
1373 5515 1591 5577 ecclesiarum
1622 5514 1754 5589 jactura
1779 5507 1844 5570 aliis
