3886 6214
106 318 164 379 281
722 311 949 374 EPISTOLAE'.
973 312 1051 372 LIB.
1075 311 1145 375 VII.
1693 319 1756 380 282

105 492 169 539 nec
189 490 250 554 per
271 491 308 537 se
331 490 395 538 nec
409 491 469 553 per
487 473 720 552 procuratores
737 472 905 550 prosecuti
959 470 996 534 ut
1009 488 1110 551 quum
1123 470 1245 535 nobilis
1257 470 1380 534 muller
1392 473 1456 535 Uia
1471 473 1603 539 ducissa
1617 476 1757 543 desco-

106 576 185 636 sunt
210 574 392 650 negotium,
417 575 523 635 electo
545 571 756 648 comparente
777 571 813 631 11
836 570 907 632 ter·
958 569 1121 645 wenburg
1136 570 1202 632 tuae
1224 570 1377 632 dioecesis
1394 575 1451 648 jus
1472 575 1668 649 patronatus
1692 593 1753 640 ec·

106 672 210 734 minis
225 672 419 747 assignatis,
440 671 547 732 eidem
573 672 606 732 et
625 669 827 746 respondere
842 683 905 744 pa·
960 666 1072 728 clasiae
1091 666 1132 727 de
1155 667 1331 729 Nussbacb
1355 669 1404 730 eis
1428 672 1607 735 contulerit
1629 674 1754 739 intuitu

105 772 194 842 rato,
213 771 246 831 et
261 769 301 830 ad
321 769 474 831 ultimum
487 784 548 845 per
564 756 694 830 litteras
714 765 834 841 sigillis
847 781 906 826 eo-
959 764 1106 839 pietatis,
1129 764 1215 840 quod
1239 764 1321 841 ipsis
1340 767 1539 830 auctoritate
1562 772 1754 847 apostolica

104 883 194 938 rum,
212 865 299 927 sicut
319 866 484 943 procerte
506 863 662 935 creditur,
679 862 903 938 consignatas,
959 860 1023 923 init
1046 861 1255 936 postmodum
1276 863 1517 939 confirmatum,
1545 882 1608 929 nos
1630 870 1755 932 eisdem

105 963 327 1041 appellationi
344 962 631 1032 renuntiaverunt,
644 961 678 1021 et
693 960 756 1032 liti,
776 974 905 1021 necnon
959 957 1135 1019 ecclesiam
1159 960 1266 1035 ipsam
1287 961 1469 1023 concedere
1493 954 1755 1030 misericorditer

104 1061 232 1124 litteris
250 1060 416 1121 universis
438 1057 638 1136 superdicto
653 1056 907 1133 negotioimpe-
959 1055 1184 1131 dignaremur,
1201 1058 1248 1118 ita
1264 1057 1350 1133 quod
1372 1062 1446 1135 post
1464 1064 1603 1123 mortem
1618 1064 1752 1141 plebani

104 1161 224 1234 tratis;
241 1174 346 1236 quare
365 1157 477 1219 dilecti
495 1156 556 1217 tilii
571 1156 752 1232 captiulnm
775 1158 903 1216 Treco-
960 1151 1110 1229 eJ‘usdem
1126 1154 1277 1216 ecclesiae
1296 1160 1477 1231 proventus
1491 1158 1598 1235 ipsius
1619 1161 1654 1222 in
1672 1179 1752 1223 usus

105 1273 209 1319 rense
228 1255 401 1317 humiliter
422 1254 662 1332 supplicarunt,
686 1253 722 1314 ut
748 1253 826 1330 quia
849 1251 907 1313 diu
959 1250 1110 1328 proprios
1136 1251 1271 1314 valeant
1296 1252 1454 1327 retinere,
1482 1256 1517 1317 te
1540 1257 1581 1319 de
1603 1259 1753 1334 ipsorum

104 1370 226 1417 eorum
239 1353 382 1415 ecclesia
398 1354 469 1429 jam
488 1353 620 1429 pastore
636 1350 754 1422 caruit,
777 1366 821 1411 ex
841 1364 906 1426 quo
960 1347 1100 1409 honesta
1115 1349 1369 1412 conversatione
1383 1351 1551 1414 laudabile
1569 1355 1664 1417 nobis
1679 1359 1754 1419 ies-

103 1468 213 1529 grave
231 1452 269 1511 in
288 1449 527 1527 temporalibus
549 1449 583 1510 et
603 1446 833 1525 spiritualibus
848 1446 907 1507 de-
958 1445 1135 1507 timonium
1154 1462 1214 1523 per
1232 1448 1309 1509 tuas
1330 1447 1459 1510 litteras
1483 1451 1688 1526 perhibente,
1714 1470 1754 1515 ac

103 1547 304 1611 trimentum
332 1547 486 1619 incurrit,
511 1546 545 1608 et
580 1545 715 1622 propter
750 1558 906 1620 guerram
960 1542 1167 1619 supplicante
1204 1560 1305 1621 super
1345 1545 1410 1607 boc
1441 1547 1662 1612 nibilominus
1693 1567 1754 1628 pro

104 1646 232 1708 nobilis
250 1646 316 1707 viri
333 1643 462 1707 comitis
479 1643 731 1715 Britanniae-ad
751 1641 908 1703 exinani·
960 1640 1095 1701 eisdem.
1116 1642 1185 1702 Nos
1207 1641 1310 1717 igitur
1329 1644 1361 1704 et
1382 1643 1516 1706 illorum
1538 1648 1757 1724 supplicatio·

102 1743 235 1805 tionem
262 1742 333 1804 iere
360 1740 513 1819 pervenit
541 1743 735 1813 extremam,
769 1739 906 1817 praelato
961 1737 1070 1810 nibus,
1099 1739 1258 1815 quantum
1284 1756 1359 1801 cum
1384 1742 1453 1804 Ileo
1486 1759 1661 1820 possumus
1690 1762 1755 1808 an-

104 1840 259 1918 ipsornm
287 1839 392 1901 electo
420 1838 605 1900 faceremus
634 1854 754 1899 munus
788 1852 908 1898 conse·
960 1851 1074 1908 nuere,
1093 1851 1132 1897 ac
1151 1835 1223 1905 tibi,
1237 1839 1295 1914 qui
1313 1838 1380 1900 loci
1399 1839 1608 1903 dioecesanus
1623 1844 1753 1918 eulatia,

105 1937 272 2000 orationis
292 1936 450 2014 impendi.
476 1937 568 1998 Licet
583 1938 706 2005 autem,
726 1933 907 1997 secundum
961 1933 1090 1995 deferre
1111 1934 1271 2008 volentes,
1298 1935 1540 2000 fraternitatem
1561 1942 1654 2003 tuam
1678 1956 1755 2002 mo-

102 2035 316 2112 Apostolnm,
342 2033 467 2096 nemini
492 2034 557 2096 cito
581 2048 701 2095 manus
729 2034 773 2094 sit
798 2031 908 2107 impo-
961 2047 1077 2092 nemus
1090 2032 1224 2104 attente,
1241 2048 1301 2110 per
1312 2036 1502 2110 Apostolica
1515 2039 1639 2115 scripta
1654 2055 1753 2100 man-

103 2134 232 2206 nenda,
259 2133 338 2210 quia
360 2134 472 2194 tamen
502 2131 719 2193 ecclesiarum
741 2129 906 2191 ordinatio
961 2129 1088 2202 dantes,
1106 2133 1269 2207 qnatenus
1284 2146 1385 2209 super
1399 2132 1463 2194 boc
1477 2135 1613 2210 capituli
1627 2136 1677 2197 tui
1694 2152 1755 2198 as-

103 2231 325 2309 dispendiosa
347 2246 414 2292 non
436 2229 532 2292 debet
555 2229 715 2290 dilatione
734 2226 904 2304 suspendi,
928 2272 929 2275 ,
961 2243 1072 2300 sensu,
1089 2229 1187 2304 prout
1198 2228 1342 2304 expedit,
1355 2230 1529 2307 requisito,
1543 2233 1572 2293 si
1582 2233 1623 2294 de
1635 2233 1755 2295 borum

103 2345 186 2390 cum
215 2344 310 2390 mora
333 2328 369 2389 in
395 2327 534 2399 talibus,
562 2327 747 2405 praesertim
773 2325 908 2402 propter
959 2326 1131 2387 voluntate
1147 2326 1351 2399 conceditur,
1370 2328 1563 2404 praedictam
1578 2331 1756 2394 ecclesiam

104 2427 276 2489 malitiam
292 2427 462 2502 temporis,
485 2424 631 2486 viduatis
656 2423 807 2485 ecclesiis
828 2438 908 2499 gra-
961 2423 1142 2484 memorato
1162 2423 1340 2501 praeposito
1365 2427 1398 2486 et
1420 2425 1564 2502 capitulo
1589 2428 1753 2502 conferas,

102 2541 185 2586 vem
208 2524 422 2586 consueverit
440 2522 561 2584 afferre
582 2522 758 2600 jacturam,
787 2519 908 2582 irater*-
961 2520 1059 2595 prout
1071 2521 1197 2582 videris
1212 2522 1382 2598 expedire.
1402 2524 1472 2584 Nos
1486 2523 1577 2586 enim
1592 2526 1641 2585 eis
1654 2541 1756 2603 super
1873 2526 1879 2537 '

105 2622 210 2684 nitati
231 2624 298 2684 tuae
320 2637 380 2698 per
401 2620 592 2697 Apostolica
616 2620 739 2696 scripta
767 2617 908 2679 manda·
961 2617 1013 2677 bis
1038 2633 1112 2695 quae
1135 2617 1199 2679 sibi
1223 2633 1243 2679 a
1264 2620 1298 2681 te
1321 2636 1397 2680 cum
1421 2621 1654 2697 praedictorum
1675 2639 1758 2685 con-

106 2736 200 2792 mus,
213 2720 376 2797 quatenus
391 2719 432 2779 de
447 2719 568 2781 caetero
584 2717 673 2779 circa
688 2717 796 2794 ipsum
818 2716 908 2778 elec·
961 2730 1062 2776 sensu
1081 2716 1241 2777 canonice
1256 2731 1296 2777 ac
1310 2717 1448 2795 provide
1467 2717 1755 2792 001οω111111-

103 2819 181 2880 tum
196 2816 300 2878 cilicii
314 2817 364 2878 tui
383 2815 529 2877 debitum
549 2815 755 2891 exsequaris,
774 2815 906 2890 proviso
959 2811 1077 2874 benter
1101 2811 1250 2877 favorem
1275 2814 1506 2892 impertiemur
1528 2817 1755 2909 apostolicum

104 2914 295 2992 prudenter
307 2930 350 2975 ne
364 2914 507 2991 alicujus
523 2911 780 2974 commutatione
801 2909 909 2972 collu-
960 2911 1124 2987 requisiti.
1139 2911 1259 2973 Datum
1273 2913 1440 2985 Laterani,
1456 2915 1486 2975 V
1497 2911 1566 2974 kal.
1580 2913 1753 2989 februarii,

104 3011 158 3071 dii
180 3010 227 3072 sit
249 3010 291 3071 ab
312 3009 515 3088 objectorum
540 3009 772 3086 prosecutione
795 3022 908 3069 reces—
961 3007 1292 3084 pontificatusnostri
1306 3025 1393 3070 anno
1407 3010 1557 3086 septimo.

105 3124 199 3181 sum,
213 3124 288 3169 cum
303 3108 504 3185 suspicionis
518 3108 597 3169 nota
610 3122 677 3167 non
693 3107 807 3167 careat
819 3104 905 3182 quod

103 3206 161 3269 illi
192 3205 267 3266 sine
293 3204 504 3266 discussione
529 3204 696 3281 reliquere
724 3203 905 3279 negotium,

104 3302 202 3381 quod
223 3304 291 3364 tam
312 3302 503 3364 voluntarie
529 3301 607 3363 sunt
632 3300 794 3377 aggressi,
818 3316 905 3377 quo·

104 3401 216 3472 niam,
233 3401 262 3460 si
277 3400 418 3462 veritate
432 3398 635 3471 nitebantur,
652 3398 781 3475 objecta
801 3397 906 3457 dissi-

104 3496 270 3560 malanda
284 3513 351 3558 non
361 3498 458 3558 erant
467 3498 503 3557 in
511 3496 645 3557 bomine
655 3496 697 3557 ad
708 3494 906 3572 episcopalis

103 3594 286 3671 dignitatis
300 3594 432 3671 apicem
444 3593 685 3670 promovendo;
706 3593 735 3654 si
755 3592 907 3654 veritabs

104 3692 210 3755 erant
220 3692 378 3754 destituta
393 3691 574 3768 suffragiis,
592 3690 692 3751 nimis
703 3705 792 3752 caeca
808 3704 908 3752 cons-

104 3789 235 3852 cientia
270 3789 475 3867 nimiumque
511 3789 701 3865 importuno
732 3787 906 3848 mendacio

105 3886 384 3963 impingebantur
415 3886 550 3948 insonti.
581 3885 700 3947 Datum
737 3885 905 3957 Laterani,

1296 3358 1419 3447 LXIV

1040 3508 1093 3568 Ad
1115 3509 1311 3582 episcopam
1338 3510 1373 3571 et
1398 3513 1678 3576 archidiaconum

1242 3607 1472 3669 Florentiam.

1221 3735 1257 3793 28
1272 3736 1397 3809 januarii
1415 3737 1494 3795 tiae.

1097 3856 1245 3921 mittarelli,
1259 3857 1353 3909 Annei.
1366 3859 1492 3919 (tamald,
1502 3859 1545 3919 iv,
1557 3860 1626 3927 lat]

104 3986 138 4046 V
163 3981 328 4044 kalendas
351 3982 524 4055 februarii,
553 3982 766 4061 pontiilcatns
800 3980 907 4044 nostri
961 3982 1011 4040 uls
1031 3995 1158 4051 causam,
1180 3982 1255 4040 inter
1276 3984 1400 4056 priorem
1422 3982 1581 4058 fratresque
1603 3988 1755 4049 camaldu-

106 4095 203 4142 anno
216 4080 367 4157 septimo.

449 4401 577 4489 LXIII

105 4554 166 4614 Ad
183 4553 378 4613 Hosticum
398 4552 593 4625 0110001110
606 4551 906 4626 arpentmeosem.

376 4679 547 4752 2810110111
562 4680 642 4738 1113.

233 4801 709 4866 [wurdtwein,Novasubsidia;X111,
722 4803 791 4869 acu]

105 4930 274 4987 Provenius
288 4927 419 4985 ecclesbe
435 4927 608 5001 parocbialIs
625 4928 656 4985 in
673 4927 825 4987 Nussbacb
839 4942 907 4987 cou-

221 5012 275 5073 1011
288 5015 462 5073 monasterio
476 5016 610 5075 Omnium
624 5015 802 5075 sauctorum.

151 5140 829 5217 Honoriusepiscopns,servusservorum
837 5142 908 5215 Dei,

997 4068 1092 4128 tenses
1101 4086 1136 4127 ex
1146 4078 1226 4143 parte
1237 4085 1293 4129 una
1304 4079 1332 4129 et
1341 4071 1479 4145 plebanos
1486 4073 1612 4146 plebium
1623 4077 1757 4151 Partinoe,

997 4157 1123 4217 Btblenae
1135 4166 1164 4217 et
1177 4158 1278 4232 bujani
1289 4174 1325 4217 eu
1340 4161 1439 4231 altera,
1450 4176 1537 4235 super
1546 4163 1669 4236 quadam
1678 4175 1759 4240 parte

997 4245 1172 4305 decimarum
1184 4247 1213 4305 ln
1225 4246 1309 4306 dictis
1323 4248 1484 4322 plebatibus
1497 4259 1668 4325 vertentem,
1682 4240 1759 4315 com'·

998 4335 1083 4392 mittit
1093 4333 1293 4393 decidendam.

1004 4461 1171 4523 Honorius
1182 4462 1494 4539 episcopusservus
1505 4479 1677 4529 servorum
1685 4469 1757 4542 Dei,

962 4558 1148 4621 venerabili
1172 4559 1269 4621 fratri
1293 4560 1460 4638 episcopo,
1486 4563 1520 4625 et
1544 4564 1665 4628 dilecto
1686 4566 1758 4629 illio

962 4656 1200 4718 archidiacono
1220 4657 1425 4731 Florentino,
1447 4660 1590 4724 salutem
1604 4663 1638 4724 et
1650 4667 1758 4740 rtpos-¹

962 4752 1098 4816 tolicam
1111 4753 1389 4816 benedictionem.

1004 4851 1180 4924 Querelam
1201 4852 1398 4914 dilectorum
1419 4853 1563 4916 filiorum
1583 4856 1759 4933 prioris-et

964 4949 1103 5010 fratrum
1122 4949 1425 5012 camaldulensium
1439 4953 1628 5029 accepimus
1644 4955 1756 5016 conti-

963 5046 1108 5131 nentem,
1134 5046 1220 5124 quod
1243 5063 1343 5124 quum
1365 5047 1461 5110 bonae
1480 5051 1650 5112 memoriae
1663 5054 1756 5126 Eme,

964 5145 997 5205 et
1007 5144 1245 5205 Constantinus
1256 5145 1290 5206 et
1299 5145 1432 5222 quidam
1445 5146 1504 5207 alii
1514 5146 1661 5223 episcopi
1673 5152 1758 5210 Are·

103 5236 299 5300 venerabili
313 5237 411 5298 fratri
424 5237 579 5314 episcopo
592 5239 840 5313 argentinensi,
854 5255 912 5300 sa·
963 5241 1028 5302 tini
1051 5240 1227 5317 qnamdam
1252 5244 1379 5319 partem
1407 5242 1610 5303 decimarum
1637 5244 1756 5320 pleba-

103 5335 217 5397 lutem
232 5334 265 5396 01
278 5334 504 5410 Apostolioam
518 5334 793 5396 benedictionem.
963 5339 1057 5399 tuum
1081 5338 1237 5411 Partinse,
1261 5339 1408 5400 Bibienae
1432 5340 1465 5400 01
1487 5340 1608 5415 anani
1631 5341 1687 5417 pia
1708 5344 1759 5407 eis
1843 5318 1846 5335 ¹

150 5431 274 5493 Dilecti
297 5431 361 5491 tilii
385 5431 584 5508 praepositus
608 5432 642 5493 et
664 5432 847 5495 conventus
869 5432 910 5493 de
964 5433 1165 5497 liberalitate
1185 5420 1350 5507 donarint
1372 5436 1469 5512 prout
1488 5435 1523 5495 in
1542 5435 1663 5500 litteris
1678 5455 1761 5503 con-

104 5527 200 5592 00111
238 5527 392 5589 Omnium
427 5528 624 5591 Sanctorum
659 5532 910 5592 Praemonstra·
965 5531 1060 5593 100110
1084 5531 1760 5609 01111011011100011110111,10000011

104 5624 219 5688 tensis
230 5624 360 5686 ordinis
374 5624 470 5687 nobis
482 5624 657 5689 humiliter
666 5627 909 5704 supplicarunt,
965 5628 1100 5691 donatio
1121 5645 1181 5706 per
1200 5629 1425 5692 venerabilem
1449 5628 1585 5693 tratrem
1609 5635 1759 5697 nostrum
