3972 6204
259 362 320 425 855

259 622 293 683 91
304 619 484 681 redditusa
499 620 665 683 nobilibus
680 623 764 684 viris
777 626 817 685 H.
839 626 880 686 de
892 628 1057 702 Lamgen-

259 716 338 777 berc
352 719 385 779 et
406 719 439 778 C.
462 718 501 777 de
522 719 692 780 Grutheim
710 723 742 783 et
759 737 874 783 eurum
891 722 970 783 illlis
985 740 1058 785 mo-

260 815 407 877 nasterio
430 818 541 876 vestro
564 817 618 892 pia
644 817 845 881 liberalitate
861 821 999 882 collatas
1019 837 1057 883 ac

261 912 328 972 alia
347 911 433 973 bona
453 917 576 983 vestra,
595 915 681 976 sicut
701 932 740 977 ea
756 918 867 977 omnia
876 919 979 994 J‘uste,
1000 934 1058 979 ca-

261 1008 380 1069 nonice
401 1025 441 1069 ac
467 1011 604 1086 pacifice
628 1013 817 1088 possidetis,
838 1015 932 1075 vobis
947 1018 981 1076 et
1000 1032 1058 1092 per

260 1122 320 1167 vos
346 1106 452 1167 eidem
483 1111 686 1171 monasterio
719 1114 832 1173 vestro
859 1114 1057 1174 auctoritate

260 1203 452 1280 apostolica
464 1206 698 1268 confirmamus
713 1210 745 1269 91
758 1211 932 1285 praesentis
942 1211 1058 1287 scripti

262 1301 447 1377 patrocinio
456 1305 710 1365 communimus.
722 1306 813 1367 Nulli
829 1323 909 1382 ergo
923 1308 1058 1368 omniuo

262 1396 434 1458 hominum
452 1399 552 1461 liceat
568 1400 654 1462 bane
669 1403 826 1479 paginam
842 1406 965 1465 nostrae
980 1420 1059 1481 pro-

260 1495 416 1556 tectionis
429 1496 462 1556 et
476 1498 739 1559 confirmationis
752 1500 946 1576 infringere,
958 1502 1011 1563 vel
1027 1503 1058 1563 ei
1108 1532 1114 1543 ·

262 1607 347 1652 ausu
376 1593 553 1655 temerario
578 1597 755 1657 contraire.
782 1598 816 1659 Si
843 1599 918 1675 quis
947 1602 1057 1660 autem

264 1692 327 1749 boc
342 1689 504 1751 attentare
525 1695 775 1769 praesumpserit
794 1695 1058 1771 indignationem

262 1787 497 1862 omnipotentis
511 1789 569 1851 Dei
582 1792 614 1851 et
623 1789 793 1852 beatorum
809 1792 900 1853 Petri
914 1796 948 1854 et
960 1793 1058 1854 Pauli

229 1914 233 1919 ·
263 1882 489 1959 apostolorum
513 1890 585 1964 ejus
612 1904 648 1949 se
673 1889 804 1951 noverit
831 1890 1056 1951 incursurum.

264 1982 383 2042 Datum
400 1982 531 2055 Tibure,
548 1987 606 2045 XV
621 1985 783 2048 kalendas
803 1988 902 2064 junii,
920 1987 1058 2064 pontili-

263 2078 358 2139 catus
372 2080 480 2140 nostri
495 2096 583 2142 anno
599 2094 697 2144 nono.

562 2378 569 2387 ·
602 2341 718 2428 CLXI

313 2492 365 2549 Ad
378 2492 559 2551 universos
574 2496 748 2566 episcopos
760 2496 861 2569 regat
875 2493 1009 2555 Sentice.

416 2586 429 2597 ’
560 2622 593 2680 19
605 2622 673 2679 mac
690 2623 770 2680 1911.

483 2745 613 2806 [wilkins
626 2744 732 2803 Concil,
744 2746 763 2805 I,
774 2746 842 2811 991]

267 2870 318 2926 Eis
332 2844 495 2938 1999119191,
508 2884 573 2927 cum
589 2871 838 2943 metropolitanum
850 2885 908 2928 non
923 2869 1060 2939 babeant,

302 2958 476 3030 provinciale
491 2959 642 3016 concillum
657 2960 825 3017 auctoritate
834 2960 997 3032 Apostoliee
1009 2973 1056 3016 99-

300 3045 420 3104 lebrent.

305 3173 470 3235 Honorius
482 3174 793 3251 episcopusservus
804 3189 974 3235 servorum
986 3174 1056 3245 Dei,

265 3270 512 3332 venerabilibus
533 3270 691 3333 iratribus
707 3271 873 3331 universis
894 3271 1058 3347 episcopis

265 3370 360 3443 regni
376 3368 507 3436 Sentias,
524 3368 664 3429 salutem
675 3370 708 3429 et
719 3367 942 3445 Apostolieam
953 3368 1059 3429 bene-

265 3464 454 3527 dictionem.

304 3561 443 3633 Quidam
469 3562 615 3623 vestrum
642 3578 747 3637 nuper
774 3562 911 3622 auribus
936 3562 1062 3623 nostris

264 3658 512 3730 intimaverunt,
530 3659 707 3735 quodcum
726 3675 792 3719 non
813 3658 979 3720 haberetis
998 3674 1060 3719 ar-

265 3756 523 3834 chiepiScopum,
554 3759 649 3833 eujus
689 3758 887 3818 auctoritate
924 3756 1059 3833 possitis

265 3854 443 3915 concilium
468 3854 673 3931 provinciale
697 3853 878 3925 celebrare,
898 3853 1060 3929 contingit

265 3951 299 4011 in
310 3967 413 4028 regno
429 3953 560 4024 scotia,
573 3951 659 4029 quod
672 3954 722 4013 est
735 3967 755 4012 a
772 3951 855 4012 Sede
867 3952 1058 4027 Apostoliea

264 4052 333 4110 tam
359 4051 533 4121 remotum,
555 4050 679 4110 statuta
698 4049 824 4124 negligi
840 4049 981 4109 concilii
995 4064 1060 4125 ge-

266 4146 401 4217 neralis,
417 4150 448 4207 et
464 4146 614 4207 enormia
634 4145 778 4222 plurima
796 4146 967 4218 committi,
985 4161 1058 4222 quae

265 4245 439 4304 remanent
454 4243 626 4318 impunita.
644 4245 723 4302 Cum
739 4244 849 4304 avitam
869 4243 1059 4320 provincia-

266 4340 311 4401 lia
335 4340 477 4401 concilia
497 4340 604 4402 omitti
627 4356 694 4400 non
714 4340 867 4411 debeant,
884 4341 919 4399 in
940 4339 1058 4417 quibus

265 4437 305 4498 de
318 4438 525 4514 corrigendis
538 4436 731 4499 excessibus
745 4440 778 4499 et
788 4438 934 4499 moribus
947 4436 1058 4497 resor-

266 4535 395 4597 mandis
411 4534 552 4610 diligens
564 4539 614 4597 991
629 4534 836 4595 adhibendus
850 4550 924 4595 eum
941 4535 1000 4594 Dei
1015 4522 1059 4596 tl2

265 4648 357 4694 more
372 4633 543 4704 tractatus,
561 4648 599 4693 ao
615 4631 785 4692 canonicae
801 4635 879 4693 sunt
899 4632 1057 4706 relegen-

269 4731 318 4792 dae
341 4731 467 4806 regulae
496 4746 535 4790 ac
562 4728 810 4801 conservandae,
827 4730 1058 4805 maximequae

264 4828 298 4890 in
315 4829 429 4889 eodem
451 4827 600 4904 generali
625 4827 773 4888 Concilio
803 4830 881 4887 sunt
909 4826 1056 4901 statutae;

265 4942 324 5004 per
347 4926 537 5003 apostolica
568 4924 661 4986 vobis
692 4924 816 5001 scripta
850 4923 1056 4995 mandamus,

266 5025 440 5102 quatenus,
454 5038 553 5099 quvrm
569 5022 859 5097 metropolitanum
873 5021 1059 5082 noscamini

265 5138 332 5183 nnn
353 5121 488 5192 babere,
506 5119 703 5181 auctoritate
726 5120 838 5179 nostra
854 5114 1076 5195 provinciale

196 5242 212 5267 x
265 5218 447 5281 Concilium
464 5217 649 5278 celebretis.
680 5218 799 5278 Datum
819 5216 906 5292 apud
924 5215 1056 5287 Tibure,

263 5315 339 5374 xlv
356 5312 489 5373 kalend.
500 5310 600 5389 junii,
615 5311 826 5387 pontificatus
849 5310 955 5371 nostri
971 5325 1059 5370 anno

267 5426 366 5472 nono.

882 322 1059 434 aenean
1082 374 1127 434 111
1148 376 1296 437 erana.

170 566 173 569 -
260 536 369 599 agros,
394 523 524 595 vineas,
542 522 901 604 prata,'possessiones,
920 545 1056 592 nemora

1441 547 1579 635 CLXII

1246 697 1297 756 Ad
1311 698 1506 770 episcopum
1518 699 1768 761 Pictaaensem.

1405 827 1440 883 10
1453 827 1520 884 maii
1537 828 1615 886 1111.

1130 947 1248 1010 [liegest.,
1258 948 1302 998 lib.
1314 949 1358 1011 lx,
1375 949 1450 1015 epist.
1462 950 1517 1000 331.
1533 952 1592 1001 lisa.
1603 952 1644 1003 Le
1654 950 1731 1003 Porta
1748 952 1780 1003 du
1790 955 1867 1021 111911]

1113 1070 1192 1127 Facit
1211 1071 1237 1127 ei
1254 1078 1424 1144 potestatem
1440 1072 1577 1131 benelieia
1594 1074 1724 1146 quedam
1745 1076 1881 1149 prebendis

1348 1161 1478 1219 ecclesie
1493 1162 1675 1221 annectendi.

1153 1277 1330 1345 Honorius,
1354 1279 1429 1349 etc,
1451 1279 1634 1340 venerabili
1663 1279 1792 1341 fratri...
1810 1284 1881 1359 epis·

1113 1387 1194 1448 copo
1224 1374 1423 1447 Pietavensi,
1454 1376 1655 1439 salutemet
1684 1378 1879 1454 Apostolicam

1112 1468 1387 1532 benedictionem.

1154 1570 1202 1627 Ex
1216 1570 1310 1644 parte
1322 1571 1380 1631 tua
1395 1570 1558 1632 innostra
1575 1570 1638 1633 fult
1653 1574 1824 1648 praesentia
1835 1588 1879 1634 re·

1113 1665 1261 1737 citatum,
1276 1667 1363 1743 quod
1383 1683 1458 1728 oum
1480 1666 1735 1743 praebendarum
1754 1670 1880 1730 ecclesia

1113 1763 1179 1823 tuae
1197 1766 1375 1838 proventus
1390 1765 1468 1824 sunt
1481 1766 1609 1836 tenues
1625 1768 1660 1827 et
1674 1767 1788 1835 exiles,
1801 1782 1883 1827 cano·

1113 1859 1181 1919 niel
1202 1860 1348 1935 ejusdem
1370 1861 1520 1923 ecelesiae
1544 1878 1611 1924 nen
1627 1866 1767 1940 possunt
1785 1880 1822 1924 91
1843 1863 1881 1924 919

1113 1957 1283 2019 commode
1305 1959 1495 2029 sustentari,
1513 1975 1553 2020 ac
1576 1976 1637 2036 per
1663 1960 1729 2021 bne
1755 1959 1881 2021 nonnulli

1113 2068 1227 2115 eorum
1236 2057 1466 2132 eogunturpro
1475 2057 1678 2118 necessariis
1686 2059 1728 2118 ad
1739 2058 1882 2118 (19119911-

1113 2152 1242 2213 vertere
1257 2153 1571 2230 propinquorum,et
1583 2153 1737 2215 absentia
1753 2151 1879 2233 [cerunt

1113 2248 1201 2309 dicta
1216 2249 1358 2310 ecclesia
1379 2249 1537 2327 obsequio
1553 2250 1665 2312 debito
1681 2251 1879 2312 defraudatur.

1114 2348 1222 2418 Quare
1234 2348 1301 2408 tam
1317 2347 1511 2423 suppliciter
1526 2363 1624 2424 quam
1639 2348 1807 2410 humiliter
1818 2363 1880 2426 pos-

1113 2443 1237 2515 tulasti,
1257 2444 1293 2505 ui
1312 2443 1444 2505 salubre
1459 2461 1560 2521 super
1577 2446 1641 2507 boe
1658 2446 1825 2507 consilium
1840 2461 1882 2521 ap

1114 2555 1238 2616 ponere
1258 2539 1481 2616 dignaremur.
1507 2543 1575 2602 Nos
1596 2543 1712 2604 autem
1730 2543 1827 2603 eidem
1843 2556 1882 2602 ee

1114 2638 1225 2699 elesias
1258 2640 1396 2715 paterno
1430 2639 1671 2715 compatientes
1709 2640 1832 2708 affectu,
1857 2638 1881 2698 et

1113 2734 1173 2797 tibi
1200 2736 1300 2797 etiam
1331 2736 1472 2811 gratiam
1496 2736 1607 2798 199919
1630 2738 1812 2814 cupientes,
1834 2734 1882 2795 lra-

1114 2832 1279 2894 1919119119
1308 2835 1374 2894 ture
1400 2833 1553 2895 inclinati
1578 2834 1735 2910 precibus
1766 2847 1880 2910 praesen·

1113 2930 1196 2992 tium
1226 2931 1424 2992 auctoritate
1459 2930 1686 3004 concedimus,
1724 2933 1759 2993 ut
1789 2930 1815 2991 si
1837 2943 1881 2989 ur·

1114 3043 1197 3103 gens
1224 3029 1418 3101 necessitas,
1442 3029 1495 3089 vel
1516 3027 1655 3089 evidens
1684 3029 1804 3089 utilitas
1825 3024 1880 3086 911-
1948 3040 1949 3063 ³

1114 3127 1170 3199 gat
1189 3123 1383 3201 praebendas
1400 3126 1506 3201 ipsius
1525 3125 1681 3186 ecclesiae
1697 3125 1737 3186 de
1756 3125 1822 3185 aliis
1834 3122 1880 3182 be·

1116 3223 1242 3285 nedelis
1268 3222 1484 3283 annectendis
1512 3221 1638 3283 eisdem
1669 3240 1744 3284 cum
1770 3218 1880 3297 capituli

1113 3323 1162 3384 tui
1178 3320 1319 3382 consilio
1330 3318 1455 3387 valeas,
1469 3319 1554 3380 sieut
1568 3319 1769 3381 discretione
1782 3315 1879 3395 pravis

1115 3418 1271 3494 expedIre
1281 3417 1406 3479 videris
1419 3418 1648 3491 augmentare,
1666 3418 1759 3478 itate
1773 3414 1879 3475 intacto
1946 3412 1947 3449 ³

1102 3516 1304 3592 'hujusmodi
1326 3514 1513 3585 habiturus,
1531 3516 1566 3575 ut
1589 3530 1659 3575 non
1680 3516 1802 3575 tantum
1822 3523 1880 3587 pro·

1115 3613 1228 3674 videre
1250 3613 1412 3689 personis,
1435 3614 1593 3688 quantum
1617 3612 1729 3688 ipsius
1759 3606 1879 3671 ecclesie

1113 3710 1250 3771 utilitati
1277 3708 1451 3770 consulere
1477 3708 1612 3769 videris
1638 3709 1759 3770 Datum
1774 3705 1878 3772 libum,

1114 3810 1191 3868 Xlll
1206 3807 1366 3867 kalendas
1378 3805 1478 3882 junii,
1490 3822 1579 3866 anno
1594 3821 1697 3866 nono.

1431 4055 1591 4143 CLXIII

1246 4210 1298 4268 Ad
1310 4211 1506 4282 episcopum
1520 4208 1773 4270 Piolocensem.

1402 4338 1438 4395 10
1451 4338 1519 4395 maii
1533 4337 1612 4395 1113.

1145 4462 1267 4526 [Regest.,
1282 4461 1377 4520 lile,
1386 4462 1460 4526 epist.
1469 4461 1525 4511 333.
1534 4462 1591 4511 llas.
1604 4462 1641 4513 La
1653 4463 1729 4512 Porto
1738 4460 1770 4511 du
1780 4457 1856 4516 rnen

1115 4556 1192 4636 Facit
1207 4579 1232 4634 ei
1244 4584 1415 4651 potestatem
1429 4577 1596 4635 sacerdotes
1611 4577 1760 4649 quosdam,
1775 4569 1878 4632 1199911

1177 4667 1264 4723 suisa
1280 4667 1377 4723 caucin
1394 4666 1526 4723 civilibus
1540 4665 1669 4723 dicendis
1683 4662 1833 4724 cohibendi.

1153 4792 1322 4853 Honorius
1335 4791 1520 4869 episcopus,
1531 4807 1649 4852 servus
1656 4804 1819 4852 servorum
1826 4781 1875 4849 bei

1113 4889 1295 4950 venerabili
1313 4889 1448 4950 fratri...
1465 4888 1620 4964 episcopo
1636 4884 1877 4950 Pictavensiae-

1113 4986 1214 5047 lutam
1227 4988 1260 5047 91
1270 4984 1493 5063 apostolicam
1508 4984 1780 5046 benedictionem.

1152 5083 1182 5141 N
1185 5097 1227 5141 nn
1246 5081 1340 5142 decet
1355 5081 1484 5142 Domini
1500 5080 1691 5141 sacerdotes
1705 5077 1802 5140 lucris
1815 5076 1878 5135 eu·

1114 5178 1284 5256 poralibus
1306 5193 1398 5239 more
1426 5178 1639 5239 saecularium
1658 5177 1797 5245 inhiare,
1813 5167 1877 5231 undo

1115 5277 1320 5339 sacerdotale
1359 5292 1478 5336 nomen
1510 5274 1733 5336 abominabile
1757 5267 1878 5332 redditur

1115 5374 1270 5437 cordibus
1300 5375 1520 5434 intirmorum.
1548 5375 1599 5433 Ex
1623 5373 1680 5433 tua
1707 5386 1787 5431 sane
1806 5363 1876 5426 rela-

1113 5475 1204 5536 tione
1237 5471 1429 5542 didicimus,
1455 5470 1542 5547 quod
1571 5468 1724 5531 nonnulli
1759 5457 1877 5526 civitais

1114 5574 1146 5635 91
1161 5569 1316 5631 dioecesis
1325 5571 1391 5631 tue
1402 5566 1587 5645 presbyteri
1597 5559 1876 5643 passimquaesdbm

1115 5668 1293 5739 inhiantes,
1310 5666 1436 5728 calcata
1449 5663 1664 5727 sacerdotalis
1677 5661 1776 5724 olllcii
1788 5653 1875 5733 digni·
