<?xml version="1.0" encoding="UTF-8"?>
<!DOCTYPE html PUBLIC "-//W3C//DTD XHTML 1.0 Transitional//EN"
    "http://www.w3.org/TR/xhtml1/DTD/xhtml1-transitional.dtd">
<html xmlns="http://www.w3.org/1999/xhtml" xml:lang="en" lang="en">
 <head>
  <title>
</title>
<meta http-equiv="Content-Type" content="text/html;charset=utf-8" />
  <meta name='ocr-system' content='tesseract 3.04.00' />
  <meta name='ocr-capabilities' content='ocr_page ocr_carea ocr_par ocr_line ocrx_word'/>
</head>
<body>
  <div class='ocr_page' id='page_1' title='image "./mediiaevibiblio04bottgoog_0032.png"; bbox 0 0 4014 6224; ppageno 0'>
   <div class='ocr_carea' id='block_1_1' title="bbox 131 265 1782 339">
    <p class='ocr_par' dir='ltr' id='par_1_1' title="bbox 131 265 1782 339">
     <span class='ocr_line' id='line_1_1' title="bbox 131 265 1782 339; baseline 0.002 -8"><span class='ocrx_word' id='word_1_1' title='bbox 131 266 175 331; x_wconf 75' lang='lat'>³3</span> <span class='ocrx_word' id='word_1_2' title='bbox 743 265 994 339; x_wconf 74' lang='lat' dir='ltr'>,EPIS&#39;IOLAE.</span> <span class='ocrx_word' id='word_1_3' title='bbox 1016 265 1096 327; x_wconf 73' lang='grc' dir='ltr'><strong>ΜΒ.</strong></span> <span class='ocrx_word' id='word_1_4' title='bbox 1118 266 1173 329; x_wconf 85' lang='lat' dir='ltr'>vt.</span> <span class='ocrx_word' id='word_1_5' title='bbox 1741 272 1782 334; x_wconf 77' lang='lat'>34</span> 
     </span>
    </p>
   </div>
   <div class='ocr_carea' id='block_1_2' title="bbox 131 422 1789 3030">
    <p class='ocr_par' dir='ltr' id='par_1_2' title="bbox 131 422 1783 698">
     <span class='ocr_line' id='line_1_2' title="bbox 132 422 1783 505; baseline 0.002 -18"><span class='ocrx_word' id='word_1_6' title='bbox 132 423 293 505; x_wconf 77' lang='grc'><strong>66611616</strong></span> <span class='ocrx_word' id='word_1_7' title='bbox 306 439 389 489; x_wconf 83' lang='lat' dir='ltr'>raro</span> <span class='ocrx_word' id='word_1_8' title='bbox 405 424 562 502; x_wconf 87' lang='lat' dir='ltr'>episcopo</span> <span class='ocrx_word' id='word_1_9' title='bbox 577 423 641 487; x_wconf 86' lang='lat' dir='ltr'>tuit</span> <span class='ocrx_word' id='word_1_10' title='bbox 653 424 858 502; x_wconf 88' lang='lat' dir='ltr'>propositum</span> <span class='ocrx_word' id='word_1_11' title='bbox 872 440 932 487; x_wconf 91' lang='lat' dir='ltr'>oo-</span> <span class='ocrx_word' id='word_1_12' title='bbox 984 424 1145 488; x_wconf 83' lang='lat' dir='ltr'>walerici</span> <span class='ocrx_word' id='word_1_13' title='bbox 1157 422 1241 488; x_wconf 84' lang='grc'><strong>61...</strong></span> <span class='ocrx_word' id='word_1_14' title='bbox 1257 423 1299 486; x_wconf 93' lang='lat' dir='ltr'>de</span> <span class='ocrx_word' id='word_1_15' title='bbox 1312 427 1407 501; x_wconf 85' lang='lat' dir='ltr'>Ange</span> <span class='ocrx_word' id='word_1_16' title='bbox 1426 424 1614 500; x_wconf 83' lang='lat' dir='ltr'>abbatibus,</span> <span class='ocrx_word' id='word_1_17' title='bbox 1631 428 1665 491; x_wconf 91' lang='grc'>61</span> <span class='ocrx_word' id='word_1_18' title='bbox 1676 428 1783 503; x_wconf 82' lang='lat' dir='ltr'><strong>priori</strong></span> 
     </span>
     <span class='ocr_line' id='line_1_3' title="bbox 131 512 1780 602; baseline 0 -15"><span class='ocrx_word' id='word_1_19' title='bbox 131 539 207 589; x_wconf 86' lang='lat' dir='ltr'>ram</span> <span class='ocrx_word' id='word_1_20' title='bbox 220 521 930 600; x_wconf 70' lang='grc'><strong>6616166661166616616666,666666166166</strong></span> <span class='ocrx_word' id='word_1_21' title='bbox 986 512 1780 602; x_wconf 62' lang='grc' dir='ltr'><strong>8666611616ἰοί,1161116666611161116616666.</strong></span> 
     </span>
     <span class='ocr_line' id='line_1_4' title="bbox 133 618 1670 698; baseline -0.002 -16"><span class='ocrx_word' id='word_1_22' title='bbox 133 621 266 698; x_wconf 85' lang='lat' dir='ltr'>quando</span> <span class='ocrx_word' id='word_1_23' title='bbox 280 620 321 681; x_wconf 87' lang='lat' dir='ltr'>ad</span> <span class='ocrx_word' id='word_1_24' title='bbox 337 620 533 683; x_wconf 79' lang='lat' dir='ltr'>electionem</span> <span class='ocrx_word' id='word_1_25' title='bbox 548 618 737 696; x_wconf 72' lang='lat' dir='ltr'>huiusmodi</span> <span class='ocrx_word' id='word_1_26' title='bbox 751 634 931 697; x_wconf 88' lang='lat' dir='ltr'>processa·</span> <span class='ocrx_word' id='word_1_27' title='bbox 986 619 1179 680; x_wconf 86' lang='lat' dir='ltr'>dioecesum.</span> <span class='ocrx_word' id='word_1_28' title='bbox 1666 670 1670 679; x_wconf 84' lang='grc'><strong>.</strong></span> 
     </span>
    </p>

    <p class='ocr_par' dir='ltr' id='par_1_3' title="bbox 132 716 1789 3030">
     <span class='ocr_line' id='line_1_5' title="bbox 132 716 1784 800; baseline 0.001 -18"><span class='ocrx_word' id='word_1_29' title='bbox 132 719 224 789; x_wconf 83' lang='lat' dir='ltr'>runt,</span> <span class='ocrx_word' id='word_1_30' title='bbox 242 718 340 779; x_wconf 88' lang='lat' dir='ltr'>erant</span> <span class='ocrx_word' id='word_1_31' title='bbox 353 733 414 794; x_wconf 92' lang='lat' dir='ltr'>pro</span> <span class='ocrx_word' id='word_1_32' title='bbox 433 731 488 789; x_wconf 91' lang='grc'>66,</span> <span class='ocrx_word' id='word_1_33' title='bbox 510 717 543 778; x_wconf 92' lang='grc'>61</span> <span class='ocrx_word' id='word_1_34' title='bbox 561 716 670 777; x_wconf 90' lang='lat' dir='ltr'>adbuc</span> <span class='ocrx_word' id='word_1_35' title='bbox 689 718 766 778; x_wconf 88' lang='lat' dir='ltr'>sunt</span> <span class='ocrx_word' id='word_1_36' title='bbox 780 731 839 794; x_wconf 94' lang='lat' dir='ltr'>per</span> <span class='ocrx_word' id='word_1_37' title='bbox 841 758 929 775; x_wconf 87' lang='grc'><strong>.......</strong></span> <span class='ocrx_word' id='word_1_38' title='bbox 1026 717 1076 778; x_wconf 88' lang='lat' dir='ltr'>Ad</span> <span class='ocrx_word' id='word_1_39' title='bbox 1096 716 1244 778; x_wconf 88' lang='lat' dir='ltr'>nostram</span> <span class='ocrx_word' id='word_1_40' title='bbox 1259 717 1476 791; x_wconf 87' lang='lat' dir='ltr'>audientiam,</span> <span class='ocrx_word' id='word_1_41' title='bbox 1490 718 1609 782; x_wconf 90' lang='lat' dir='ltr'>dilecto</span> <span class='ocrx_word' id='word_1_42' title='bbox 1624 720 1692 781; x_wconf 86' lang='lat' dir='ltr'>illio</span> <span class='ocrx_word' id='word_1_43' title='bbox 1709 718 1784 800; x_wconf 89' lang='lat' dir='ltr'>[ab-</span> 
     </span>
     <span class='ocr_line' id='line_1_6' title="bbox 133 812 1784 895; baseline 0.003 -19"><span class='ocrx_word' id='word_1_44' title='bbox 133 814 300 876; x_wconf 87' lang='lat' dir='ltr'>decanum</span> <span class='ocrx_word' id='word_1_45' title='bbox 311 813 477 875; x_wconf 85' lang='lat' dir='ltr'>Parisien.</span> <span class='ocrx_word' id='word_1_46' title='bbox 492 814 525 875; x_wconf 91' lang='lat' dir='ltr'>et</span> <span class='ocrx_word' id='word_1_47' title='bbox 538 828 616 873; x_wconf 89' lang='lat' dir='ltr'>suos</span> <span class='ocrx_word' id='word_1_48' title='bbox 627 813 829 888; x_wconf 85' lang='lat' dir='ltr'>conjudices,</span> <span class='ocrx_word' id='word_1_49' title='bbox 846 812 933 873; x_wconf 91' lang='lat' dir='ltr'>dele·</span> <span class='ocrx_word' id='word_1_50' title='bbox 985 812 1074 892; x_wconf 86' lang='lat' dir='ltr'>bate]</span> <span class='ocrx_word' id='word_1_51' title='bbox 1094 813 1461 877; x_wconf 86' lang='lat' dir='ltr'>S.LucianiBelvacen.</span> <span class='ocrx_word' id='word_1_52' title='bbox 1473 816 1691 892; x_wconf 84' lang='lat' dir='ltr'>significante,</span> <span class='ocrx_word' id='word_1_53' title='bbox 1711 834 1784 895; x_wconf 90' lang='lat' dir='ltr'>per·</span> 
     </span>
     <span class='ocr_line' id='line_1_7' title="bbox 133 909 1785 990; baseline 0.004 -18"><span class='ocrx_word' id='word_1_54' title='bbox 133 912 231 989; x_wconf 87' lang='lat' dir='ltr'>gatos</span> <span class='ocrx_word' id='word_1_55' title='bbox 249 927 271 972; x_wconf 91' lang='lat' dir='ltr'>a</span> <span class='ocrx_word' id='word_1_56' title='bbox 287 909 384 972; x_wconf 90' lang='lat' dir='ltr'>nobis</span> <span class='ocrx_word' id='word_1_57' title='bbox 404 912 440 971; x_wconf 89' lang='lat' dir='ltr'>in</span> <span class='ocrx_word' id='word_1_58' title='bbox 455 926 556 973; x_wconf 89' lang='lat' dir='ltr'>causa</span> <span class='ocrx_word' id='word_1_59' title='bbox 576 926 650 988; x_wconf 86' lang='lat' dir='ltr'>quae</span> <span class='ocrx_word' id='word_1_60' title='bbox 671 910 760 972; x_wconf 89' lang='lat' dir='ltr'>inter</span> <span class='ocrx_word' id='word_1_61' title='bbox 781 910 933 971; x_wconf 90' lang='lat' dir='ltr'>eumdem</span> <span class='ocrx_word' id='word_1_62' title='bbox 988 911 1091 984; x_wconf 82' lang='lat' dir='ltr'>venit,</span> <span class='ocrx_word' id='word_1_63' title='bbox 1103 912 1190 990; x_wconf 84' lang='lat' dir='ltr'>quod</span> <span class='ocrx_word' id='word_1_64' title='bbox 1204 927 1280 973; x_wconf 93' lang='lat' dir='ltr'>cum</span> <span class='ocrx_word' id='word_1_65' title='bbox 1291 912 1380 975; x_wconf 93' lang='lat' dir='ltr'>idem</span> <span class='ocrx_word' id='word_1_66' title='bbox 1390 914 1632 979; x_wconf 86' lang='lat' dir='ltr'>monachorum</span> <span class='ocrx_word' id='word_1_67' title='bbox 1647 930 1785 978; x_wconf 89' lang='lat' dir='ltr'>suorum</span> 
     </span>
     <span class='ocr_line' id='line_1_8' title="bbox 133 1008 1783 1087; baseline 0.001 -15"><span class='ocrx_word' id='word_1_68' title='bbox 133 1009 330 1087; x_wconf 88' lang='lat' dir='ltr'>episcopum</span> <span class='ocrx_word' id='word_1_69' title='bbox 357 1008 517 1085; x_wconf 83' lang='lat' dir='ltr'>exparte</span> <span class='ocrx_word' id='word_1_70' title='bbox 543 1024 610 1069; x_wconf 91' lang='lat' dir='ltr'>una</span> <span class='ocrx_word' id='word_1_71' title='bbox 638 1008 671 1070; x_wconf 92' lang='lat' dir='ltr'>et</span> <span class='ocrx_word' id='word_1_72' title='bbox 694 1008 932 1070; x_wconf 90' lang='lat' dir='ltr'>monasterium</span> <span class='ocrx_word' id='word_1_73' title='bbox 987 1025 1156 1082; x_wconf 82' lang='lat' dir='ltr'>excessus,</span> <span class='ocrx_word' id='word_1_74' title='bbox 1166 1010 1347 1079; x_wconf 88' lang='lat' dir='ltr'>secundum</span> <span class='ocrx_word' id='word_1_75' title='bbox 1357 1013 1462 1071; x_wconf 85' lang='lat' dir='ltr'>Deum</span> <span class='ocrx_word' id='word_1_76' title='bbox 1475 1012 1508 1073; x_wconf 89' lang='lat' dir='ltr'>et</span> <span class='ocrx_word' id='word_1_77' title='bbox 1516 1011 1783 1077; x_wconf 88' lang='lat' dir='ltr'>beatiBenedicti</span> 
     </span>
     <span class='ocr_line' id='line_1_9' title="bbox 133 1104 1783 1185; baseline 0.003 -18"><span class='ocrx_word' id='word_1_78' title='bbox 133 1107 246 1184; x_wconf 89' lang='lat' dir='ltr'>ipsum</span> <span class='ocrx_word' id='word_1_79' title='bbox 267 1122 312 1167; x_wconf 81' lang='lat' dir='ltr'>ex</span> <span class='ocrx_word' id='word_1_80' title='bbox 324 1106 442 1177; x_wconf 91' lang='lat' dir='ltr'>altera,</span> <span class='ocrx_word' id='word_1_81' title='bbox 457 1121 556 1182; x_wconf 89' lang='lat' dir='ltr'>super</span> <span class='ocrx_word' id='word_1_82' title='bbox 575 1104 772 1182; x_wconf 86' lang='lat' dir='ltr'>quibusdam</span> <span class='ocrx_word' id='word_1_83' title='bbox 793 1106 932 1167; x_wconf 85' lang='lat' dir='ltr'>decimis</span> <span class='ocrx_word' id='word_1_84' title='bbox 987 1108 1148 1183; x_wconf 86' lang='lat' dir='ltr'>regulam,</span> <span class='ocrx_word' id='word_1_85' title='bbox 1161 1107 1300 1171; x_wconf 88' lang='lat' dir='ltr'>caritate</span> <span class='ocrx_word' id='word_1_86' title='bbox 1310 1107 1441 1184; x_wconf 85' lang='lat' dir='ltr'>satagat</span> <span class='ocrx_word' id='word_1_87' title='bbox 1450 1109 1625 1185; x_wconf 84' lang='lat' dir='ltr'>castigare,</span> <span class='ocrx_word' id='word_1_88' title='bbox 1635 1110 1735 1172; x_wconf 88' lang='lat' dir='ltr'>iidem</span> <span class='ocrx_word' id='word_1_89' title='bbox 1746 1111 1783 1173; x_wconf 90' lang='lat' dir='ltr'>ln</span> 
     </span>
     <span class='ocr_line' id='line_1_10' title="bbox 133 1203 1782 1282; baseline 0.002 -16"><span class='ocrx_word' id='word_1_90' title='bbox 133 1203 661 1276; x_wconf 73' lang='lat' dir='ltr'>vertetur,excommunicationis</span> <span class='ocrx_word' id='word_1_91' title='bbox 679 1203 814 1264; x_wconf 86' lang='lat' dir='ltr'>vinculo</span> <span class='ocrx_word' id='word_1_92' title='bbox 835 1203 934 1264; x_wconf 91' lang='lat' dir='ltr'>inno·</span> <span class='ocrx_word' id='word_1_93' title='bbox 987 1205 1170 1267; x_wconf 90' lang='lat' dir='ltr'>elusionem</span> <span class='ocrx_word' id='word_1_94' title='bbox 1188 1205 1380 1266; x_wconf 83' lang='lat' dir='ltr'>monasticae</span> <span class='ocrx_word' id='word_1_95' title='bbox 1402 1205 1600 1282; x_wconf 87' lang='lat' dir='ltr'>disciplinae,</span> <span class='ocrx_word' id='word_1_96' title='bbox 1614 1208 1725 1271; x_wconf 88' lang='lat' dir='ltr'>statim</span> <span class='ocrx_word' id='word_1_97' title='bbox 1745 1208 1782 1270; x_wconf 91' lang='lat' dir='ltr'>in</span> 
     </span>
     <span class='ocr_line' id='line_1_11' title="bbox 134 1299 1782 1383; baseline 0.003 -21"><span class='ocrx_word' id='word_1_98' title='bbox 134 1301 227 1376; x_wconf 79' lang='lat' dir='ltr'>dati3</span> <span class='ocrx_word' id='word_1_99' title='bbox 251 1316 355 1378; x_wconf 87' lang='lat' dir='ltr'>quare</span> <span class='ocrx_word' id='word_1_100' title='bbox 377 1299 551 1383; x_wconf 78' lang='lat' dir='ltr'>petebatur</span> <span class='ocrx_word' id='word_1_101' title='bbox 574 1300 723 1361; x_wconf 88' lang='lat' dir='ltr'>eamdem</span> <span class='ocrx_word' id='word_1_102' title='bbox 738 1300 934 1362; x_wconf 83' lang='lat' dir='ltr'>electionem</span> <span class='ocrx_word' id='word_1_103' title='bbox 987 1317 1102 1371; x_wconf 81' lang='lat' dir='ltr'>rocem</span> <span class='ocrx_word' id='word_1_104' title='bbox 1122 1302 1355 1379; x_wconf 79' lang='lat' dir='ltr'>appellationis</span> <span class='ocrx_word' id='word_1_105' title='bbox 1385 1304 1623 1379; x_wconf 87' lang='lat' dir='ltr'>prorumpunt;</span> <span class='ocrx_word' id='word_1_106' title='bbox 1647 1305 1782 1381; x_wconf 90' lang='lat' dir='ltr'>propter</span> 
     </span>
     <span class='ocr_line' id='line_1_12' title="bbox 133 1396 1785 1476; baseline 0.005 -17"><span class='ocrx_word' id='word_1_107' title='bbox 133 1398 269 1460; x_wconf 83' lang='lat' dir='ltr'>irrilmn</span> <span class='ocrx_word' id='word_1_108' title='bbox 297 1396 458 1458; x_wconf 82' lang='lat' dir='ltr'>nuntIari.</span> <span class='ocrx_word' id='word_1_109' title='bbox 483 1397 639 1458; x_wconf 82' lang='lat' dir='ltr'>volentes</span> <span class='ocrx_word' id='word_1_110' title='bbox 662 1397 765 1473; x_wconf 84' lang='lat' dir='ltr'>igitur</span> <span class='ocrx_word' id='word_1_111' title='bbox 783 1398 852 1458; x_wconf 89' lang='lat' dir='ltr'>tam</span> <span class='ocrx_word' id='word_1_112' title='bbox 875 1396 933 1457; x_wconf 92' lang='lat' dir='ltr'>in·</span> <span class='ocrx_word' id='word_1_113' title='bbox 988 1400 1074 1476; x_wconf 86' lang='lat' dir='ltr'>quod</span> <span class='ocrx_word' id='word_1_114' title='bbox 1082 1415 1197 1461; x_wconf 91' lang='lat' dir='ltr'>eorum</span> <span class='ocrx_word' id='word_1_115' title='bbox 1206 1415 1363 1461; x_wconf 77' lang='lat' dir='ltr'>excessus</span> <span class='ocrx_word' id='word_1_116' title='bbox 1373 1400 1785 1472; x_wconf 85' lang='lat' dir='ltr'>remanentinoorrecti,et</span> 
     </span>
     <span class='ocr_line' id='line_1_13' title="bbox 134 1493 1784 1574; baseline 0.001 -17"><span class='ocrx_word' id='word_1_117' title='bbox 134 1495 312 1557; x_wconf 85' lang='lat' dir='ltr'>damnitati</span> <span class='ocrx_word' id='word_1_118' title='bbox 335 1493 543 1567; x_wconf 90' lang='lat' dir='ltr'>monasterii,</span> <span class='ocrx_word' id='word_1_119' title='bbox 567 1510 665 1571; x_wconf 88' lang='lat' dir='ltr'>quam</span> <span class='ocrx_word' id='word_1_120' title='bbox 692 1494 763 1572; x_wconf 88' lang='lat' dir='ltr'>juri</span> <span class='ocrx_word' id='word_1_121' title='bbox 786 1494 933 1571; x_wconf 87' lang='lat' dir='ltr'>ejusdem</span> <span class='ocrx_word' id='word_1_122' title='bbox 987 1496 1111 1558; x_wconf 85' lang='lat' dir='ltr'>ibidem</span> <span class='ocrx_word' id='word_1_123' title='bbox 1126 1496 1267 1573; x_wconf 87' lang='lat' dir='ltr'>tepescit</span> <span class='ocrx_word' id='word_1_124' title='bbox 1280 1495 1492 1558; x_wconf 87' lang='lat' dir='ltr'>observantia</span> <span class='ocrx_word' id='word_1_125' title='bbox 1510 1498 1686 1574; x_wconf 87' lang='lat' dir='ltr'>regularis.</span> <span class='ocrx_word' id='word_1_126' title='bbox 1703 1500 1784 1567; x_wconf 87' lang='lat' dir='ltr'>Cum</span> 
     </span>
     <span class='ocr_line' id='line_1_14' title="bbox 134 1590 1784 1671; baseline 0.002 -16"><span class='ocrx_word' id='word_1_127' title='bbox 134 1591 287 1670; x_wconf 79' lang='lat' dir='ltr'>episcopi</span> <span class='ocrx_word' id='word_1_128' title='bbox 327 1607 473 1667; x_wconf 87' lang='lat' dir='ltr'>congrue</span> <span class='ocrx_word' id='word_1_129' title='bbox 513 1591 707 1669; x_wconf 83' lang='lat' dir='ltr'>providere,</span> <span class='ocrx_word' id='word_1_130' title='bbox 739 1590 934 1653; x_wconf 87' lang='lat' dir='ltr'>discretioni</span> <span class='ocrx_word' id='word_1_131' title='bbox 988 1594 1090 1669; x_wconf 86' lang='lat' dir='ltr'>igitur</span> <span class='ocrx_word' id='word_1_132' title='bbox 1104 1593 1337 1671; x_wconf 82' lang='lat' dir='ltr'>appellationis</span> <span class='ocrx_word' id='word_1_133' title='bbox 1351 1594 1536 1655; x_wconf 89' lang='lat' dir='ltr'>remedium</span> <span class='ocrx_word' id='word_1_134' title='bbox 1548 1594 1584 1655; x_wconf 92' lang='lat' dir='ltr'>in</span> <span class='ocrx_word' id='word_1_135' title='bbox 1598 1595 1784 1659; x_wconf 85' lang='lat' dir='ltr'>subsidium</span> 
     </span>
     <span class='ocr_line' id='line_1_15' title="bbox 133 1688 1787 1768; baseline 0.001 -16"><span class='ocrx_word' id='word_1_136' title='bbox 133 1690 259 1753; x_wconf 69' lang='lat' dir='ltr'>vestrae</span> <span class='ocrx_word' id='word_1_137' title='bbox 277 1705 338 1766; x_wconf 88' lang='lat' dir='ltr'>per</span> <span class='ocrx_word' id='word_1_138' title='bbox 360 1688 550 1766; x_wconf 78' lang='lat' dir='ltr'>apostolica</span> <span class='ocrx_word' id='word_1_139' title='bbox 577 1690 701 1767; x_wconf 86' lang='lat' dir='ltr'>scripta</span> <span class='ocrx_word' id='word_1_140' title='bbox 724 1688 931 1761; x_wconf 90' lang='lat' dir='ltr'>mandamus,</span> <span class='ocrx_word' id='word_1_141' title='bbox 988 1706 1232 1768; x_wconf 90' lang='lat' dir='ltr'>oppressorum,</span> <span class='ocrx_word' id='word_1_142' title='bbox 1245 1707 1312 1752; x_wconf 92' lang='lat' dir='ltr'>non</span> <span class='ocrx_word' id='word_1_143' title='bbox 1326 1690 1362 1751; x_wconf 94' lang='lat' dir='ltr'>in</span> <span class='ocrx_word' id='word_1_144' title='bbox 1377 1691 1599 1766; x_wconf 91' lang='lat' dir='ltr'>malignorum</span> <span class='ocrx_word' id='word_1_145' title='bbox 1615 1692 1787 1755; x_wconf 85' lang='lat' dir='ltr'>subterlu-</span> 
     </span>
     <span class='ocr_line' id='line_1_16' title="bbox 134 1785 1785 1868; baseline 0.002 -20"><span class='ocrx_word' id='word_1_146' title='bbox 134 1789 303 1866; x_wconf 84' lang='lat' dir='ltr'>quatenus</span> <span class='ocrx_word' id='word_1_147' title='bbox 322 1787 424 1848; x_wconf 89' lang='lat' dir='ltr'>latam</span> <span class='ocrx_word' id='word_1_148' title='bbox 438 1785 479 1847; x_wconf 90' lang='lat' dir='ltr'>ab</span> <span class='ocrx_word' id='word_1_149' title='bbox 494 1786 650 1865; x_wconf 90' lang='lat' dir='ltr'>episcopo</span> <span class='ocrx_word' id='word_1_150' title='bbox 664 1785 854 1864; x_wconf 88' lang='lat' dir='ltr'>hujusmodi</span> <span class='ocrx_word' id='word_1_151' title='bbox 874 1802 936 1848; x_wconf 82' lang='lat' dir='ltr'>ex·</span> <span class='ocrx_word' id='word_1_152' title='bbox 988 1788 1079 1864; x_wconf 86' lang='lat' dir='ltr'>glum</span> <span class='ocrx_word' id='word_1_153' title='bbox 1101 1787 1146 1849; x_wconf 90' lang='lat' dir='ltr'>sit</span> <span class='ocrx_word' id='word_1_154' title='bbox 1167 1787 1351 1859; x_wconf 77' lang='lat' dir='ltr'>inventum,</span> <span class='ocrx_word' id='word_1_155' title='bbox 1372 1787 1566 1851; x_wconf 88' lang='lat' dir='ltr'>discretioni</span> <span class='ocrx_word' id='word_1_156' title='bbox 1582 1789 1702 1852; x_wconf 83' lang='lat' dir='ltr'>vestrae</span> <span class='ocrx_word' id='word_1_157' title='bbox 1724 1806 1785 1868; x_wconf 89' lang='lat' dir='ltr'>per</span> 
     </span>
     <span class='ocr_line' id='line_1_17' title="bbox 134 1880 1784 1963; baseline 0 -15"><span class='ocrx_word' id='word_1_158' title='bbox 134 1880 451 1948; x_wconf 81' lang='lat' dir='ltr'>communicationis</span> <span class='ocrx_word' id='word_1_159' title='bbox 484 1884 682 1945; x_wconf 88' lang='lat' dir='ltr'>sententiam</span> <span class='ocrx_word' id='word_1_160' title='bbox 717 1883 934 1946; x_wconf 83' lang='lat' dir='ltr'>decernentes</span> <span class='ocrx_word' id='word_1_161' title='bbox 988 1884 1178 1961; x_wconf 77' lang='lat' dir='ltr'>apostolica</span> <span class='ocrx_word' id='word_1_162' title='bbox 1214 1885 1338 1961; x_wconf 90' lang='lat' dir='ltr'>scripta</span> <span class='ocrx_word' id='word_1_163' title='bbox 1375 1884 1587 1957; x_wconf 88' lang='lat' dir='ltr'>mandamus,</span> <span class='ocrx_word' id='word_1_164' title='bbox 1621 1890 1784 1963; x_wconf 85' lang='lat' dir='ltr'>quatenus</span> 
     </span>
     <span class='ocr_line' id='line_1_18' title="bbox 135 1980 1786 2063; baseline 0.002 -20"><span class='ocrx_word' id='word_1_165' title='bbox 135 1982 271 2045; x_wconf 86' lang='lat' dir='ltr'>irritam</span> <span class='ocrx_word' id='word_1_166' title='bbox 296 1984 330 2043; x_wconf 92' lang='grc'>61</span> <span class='ocrx_word' id='word_1_167' title='bbox 354 1981 501 2053; x_wconf 89' lang='lat' dir='ltr'>inanem,</span> <span class='ocrx_word' id='word_1_168' title='bbox 531 1997 552 2043; x_wconf 89' lang='lat' dir='ltr'>a</span> <span class='ocrx_word' id='word_1_169' title='bbox 578 1981 746 2059; x_wconf 86' lang='lat' dir='ltr'>praedictis</span> <span class='ocrx_word' id='word_1_170' title='bbox 774 1980 936 2043; x_wconf 88' lang='grc'><strong>61661661</strong></span> <span class='ocrx_word' id='word_1_171' title='bbox 989 1981 1169 2043; x_wconf 89' lang='lat' dir='ltr'>monachos</span> <span class='ocrx_word' id='word_1_172' title='bbox 1178 1981 1372 2054; x_wconf 89' lang='lat' dir='ltr'>antedictos,</span> <span class='ocrx_word' id='word_1_173' title='bbox 1382 1981 1429 2054; x_wconf 91' lang='grc'>61,</span> <span class='ocrx_word' id='word_1_174' title='bbox 1437 1982 1659 2059; x_wconf 87' lang='grc'><strong>666611611666</strong></span> <span class='ocrx_word' id='word_1_175' title='bbox 1670 1983 1786 2063; x_wconf 87' lang='lat' dir='ltr'>hujus·</span> 
     </span>
     <span class='ocr_line' id='line_1_19' title="bbox 134 2077 1785 2157; baseline 0.001 -16"><span class='ocrx_word' id='word_1_176' title='bbox 134 2078 351 2150; x_wconf 78' lang='lat' dir='ltr'>electoribus,</span> <span class='ocrx_word' id='word_1_177' title='bbox 363 2077 493 2151; x_wconf 92' lang='lat' dir='ltr'>idonea,</span> <span class='ocrx_word' id='word_1_178' title='bbox 506 2077 547 2139; x_wconf 91' lang='lat' dir='ltr'>de</span> <span class='ocrx_word' id='word_1_179' title='bbox 561 2093 708 2155; x_wconf 87' lang='lat' dir='ltr'>congrua</span> <span class='ocrx_word' id='word_1_180' title='bbox 719 2078 873 2156; x_wconf 91' lang='lat' dir='ltr'>episcopo</span> <span class='ocrx_word' id='word_1_181' title='bbox 886 2093 939 2139; x_wconf 90' lang='lat' dir='ltr'>sa·</span> <span class='ocrx_word' id='word_1_182' title='bbox 990 2078 1079 2140; x_wconf 90' lang='lat' dir='ltr'>modi</span> <span class='ocrx_word' id='word_1_183' title='bbox 1096 2094 1163 2139; x_wconf 94' lang='lat' dir='ltr'>non</span> <span class='ocrx_word' id='word_1_184' title='bbox 1180 2078 1331 2141; x_wconf 89' lang='lat' dir='ltr'>obstante</span> <span class='ocrx_word' id='word_1_185' title='bbox 1344 2078 1381 2139; x_wconf 93' lang='lat' dir='ltr'>in</span> <span class='ocrx_word' id='word_1_186' title='bbox 1398 2079 1582 2140; x_wconf 86' lang='lat' dir='ltr'>elusionem</span> <span class='ocrx_word' id='word_1_187' title='bbox 1599 2079 1785 2157; x_wconf 77' lang='lat' dir='ltr'>disciplinae</span> 
     </span>
     <span class='ocr_line' id='line_1_20' title="bbox 134 2173 1787 2253; baseline -0.001 -14"><span class='ocrx_word' id='word_1_188' title='bbox 134 2175 329 2239; x_wconf 88' lang='lat' dir='ltr'>tisiactione</span> <span class='ocrx_word' id='word_1_189' title='bbox 351 2175 549 2252; x_wconf 86' lang='lat' dir='ltr'>praestanda,</span> <span class='ocrx_word' id='word_1_190' title='bbox 566 2175 596 2236; x_wconf 92' lang='lat' dir='ltr'>si</span> <span class='ocrx_word' id='word_1_191' title='bbox 610 2176 703 2252; x_wconf 87' lang='lat' dir='ltr'>justa</span> <span class='ocrx_word' id='word_1_192' title='bbox 724 2173 825 2237; x_wconf 85' lang='lat' dir='ltr'>luerit</span> <span class='ocrx_word' id='word_1_193' title='bbox 845 2174 938 2235; x_wconf 88' lang='lat' dir='ltr'>dele-</span> <span class='ocrx_word' id='word_1_194' title='bbox 991 2176 1183 2237; x_wconf 89' lang='lat' dir='ltr'>monasticae</span> <span class='ocrx_word' id='word_1_195' title='bbox 1196 2175 1380 2253; x_wconf 87' lang='lat' dir='ltr'>interjecta,</span> <span class='ocrx_word' id='word_1_196' title='bbox 1391 2175 1497 2237; x_wconf 90' lang='lat' dir='ltr'>eidem</span> <span class='ocrx_word' id='word_1_197' title='bbox 1505 2175 1616 2238; x_wconf 89' lang='lat' dir='ltr'>abbati</span> <span class='ocrx_word' id='word_1_198' title='bbox 1628 2175 1787 2238; x_wconf 89' lang='lat' dir='ltr'>obedien·</span> 
     </span>
     <span class='ocr_line' id='line_1_21' title="bbox 135 2271 1787 2351; baseline 0.001 -16"><span class='ocrx_word' id='word_1_199' title='bbox 135 2274 293 2350; x_wconf 86' lang='lat' dir='ltr'>gatorum</span> <span class='ocrx_word' id='word_1_200' title='bbox 316 2273 468 2351; x_wconf 71' lang='lat' dir='ltr'>iudicum</span> <span class='ocrx_word' id='word_1_201' title='bbox 491 2273 624 2349; x_wconf 87' lang='lat' dir='ltr'>reperta</span> <span class='ocrx_word' id='word_1_202' title='bbox 649 2271 825 2345; x_wconf 89' lang='lat' dir='ltr'>sententia,</span> <span class='ocrx_word' id='word_1_203' title='bbox 851 2287 937 2333; x_wconf 89' lang='lat' dir='ltr'>cau-</span> <span class='ocrx_word' id='word_1_204' title='bbox 989 2273 1083 2345; x_wconf 89' lang='lat' dir='ltr'>tiam,</span> <span class='ocrx_word' id='word_1_205' title='bbox 1098 2274 1131 2335; x_wconf 90' lang='lat' dir='ltr'>et</span> <span class='ocrx_word' id='word_1_206' title='bbox 1148 2273 1371 2335; x_wconf 81' lang='lat' dir='ltr'>reverentiam</span> <span class='ocrx_word' id='word_1_207' title='bbox 1384 2272 1529 2339; x_wconf 87' lang='lat' dir='ltr'>debitam</span> <span class='ocrx_word' id='word_1_208' title='bbox 1543 2272 1734 2343; x_wconf 79' lang='lat' dir='ltr'>exhibeant,</span> <span class='ocrx_word' id='word_1_209' title='bbox 1749 2275 1787 2336; x_wconf 91' lang='lat' dir='ltr'>ut</span> 
     </span>
     <span class='ocr_line' id='line_1_22' title="bbox 135 2366 1787 2448; baseline -0.002 -14"><span class='ocrx_word' id='word_1_210' title='bbox 135 2372 230 2434; x_wconf 90' lang='grc'><strong>11666</strong></span> <span class='ocrx_word' id='word_1_211' title='bbox 245 2370 391 2448; x_wconf 86' lang='grc'><strong>6666616,</strong></span> <span class='ocrx_word' id='word_1_212' title='bbox 405 2370 492 2432; x_wconf 84' lang='lat' dir='ltr'>infra</span> <span class='ocrx_word' id='word_1_213' title='bbox 507 2370 695 2448; x_wconf 86' lang='lat' dir='ltr'>quindecim</span> <span class='ocrx_word' id='word_1_214' title='bbox 716 2370 787 2431; x_wconf 91' lang='lat' dir='ltr'>dies</span> <span class='ocrx_word' id='word_1_215' title='bbox 801 2370 937 2447; x_wconf 89' lang='lat' dir='ltr'>impen-</span> <span class='ocrx_word' id='word_1_216' title='bbox 990 2367 1157 2439; x_wconf 90' lang='lat' dir='ltr'>tenentur,</span> <span class='ocrx_word' id='word_1_217' title='bbox 1168 2366 1274 2444; x_wconf 90' lang='lat' dir='ltr'>ipsius</span> <span class='ocrx_word' id='word_1_218' title='bbox 1289 2366 1437 2428; x_wconf 89' lang='lat' dir='ltr'>salubria</span> <span class='ocrx_word' id='word_1_219' title='bbox 1451 2367 1576 2429; x_wconf 89' lang='lat' dir='ltr'>monita</span> <span class='ocrx_word' id='word_1_220' title='bbox 1587 2368 1620 2430; x_wconf 89' lang='lat' dir='ltr'>et</span> <span class='ocrx_word' id='word_1_221' title='bbox 1631 2369 1787 2431; x_wconf 88' lang='lat' dir='ltr'>mandata</span> 
     </span>
     <span class='ocr_line' id='line_1_23' title="bbox 137 2465 1788 2542; baseline 0.001 -15"><span class='ocrx_word' id='word_1_222' title='bbox 137 2466 226 2529; x_wconf 86' lang='lat' dir='ltr'>datis</span> <span class='ocrx_word' id='word_1_223' title='bbox 255 2467 383 2527; x_wconf 90' lang='lat' dir='ltr'>eisdem</span> <span class='ocrx_word' id='word_1_224' title='bbox 416 2466 634 2528; x_wconf 76' lang='lat' dir='ltr'>absolutionis</span> <span class='ocrx_word' id='word_1_225' title='bbox 668 2465 866 2528; x_wconf 83' lang='lat' dir='ltr'>beneficium</span> <span class='ocrx_word' id='word_1_226' title='bbox 895 2465 937 2526; x_wconf 90' lang='lat' dir='ltr'>ad</span> <span class='ocrx_word' id='word_1_227' title='bbox 991 2465 1191 2542; x_wconf 88' lang='lat' dir='ltr'>recipientes</span> <span class='ocrx_word' id='word_1_228' title='bbox 1203 2465 1414 2527; x_wconf 90' lang='lat' dir='ltr'>humiliteret</span> <span class='ocrx_word' id='word_1_229' title='bbox 1425 2465 1788 2528; x_wconf 86' lang='lat' dir='ltr'>inviolabiliterobser-</span> 
     </span>
     <span class='ocr_line' id='line_1_24' title="bbox 137 2562 1789 2640; baseline 0.001 -15"><span class='ocrx_word' id='word_1_230' title='bbox 137 2565 320 2636; x_wconf 89' lang='lat' dir='ltr'>cautelam,</span> <span class='ocrx_word' id='word_1_231' title='bbox 342 2564 374 2625; x_wconf 94' lang='grc'>61</span> <span class='ocrx_word' id='word_1_232' title='bbox 392 2579 526 2625; x_wconf 89' lang='lat' dir='ltr'>causam</span> <span class='ocrx_word' id='word_1_233' title='bbox 555 2563 596 2625; x_wconf 94' lang='lat' dir='ltr'>ad</span> <span class='ocrx_word' id='word_1_234' title='bbox 621 2563 770 2640; x_wconf 84' lang='lat' dir='ltr'>priorum</span> <span class='ocrx_word' id='word_1_235' title='bbox 787 2563 938 2640; x_wconf 88' lang='lat' dir='ltr'>judicum</span> <span class='ocrx_word' id='word_1_236' title='bbox 991 2564 1120 2634; x_wconf 78' lang='lat' dir='ltr'>rantes,</span> <span class='ocrx_word' id='word_1_237' title='bbox 1134 2562 1318 2624; x_wconf 89' lang='lat' dir='ltr'>monitione</span> <span class='ocrx_word' id='word_1_238' title='bbox 1338 2562 1521 2639; x_wconf 87' lang='lat' dir='ltr'>praemissa,</span> <span class='ocrx_word' id='word_1_239' title='bbox 1536 2578 1596 2640; x_wconf 92' lang='lat' dir='ltr'>per</span> <span class='ocrx_word' id='word_1_240' title='bbox 1614 2578 1789 2626; x_wconf 91' lang='lat' dir='ltr'>censuram</span> 
     </span>
     <span class='ocr_line' id='line_1_25' title="bbox 136 2659 1786 2738; baseline -0.001 -14"><span class='ocrx_word' id='word_1_241' title='bbox 136 2661 318 2724; x_wconf 86' lang='lat' dir='ltr'>remittatis</span> <span class='ocrx_word' id='word_1_242' title='bbox 333 2677 485 2723; x_wconf 75' lang='lat' dir='ltr'>examen.</span> <span class='ocrx_word' id='word_1_243' title='bbox 501 2662 565 2723; x_wconf 90' lang='lat' dir='ltr'>Sed</span> <span class='ocrx_word' id='word_1_244' title='bbox 578 2677 631 2734; x_wconf 86' lang='lat' dir='ltr'>ne,</span> <span class='ocrx_word' id='word_1_245' title='bbox 645 2662 780 2738; x_wconf 87' lang='lat' dir='ltr'>propter</span> <span class='ocrx_word' id='word_1_246' title='bbox 798 2660 939 2733; x_wconf 77' lang='grc'><strong>116616-</strong></span> <span class='ocrx_word' id='word_1_247' title='bbox 993 2659 1253 2722; x_wconf 88' lang='lat' dir='ltr'>ecclesiasticam</span> <span class='ocrx_word' id='word_1_248' title='bbox 1268 2659 1492 2736; x_wconf 87' lang='lat' dir='ltr'>appellatione</span> <span class='ocrx_word' id='word_1_249' title='bbox 1506 2660 1633 2722; x_wconf 88' lang='lat' dir='ltr'>remota</span> <span class='ocrx_word' id='word_1_250' title='bbox 1648 2661 1786 2737; x_wconf 85' lang='lat' dir='ltr'>cogatis.</span> 
     </span>
     <span class='ocr_line' id='line_1_26' title="bbox 136 2757 1785 2836; baseline -0.001 -16"><span class='ocrx_word' id='word_1_251' title='bbox 136 2759 238 2820; x_wconf 89' lang='lat' dir='ltr'>terim</span> <span class='ocrx_word' id='word_1_252' title='bbox 255 2758 402 2836; x_wconf 81' lang='lat' dir='ltr'>provisio</span> <span class='ocrx_word' id='word_1_253' title='bbox 421 2758 616 2820; x_wconf 89' lang='lat' dir='ltr'>monasterii</span> <span class='ocrx_word' id='word_1_254' title='bbox 635 2758 823 2819; x_wconf 86' lang='lat' dir='ltr'>retardetur</span> <span class='ocrx_word' id='word_1_255' title='bbox 843 2758 877 2820; x_wconf 89' lang='lat' dir='ltr'>et</span> <span class='ocrx_word' id='word_1_256' title='bbox 897 2757 938 2819; x_wconf 93' lang='lat' dir='ltr'>de</span> <span class='ocrx_word' id='word_1_257' title='bbox 994 2758 1085 2830; x_wconf 89' lang='lat' dir='ltr'>Quod</span> <span class='ocrx_word' id='word_1_258' title='bbox 1110 2757 1139 2818; x_wconf 89' lang='grc'>61</span> <span class='ocrx_word' id='word_1_259' title='bbox 1162 2772 1230 2817; x_wconf 89' lang='grc'>666</span> <span class='ocrx_word' id='word_1_260' title='bbox 1250 2772 1375 2829; x_wconf 88' lang='lat' dir='ltr'>omnes,</span> <span class='ocrx_word' id='word_1_261' title='bbox 1394 2759 1457 2818; x_wconf 88' lang='lat' dir='ltr'>etc.</span> <span class='ocrx_word' id='word_1_262' title='bbox 1476 2758 1596 2818; x_wconf 87' lang='lat' dir='ltr'>Datum</span> <span class='ocrx_word' id='word_1_263' title='bbox 1617 2757 1785 2830; x_wconf 87' lang='lat' dir='ltr'>Laterani,</span> 
     </span>
     <span class='ocr_line' id='line_1_27' title="bbox 137 2853 1789 2933; baseline 0.001 -16"><span class='ocrx_word' id='word_1_264' title='bbox 137 2855 233 2918; x_wconf 82' lang='lat' dir='ltr'>facili</span> <span class='ocrx_word' id='word_1_265' title='bbox 253 2871 391 2933; x_wconf 87' lang='lat' dir='ltr'>gravem</span> <span class='ocrx_word' id='word_1_266' title='bbox 410 2855 561 2917; x_wconf 89' lang='lat' dir='ltr'>incurrat</span> <span class='ocrx_word' id='word_1_267' title='bbox 583 2855 808 2917; x_wconf 85' lang='lat' dir='ltr'>retardatlone</span> <span class='ocrx_word' id='word_1_268' title='bbox 826 2858 941 2932; x_wconf 89' lang='lat' dir='ltr'>jactu·</span> <span class='ocrx_word' id='word_1_269' title='bbox 993 2857 1040 2916; x_wconf 90' lang='lat'>111</span> <span class='ocrx_word' id='word_1_270' title='bbox 1055 2853 1216 2917; x_wconf 86' lang='lat' dir='ltr'>kalendas</span> <span class='ocrx_word' id='word_1_271' title='bbox 1239 2853 1434 2927; x_wconf 85' lang='lat' dir='ltr'>decembris,</span> <span class='ocrx_word' id='word_1_272' title='bbox 1450 2853 1661 2932; x_wconf 80' lang='lat' dir='ltr'>pontificatus</span> <span class='ocrx_word' id='word_1_273' title='bbox 1682 2856 1789 2919; x_wconf 88' lang='lat' dir='ltr'>nostrl</span> 
     </span>
     <span class='ocr_line' id='line_1_28' title="bbox 137 2951 1202 3030; baseline -0.004 -15"><span class='ocrx_word' id='word_1_274' title='bbox 137 2968 230 3025; x_wconf 88' lang='lat' dir='ltr'>ram,</span> <span class='ocrx_word' id='word_1_275' title='bbox 255 2952 441 3030; x_wconf 87' lang='lat' dir='ltr'>praesertim</span> <span class='ocrx_word' id='word_1_276' title='bbox 465 2968 565 3030; x_wconf 86' lang='lat' dir='ltr'>quum</span> <span class='ocrx_word' id='word_1_277' title='bbox 589 2968 657 3013; x_wconf 91' lang='lat' dir='ltr'>non</span> <span class='ocrx_word' id='word_1_278' title='bbox 683 2952 834 3029; x_wconf 89' lang='lat' dir='ltr'>oporteat</span> <span class='ocrx_word' id='word_1_279' title='bbox 856 2951 938 3014; x_wconf 92' lang='lat' dir='ltr'>illud</span> <span class='ocrx_word' id='word_1_280' title='bbox 993 2966 1082 3013; x_wconf 91' lang='lat' dir='ltr'>anno</span> <span class='ocrx_word' id='word_1_281' title='bbox 1096 2951 1202 3014; x_wconf 84' lang='lat' dir='ltr'>sexto.</span> 
     </span>
    </p>
   </div>
   <div class='ocr_carea' id='block_1_3' title="bbox 138 3048 941 4585">
    <p class='ocr_par' dir='ltr' id='par_1_4' title="bbox 138 3048 941 4585">
     <span class='ocr_line' id='line_1_29' title="bbox 138 3048 941 3126; baseline -0.001 -14"><span class='ocrx_word' id='word_1_282' title='bbox 138 3051 238 3112; x_wconf 81' lang='lat' dir='ltr'>noris</span> <span class='ocrx_word' id='word_1_283' title='bbox 253 3050 389 3112; x_wconf 90' lang='lat' dir='ltr'>onerari</span> <span class='ocrx_word' id='word_1_284' title='bbox 406 3048 536 3120; x_wconf 90' lang='lat' dir='ltr'>debitis,</span> <span class='ocrx_word' id='word_1_285' title='bbox 553 3049 638 3126; x_wconf 84' lang='lat' dir='ltr'>quod</span> <span class='ocrx_word' id='word_1_286' title='bbox 654 3049 800 3111; x_wconf 91' lang='lat' dir='ltr'>nondum</span> <span class='ocrx_word' id='word_1_287' title='bbox 815 3049 941 3113; x_wconf 76' lang='grc'><strong>66616-</strong></span> 
     </span>
     <span class='ocr_line' id='line_1_30' title="bbox 138 3145 941 3224; baseline -0.002 -14"><span class='ocrx_word' id='word_1_288' title='bbox 138 3147 235 3210; x_wconf 89' lang='lat' dir='ltr'>ribus</span> <span class='ocrx_word' id='word_1_289' title='bbox 245 3146 437 3224; x_wconf 82' lang='lat' dir='ltr'>respiravit,</span> <span class='ocrx_word' id='word_1_290' title='bbox 450 3145 614 3219; x_wconf 82' lang='lat' dir='ltr'>volumus,</span> <span class='ocrx_word' id='word_1_291' title='bbox 627 3147 663 3208; x_wconf 91' lang='lat' dir='ltr'>ut</span> <span class='ocrx_word' id='word_1_292' title='bbox 672 3162 851 3224; x_wconf 88' lang='lat' dir='ltr'>personam</span> <span class='ocrx_word' id='word_1_293' title='bbox 863 3163 941 3208; x_wconf 83' lang='lat' dir='ltr'>exa·</span> 
     </span>
     <span class='ocr_line' id='line_1_31' title="bbox 138 3243 939 3317; baseline -0.001 -10"><span class='ocrx_word' id='word_1_294' title='bbox 138 3245 309 3307; x_wconf 86' lang='lat' dir='ltr'>minantes</span> <span class='ocrx_word' id='word_1_295' title='bbox 322 3244 430 3317; x_wconf 90' lang='lat' dir='ltr'>electi,</span> <span class='ocrx_word' id='word_1_296' title='bbox 443 3244 471 3305; x_wconf 90' lang='lat' dir='ltr'>si</span> <span class='ocrx_word' id='word_1_297' title='bbox 485 3259 560 3305; x_wconf 92' lang='lat' dir='ltr'>eum</span> <span class='ocrx_word' id='word_1_298' title='bbox 575 3244 730 3306; x_wconf 90' lang='lat' dir='ltr'>idoneum</span> <span class='ocrx_word' id='word_1_299' title='bbox 743 3243 939 3306; x_wconf 86' lang='lat' dir='ltr'>inveneritis</span> 
     </span>
     <span class='ocr_line' id='line_1_32' title="bbox 140 3341 940 3420; baseline -0.003 -15"><span class='ocrx_word' id='word_1_300' title='bbox 140 3344 184 3405; x_wconf 82' lang='lat' dir='ltr'>ad</span> <span class='ocrx_word' id='word_1_301' title='bbox 203 3343 356 3420; x_wconf 87' lang='lat' dir='ltr'>regimen</span> <span class='ocrx_word' id='word_1_302' title='bbox 376 3341 530 3415; x_wconf 83' lang='lat' dir='ltr'>abbatiae,</span> <span class='ocrx_word' id='word_1_303' title='bbox 548 3358 615 3404; x_wconf 91' lang='lat' dir='ltr'>non</span> <span class='ocrx_word' id='word_1_304' title='bbox 638 3342 789 3405; x_wconf 87' lang='lat' dir='ltr'>obstante</span> <span class='ocrx_word' id='word_1_305' title='bbox 811 3341 940 3404; x_wconf 87' lang='lat' dir='ltr'>delectu</span> 
     </span>
     <span class='ocr_line' id='line_1_33' title="bbox 139 3438 941 3518; baseline -0.002 -16"><span class='ocrx_word' id='word_1_306' title='bbox 139 3441 306 3503; x_wconf 88' lang='lat' dir='ltr'>natalium</span> <span class='ocrx_word' id='word_1_307' title='bbox 325 3456 390 3518; x_wconf 86' lang='lat' dir='ltr'>quo</span> <span class='ocrx_word' id='word_1_308' title='bbox 407 3440 476 3516; x_wconf 93' lang='lat' dir='ltr'>pati</span> <span class='ocrx_word' id='word_1_309' title='bbox 489 3438 621 3513; x_wconf 86' lang='lat' dir='ltr'>dicitur,</span> <span class='ocrx_word' id='word_1_310' title='bbox 635 3455 679 3501; x_wconf 78' lang='lat' dir='ltr'>ex</span> <span class='ocrx_word' id='word_1_311' title='bbox 692 3456 732 3502; x_wconf 95' lang='lat' dir='ltr'>eo</span> <span class='ocrx_word' id='word_1_312' title='bbox 745 3439 830 3517; x_wconf 86' lang='lat' dir='ltr'>quod</span> <span class='ocrx_word' id='word_1_313' title='bbox 846 3440 941 3516; x_wconf 87' lang='lat' dir='ltr'>pater</span> 
     </span>
     <span class='ocr_line' id='line_1_34' title="bbox 140 3536 940 3612; baseline -0.003 -13"><span class='ocrx_word' id='word_1_314' title='bbox 140 3554 221 3599; x_wconf 87' lang='lat' dir='ltr'>auus</span> <span class='ocrx_word' id='word_1_315' title='bbox 246 3538 281 3598; x_wconf 93' lang='lat' dir='ltr'>in</span> <span class='ocrx_word' id='word_1_316' title='bbox 304 3536 410 3598; x_wconf 92' lang='lat' dir='ltr'>sacris</span> <span class='ocrx_word' id='word_1_317' title='bbox 439 3536 622 3608; x_wconf 80' lang='lat' dir='ltr'>ordinibus,</span> <span class='ocrx_word' id='word_1_318' title='bbox 645 3536 723 3598; x_wconf 90' lang='lat' dir='ltr'>ante</span> <span class='ocrx_word' id='word_1_319' title='bbox 751 3537 940 3612; x_wconf 84' lang='lat' dir='ltr'>ingressum</span> 
     </span>
     <span class='ocr_line' id='line_1_35' title="bbox 140 3633 941 3711; baseline -0.005 -14"><span class='ocrx_word' id='word_1_320' title='bbox 140 3634 350 3706; x_wconf 87' lang='lat' dir='ltr'>monasterii,</span> <span class='ocrx_word' id='word_1_321' title='bbox 364 3649 439 3695; x_wconf 91' lang='lat' dir='ltr'>eum</span> <span class='ocrx_word' id='word_1_322' title='bbox 451 3634 567 3710; x_wconf 88' lang='lat' dir='ltr'>genuit</span> <span class='ocrx_word' id='word_1_323' title='bbox 581 3634 621 3695; x_wconf 90' lang='lat' dir='ltr'>de</span> <span class='ocrx_word' id='word_1_324' title='bbox 636 3634 755 3705; x_wconf 88' lang='lat' dir='ltr'>soluta,</span> <span class='ocrx_word' id='word_1_325' title='bbox 772 3634 813 3695; x_wconf 90' lang='lat' dir='ltr'>de</span> <span class='ocrx_word' id='word_1_326' title='bbox 827 3633 941 3711; x_wconf 85' lang='lat' dir='ltr'>provi-</span> 
     </span>
     <span class='ocr_line' id='line_1_36' title="bbox 140 3730 938 3808; baseline -0.004 -15"><span class='ocrx_word' id='word_1_327' title='bbox 140 3730 938 3808; x_wconf 86' lang='lat' dir='ltr'>sionenostra,sublatoappellationlsobstaculo,</span> 
     </span>
     <span class='ocr_line' id='line_1_37' title="bbox 140 3827 940 3906; baseline -0.003 -16"><span class='ocrx_word' id='word_1_328' title='bbox 140 3830 347 3893; x_wconf 85' lang='lat' dir='ltr'>monasterio</span> <span class='ocrx_word' id='word_1_329' title='bbox 360 3827 551 3906; x_wconf 71' lang='lat' dir='ltr'>praeficiatis</span> <span class='ocrx_word' id='word_1_330' title='bbox 562 3829 725 3901; x_wconf 90' lang='lat' dir='ltr'>eumdem,</span> <span class='ocrx_word' id='word_1_331' title='bbox 734 3827 894 3890; x_wconf 85' lang='lat' dir='ltr'>facientes</span> <span class='ocrx_word' id='word_1_332' title='bbox 908 3828 940 3889; x_wconf 91' lang='lat' dir='ltr'>ei</span> 
     </span>
     <span class='ocr_line' id='line_1_38' title="bbox 142 3925 940 4004; baseline -0.005 -15"><span class='ocrx_word' id='word_1_333' title='bbox 142 3943 161 3989; x_wconf 89' lang='lat' dir='ltr'>a</span> <span class='ocrx_word' id='word_1_334' title='bbox 176 3927 291 4004; x_wconf 90' lang='lat' dir='ltr'>priore</span> <span class='ocrx_word' id='word_1_335' title='bbox 307 3927 341 3988; x_wconf 90' lang='lat' dir='ltr'>et</span> <span class='ocrx_word' id='word_1_336' title='bbox 354 3927 518 3988; x_wconf 79' lang='lat' dir='ltr'>conventu</span> <span class='ocrx_word' id='word_1_337' title='bbox 532 3925 700 4003; x_wconf 84' lang='lat' dir='ltr'>praedlctis</span> <span class='ocrx_word' id='word_1_338' title='bbox 719 3925 940 3987; x_wconf 89' lang='lat' dir='ltr'>obedientiam</span> 
     </span>
     <span class='ocr_line' id='line_1_39' title="bbox 141 4022 941 4101; baseline -0.004 -15"><span class='ocrx_word' id='word_1_339' title='bbox 141 4025 176 4086; x_wconf 90' lang='lat' dir='ltr'>et</span> <span class='ocrx_word' id='word_1_340' title='bbox 192 4023 417 4087; x_wconf 81' lang='lat' dir='ltr'>reverentiam</span> <span class='ocrx_word' id='word_1_341' title='bbox 433 4022 576 4085; x_wconf 87' lang='lat' dir='ltr'>debitam</span> <span class='ocrx_word' id='word_1_342' title='bbox 594 4023 757 4096; x_wconf 82' lang='lat' dir='ltr'>exhiberi,</span> <span class='ocrx_word' id='word_1_343' title='bbox 776 4028 809 4085; x_wconf 90' lang='lat' dir='ltr'>et</span> <span class='ocrx_word' id='word_1_344' title='bbox 827 4024 941 4101; x_wconf 89' lang='lat' dir='ltr'>injun-</span> 
     </span>
     <span class='ocr_line' id='line_1_40' title="bbox 141 4120 939 4199; baseline -0.001 -17"><span class='ocrx_word' id='word_1_345' title='bbox 141 4124 259 4198; x_wconf 86' lang='lat' dir='ltr'>gentes</span> <span class='ocrx_word' id='word_1_346' title='bbox 274 4121 330 4183; x_wconf 89' lang='lat' dir='ltr'>cui</span> <span class='ocrx_word' id='word_1_347' title='bbox 344 4120 525 4182; x_wconf 87' lang='lat' dir='ltr'>maluerint</span> <span class='ocrx_word' id='word_1_348' title='bbox 543 4137 586 4182; x_wconf 82' lang='lat' dir='ltr'>ex</span> <span class='ocrx_word' id='word_1_349' title='bbox 603 4121 767 4199; x_wconf 89' lang='lat' dir='ltr'>episcopis</span> <span class='ocrx_word' id='word_1_350' title='bbox 788 4120 939 4183; x_wconf 80' lang='lat' dir='ltr'>convici-</span> 
     </span>
     <span class='ocr_line' id='line_1_41' title="bbox 142 4217 940 4291; baseline 0 -12"><span class='ocrx_word' id='word_1_351' title='bbox 142 4220 208 4291; x_wconf 88' lang='lat' dir='ltr'>nis,</span> <span class='ocrx_word' id='word_1_352' title='bbox 222 4220 261 4280; x_wconf 88' lang='lat' dir='ltr'>nt</span> <span class='ocrx_word' id='word_1_353' title='bbox 280 4218 401 4290; x_wconf 88' lang='lat' dir='ltr'>eidem,</span> <span class='ocrx_word' id='word_1_354' title='bbox 416 4218 490 4279; x_wconf 87' lang='lat' dir='ltr'>vice</span> <span class='ocrx_word' id='word_1_355' title='bbox 504 4220 628 4289; x_wconf 87' lang='lat' dir='ltr'>nostra,</span> <span class='ocrx_word' id='word_1_356' title='bbox 645 4234 765 4279; x_wconf 89' lang='lat' dir='ltr'>munus</span> <span class='ocrx_word' id='word_1_357' title='bbox 778 4217 940 4279; x_wconf 88' lang='lat' dir='ltr'>benedic-</span> 
     </span>
     <span class='ocr_line' id='line_1_42' title="bbox 143 4314 938 4391; baseline -0.001 -14"><span class='ocrx_word' id='word_1_358' title='bbox 143 4315 257 4386; x_wconf 88' lang='lat' dir='ltr'>tionis,</span> <span class='ocrx_word' id='word_1_359' title='bbox 274 4314 454 4391; x_wconf 84' lang='lat' dir='ltr'>impendat</span> <span class='ocrx_word' id='word_1_360' title='bbox 475 4314 567 4386; x_wconf 89' lang='lat' dir='ltr'>Quod</span> <span class='ocrx_word' id='word_1_361' title='bbox 587 4315 616 4375; x_wconf 93' lang='lat' dir='ltr'>si</span> <span class='ocrx_word' id='word_1_362' title='bbox 636 4330 703 4376; x_wconf 93' lang='lat' dir='ltr'>non</span> <span class='ocrx_word' id='word_1_363' title='bbox 723 4329 848 4386; x_wconf 91' lang='lat' dir='ltr'>omnes,</span> <span class='ocrx_word' id='word_1_364' title='bbox 863 4315 938 4387; x_wconf 89' lang='grc'><strong>616,</strong></span> 
     </span>
     <span class='ocr_line' id='line_1_43' title="bbox 143 4411 938 4483; baseline 0 -11"><span class='ocrx_word' id='word_1_365' title='bbox 143 4411 207 4474; x_wconf 93' lang='lat' dir='ltr'>duo</span> <span class='ocrx_word' id='word_1_366' title='bbox 222 4414 384 4482; x_wconf 82' lang='lat' dir='ltr'>vestrum,</span> <span class='ocrx_word' id='word_1_367' title='bbox 401 4412 462 4472; x_wconf 88' lang='lat' dir='ltr'>etc.</span> <span class='ocrx_word' id='word_1_368' title='bbox 484 4414 604 4473; x_wconf 89' lang='lat' dir='ltr'>Datum</span> <span class='ocrx_word' id='word_1_369' title='bbox 623 4412 792 4483; x_wconf 87' lang='lat' dir='ltr'>Laterani,</span> <span class='ocrx_word' id='word_1_370' title='bbox 809 4413 856 4472; x_wconf 91' lang='grc' dir='ltr'>ΙΙΙ</span> <span class='ocrx_word' id='word_1_371' title='bbox 870 4411 938 4473; x_wconf 87' lang='lat' dir='ltr'>kal.</span> 
     </span>
     <span class='ocr_line' id='line_1_44' title="bbox 143 4508 939 4585; baseline 0.001 -16"><span class='ocrx_word' id='word_1_372' title='bbox 143 4508 340 4582; x_wconf 88' lang='lat' dir='ltr'>decembris,</span> <span class='ocrx_word' id='word_1_373' title='bbox 361 4509 571 4585; x_wconf 78' lang='lat' dir='ltr'>pontificatus</span> <span class='ocrx_word' id='word_1_374' title='bbox 592 4509 697 4570; x_wconf 90' lang='lat' dir='ltr'>nostri</span> <span class='ocrx_word' id='word_1_375' title='bbox 717 4522 806 4570; x_wconf 89' lang='lat' dir='ltr'>anno</span> <span class='ocrx_word' id='word_1_376' title='bbox 829 4509 939 4571; x_wconf 81' lang='lat' dir='ltr'>tertio.</span> 
     </span>
    </p>
   </div>
   <div class='ocr_carea' id='block_1_4' title="bbox 450 4679 634 4767">
    <p class='ocr_par' dir='ltr' id='par_1_5' title="bbox 450 4679 634 4767">
     <span class='ocr_line' id='line_1_45' title="bbox 450 4679 634 4767; baseline 0.011 -2"><span class='ocrx_word' id='word_1_377' title='bbox 450 4679 634 4767; x_wconf 82' lang='lat' dir='ltr'>XXXVII</span> 
     </span>
    </p>
   </div>
   <div class='ocr_carea' id='block_1_5' title="bbox 145 4802 942 4967">
    <p class='ocr_par' dir='ltr' id='par_1_6' title="bbox 145 4802 942 4967">
     <span class='ocr_line' id='line_1_46' title="bbox 145 4802 942 4878; baseline -0.001 -13"><span class='ocrx_word' id='word_1_378' title='bbox 145 4804 406 4865; x_wconf 79' lang='lat' dir='ltr'>AdS.Waicrici</span> <span class='ocrx_word' id='word_1_379' title='bbox 418 4802 644 4873; x_wconf 83' lang='lat' dir='ltr'>et...abbates,</span> <span class='ocrx_word' id='word_1_380' title='bbox 660 4805 857 4878; x_wconf 71' lang='grc'><strong>6616666618.</strong></span> <span class='ocrx_word' id='word_1_381' title='bbox 868 4806 942 4864; x_wconf 85' lang='lat' dir='ltr'>Wa-</span> 
     </span>
     <span class='ocr_line' id='line_1_47' title="bbox 182 4890 939 4967; baseline 0 -14"><span class='ocrx_word' id='word_1_382' title='bbox 182 4894 283 4953; x_wconf 85' lang='lat' dir='ltr'>ierici</span> <span class='ocrx_word' id='word_1_383' title='bbox 295 4891 536 4951; x_wconf 73' lang='lat' dir='ltr'>ambianensis</span> <span class='ocrx_word' id='word_1_384' title='bbox 549 4890 583 4950; x_wconf 83' lang='grc'>61</span> <span class='ocrx_word' id='word_1_385' title='bbox 595 4890 838 4967; x_wconf 75' lang='lat' dir='ltr'>notoomapee.</span> <span class='ocrx_word' id='word_1_386' title='bbox 850 4894 939 4952; x_wconf 79' lang='lat' dir='ltr'>dice·</span> 
     </span>
    </p>
   </div>
   <div class='ocr_carea' id='block_1_6' title="bbox 182 4992 683 5094">
    <p class='ocr_par' dir='ltr' id='par_1_7' title="bbox 182 4992 683 5094">
     <span class='ocr_line' id='line_1_48' title="bbox 182 4992 683 5094; baseline -0.006 0"><span class='ocrx_word' id='word_1_387' title='bbox 182 4992 313 5039; x_wconf 51' lang='lat' dir='ltr'><strong><em>cesum</em></strong></span> <span class='ocrx_word' id='word_1_388' title='bbox 404 5034 586 5094; x_wconf 79' lang='grc'><strong>1966166111.</strong></span> <span class='ocrx_word' id='word_1_389' title='bbox 603 5037 683 5094; x_wconf 88' lang='grc'><strong>1111.</strong></span> 
     </span>
    </p>
   </div>
   <div class='ocr_carea' id='block_1_7' title="bbox 188 5131 896 5197">
    <p class='ocr_par' dir='ltr' id='par_1_8' title="bbox 188 5131 896 5197">
     <span class='ocr_line' id='line_1_49' title="bbox 188 5131 896 5197; baseline 0 -14"><span class='ocrx_word' id='word_1_390' title='bbox 188 5134 312 5197; x_wconf 61' lang='grc'><strong>[1166661.</strong></span> <span class='ocrx_word' id='word_1_391' title='bbox 324 5131 372 5182; x_wconf 89' lang='lat' dir='ltr'>lib.</span> <span class='ocrx_word' id='word_1_392' title='bbox 380 5131 424 5190; x_wconf 79' lang='lat' dir='ltr'>vt,</span> <span class='ocrx_word' id='word_1_393' title='bbox 438 5146 480 5195; x_wconf 88' lang='lat' dir='ltr'>ep.</span> <span class='ocrx_word' id='word_1_394' title='bbox 493 5132 534 5182; x_wconf 81' lang='grc'>13.</span> <span class='ocrx_word' id='word_1_395' title='bbox 548 5133 606 5183; x_wconf 86' lang='lat' dir='ltr'>llas.</span> <span class='ocrx_word' id='word_1_396' title='bbox 619 5133 656 5183; x_wconf 82' lang='lat' dir='ltr'>Le</span> <span class='ocrx_word' id='word_1_397' title='bbox 666 5134 742 5183; x_wconf 84' lang='lat' dir='ltr'>Parte</span> <span class='ocrx_word' id='word_1_398' title='bbox 754 5132 789 5183; x_wconf 90' lang='lat' dir='ltr'>du</span> <span class='ocrx_word' id='word_1_399' title='bbox 802 5132 896 5195; x_wconf 80' lang='grc'><strong>111611]</strong></span> 
     </span>
    </p>
   </div>
   <div class='ocr_carea' id='block_1_8' title="bbox 148 5230 939 5527">
    <p class='ocr_par' dir='ltr' id='par_1_9' title="bbox 148 5230 939 5527">
     <span class='ocr_line' id='line_1_50' title="bbox 148 5230 939 5305; baseline -0.001 -16"><span class='ocrx_word' id='word_1_400' title='bbox 148 5232 354 5305; x_wconf 65' lang='lat' dir='ltr'>appellationis</span> <span class='ocrx_word' id='word_1_401' title='bbox 376 5231 534 5289; x_wconf 86' lang='lat' dir='ltr'>remedium</span> <span class='ocrx_word' id='word_1_402' title='bbox 558 5231 587 5287; x_wconf 91' lang='lat' dir='ltr'>in</span> <span class='ocrx_word' id='word_1_403' title='bbox 608 5230 764 5289; x_wconf 89' lang='lat' dir='ltr'>subsidium</span> <span class='ocrx_word' id='word_1_404' title='bbox 788 5246 939 5304; x_wconf 87' lang='grc'><strong>66666666-</strong></span> 
     </span>
     <span class='ocr_line' id='line_1_51' title="bbox 181 5310 939 5385; baseline -0.001 -17"><span class='ocrx_word' id='word_1_405' title='bbox 181 5327 256 5378; x_wconf 86' lang='lat' dir='ltr'>rum,</span> <span class='ocrx_word' id='word_1_406' title='bbox 274 5326 333 5367; x_wconf 92' lang='lat' dir='ltr'>non</span> <span class='ocrx_word' id='word_1_407' title='bbox 349 5312 378 5368; x_wconf 94' lang='lat' dir='ltr'>in</span> <span class='ocrx_word' id='word_1_408' title='bbox 397 5311 587 5384; x_wconf 85' lang='lat' dir='ltr'>malignorum</span> <span class='ocrx_word' id='word_1_409' title='bbox 606 5310 813 5385; x_wconf 78' lang='lat' dir='ltr'>subterfugium</span> <span class='ocrx_word' id='word_1_410' title='bbox 830 5319 874 5370; x_wconf 97' lang='grc'>661</span> <span class='ocrx_word' id='word_1_411' title='bbox 894 5311 939 5368; x_wconf 89' lang='grc'>16-</span> 
     </span>
     <span class='ocr_line' id='line_1_52' title="bbox 181 5390 939 5462; baseline 0.003 -16"><span class='ocrx_word' id='word_1_412' title='bbox 181 5398 310 5447; x_wconf 85' lang='lat' dir='ltr'>ventum.</span> <span class='ocrx_word' id='word_1_413' title='bbox 330 5392 373 5446; x_wconf 76' lang='lat' dir='ltr'>Ac</span> <span class='ocrx_word' id='word_1_414' title='bbox 394 5390 512 5462; x_wconf 87' lang='lat' dir='ltr'>proinde</span> <span class='ocrx_word' id='word_1_415' title='bbox 526 5390 643 5448; x_wconf 85' lang='lat' dir='ltr'>mandat</span> <span class='ocrx_word' id='word_1_416' title='bbox 656 5398 697 5460; x_wconf 91' lang='lat' dir='ltr'>ut,</span> <span class='ocrx_word' id='word_1_417' title='bbox 712 5390 846 5448; x_wconf 88' lang='lat' dir='ltr'>monachi</span> <span class='ocrx_word' id='word_1_418' title='bbox 858 5390 939 5448; x_wconf 85' lang='lat' dir='ltr'>exbi-</span> 
     </span>
     <span class='ocr_line' id='line_1_53' title="bbox 181 5467 592 5527; baseline 0 -2"><span class='ocrx_word' id='word_1_419' title='bbox 181 5468 267 5527; x_wconf 86' lang='lat' dir='ltr'>beant</span> <span class='ocrx_word' id='word_1_420' title='bbox 281 5467 472 5526; x_wconf 87' lang='lat' dir='ltr'>obedientiam</span> <span class='ocrx_word' id='word_1_421' title='bbox 489 5468 592 5527; x_wconf 87' lang='lat' dir='ltr'>abbati.</span> 
     </span>
    </p>
   </div>
   <div class='ocr_carea' id='block_1_9' title="bbox 187 5576 942 5651">
    <p class='ocr_par' dir='ltr' id='par_1_10' title="bbox 187 5576 942 5651">
     <span class='ocr_line' id='line_1_54' title="bbox 187 5576 942 5651; baseline 0.007 -13"><span class='ocrx_word' id='word_1_422' title='bbox 187 5579 367 5651; x_wconf 82' lang='lat' dir='ltr'>Honorius,</span> <span class='ocrx_word' id='word_1_423' title='bbox 387 5578 463 5649; x_wconf 90' lang='grc'><strong>616,</strong></span> <span class='ocrx_word' id='word_1_424' title='bbox 488 5576 617 5640; x_wconf 86' lang='lat' dir='ltr'>dilectis</span> <span class='ocrx_word' id='word_1_425' title='bbox 646 5578 800 5642; x_wconf 83' lang='lat' dir='ltr'>liliis.....·.</span> <span class='ocrx_word' id='word_1_426' title='bbox 829 5581 942 5643; x_wconf 84' lang='lat' dir='ltr'>Sancti</span> 
     </span>
    </p>
   </div>
   <div class='ocr_carea' id='block_1_10' title="bbox 292 5720 568 5777">
    <p class='ocr_par' dir='ltr' id='par_1_11' title="bbox 292 5720 568 5777">
     <span class='ocr_line' id='line_1_55' title="bbox 292 5720 568 5777; baseline 0.025 -7"><span class='ocrx_word' id='word_1_427' title='bbox 292 5731 405 5775; x_wconf 78' lang='grc'><strong>616666.</strong></span> <span class='ocrx_word' id='word_1_428' title='bbox 425 5731 500 5775; x_wconf 78' lang='lat' dir='ltr'>roua</span> <span class='ocrx_word' id='word_1_429' title='bbox 519 5720 568 5777; x_wconf 81' lang='grc'><strong>111.</strong></span> 
     </span>
    </p>
   </div>
   <div class='ocr_carea' id='block_1_11' title="bbox 1289 3198 1496 3288">
    <p class='ocr_par' dir='ltr' id='par_1_12' title="bbox 1289 3198 1496 3288">
     <span class='ocr_line' id='line_1_56' title="bbox 1289 3198 1496 3288; baseline 0 0"><span class='ocrx_word' id='word_1_430' title='bbox 1289 3198 1496 3288; x_wconf 87' lang='lat' dir='ltr'>XXXVIII</span> 
     </span>
    </p>
   </div>
   <div class='ocr_carea' id='block_1_12' title="bbox 1110 3351 1675 3428">
    <p class='ocr_par' dir='ltr' id='par_1_13' title="bbox 1110 3351 1675 3428">
     <span class='ocr_line' id='line_1_57' title="bbox 1110 3351 1675 3428; baseline -0.002 -14"><span class='ocrx_word' id='word_1_431' title='bbox 1110 3353 1164 3414; x_wconf 75' lang='lat' dir='ltr'>Ad</span> <span class='ocrx_word' id='word_1_432' title='bbox 1183 3351 1373 3427; x_wconf 78' lang='lat' dir='ltr'>capitutum</span> <span class='ocrx_word' id='word_1_433' title='bbox 1392 3353 1675 3428; x_wconf 76' lang='lat' dir='ltr'>Rotbomupertse.</span> 
     </span>
    </p>
   </div>
   <div class='ocr_carea' id='block_1_13' title="bbox 1025 3479 1759 3671">
    <p class='ocr_par' dir='ltr' id='par_1_14' title="bbox 1025 3479 1759 3671">
     <span class='ocr_line' id='line_1_58' title="bbox 1250 3479 1536 3540; baseline 0.003 -1"><span class='ocrx_word' id='word_1_434' title='bbox 1250 3482 1265 3539; x_wconf 85' lang='lat' dir='ltr'>I</span> <span class='ocrx_word' id='word_1_435' title='bbox 1280 3479 1442 3539; x_wconf 68' lang='lat' dir='ltr'>decembris</span> <span class='ocrx_word' id='word_1_436' title='bbox 1456 3482 1536 3540; x_wconf 73' lang='lat' dir='ltr'>titt.</span> 
     </span>
     <span class='ocr_line' id='line_1_59' title="bbox 1025 3602 1759 3671; baseline 0.003 -18"><span class='ocrx_word' id='word_1_437' title='bbox 1025 3602 1145 3668; x_wconf 80' lang='lat' dir='ltr'>[Regest.,</span> <span class='ocrx_word' id='word_1_438' title='bbox 1159 3603 1205 3654; x_wconf 84' lang='lat' dir='ltr'>lib.</span> <span class='ocrx_word' id='word_1_439' title='bbox 1216 3604 1259 3662; x_wconf 88' lang='lat' dir='ltr'>VI,</span> <span class='ocrx_word' id='word_1_440' title='bbox 1274 3604 1349 3669; x_wconf 80' lang='lat' dir='ltr'>epist.</span> <span class='ocrx_word' id='word_1_441' title='bbox 1359 3605 1400 3655; x_wconf 80' lang='grc'>13.</span> <span class='ocrx_word' id='word_1_442' title='bbox 1414 3604 1470 3655; x_wconf 89' lang='grc'><strong>1166.</strong></span> <span class='ocrx_word' id='word_1_443' title='bbox 1485 3606 1522 3655; x_wconf 82' lang='lat' dir='ltr'>La</span> <span class='ocrx_word' id='word_1_444' title='bbox 1531 3605 1608 3656; x_wconf 89' lang='lat' dir='ltr'>Porte</span> <span class='ocrx_word' id='word_1_445' title='bbox 1618 3604 1653 3656; x_wconf 91' lang='lat' dir='ltr'>du</span> <span class='ocrx_word' id='word_1_446' title='bbox 1665 3604 1759 3671; x_wconf 72' lang='lat' dir='ltr'>Thali]</span> 
     </span>
    </p>
   </div>
   <div class='ocr_carea' id='block_1_14' title="bbox 995 3719 1792 3969">
    <p class='ocr_par' dir='ltr' id='par_1_15' title="bbox 995 3719 1792 3969">
     <span class='ocr_line' id='line_1_60' title="bbox 995 3719 1791 3803; baseline 0.004 -27"><span class='ocrx_word' id='word_1_447' title='bbox 995 3720 1087 3789; x_wconf 86' lang='lat' dir='ltr'>Quum</span> <span class='ocrx_word' id='word_1_448' title='bbox 1117 3719 1146 3776; x_wconf 90' lang='lat' dir='ltr'>in</span> <span class='ocrx_word' id='word_1_449' title='bbox 1172 3719 1311 3777; x_wconf 84' lang='lat' dir='ltr'>electione</span> <span class='ocrx_word' id='word_1_450' title='bbox 1340 3720 1478 3792; x_wconf 89' lang='lat' dir='ltr'>pastoris,</span> <span class='ocrx_word' id='word_1_451' title='bbox 1503 3720 1534 3778; x_wconf 91' lang='grc'>16</span> <span class='ocrx_word' id='word_1_452' title='bbox 1548 3720 1673 3779; x_wconf 60' lang='lat' dir='ltr'>*diuersa</span> <span class='ocrx_word' id='word_1_453' title='bbox 1686 3796 1692 3803; x_wconf 88' lang='lat'>.</span> <span class='ocrx_word' id='word_1_454' title='bbox 1706 3720 1791 3779; x_wconf 77' lang='lat' dir='ltr'>divisi</span> 
     </span>
     <span class='ocr_line' id='line_1_61' title="bbox 1031 3806 1792 3880; baseline 0.004 -16"><span class='ocrx_word' id='word_1_455' title='bbox 1031 3806 1151 3864; x_wconf 87' lang='lat' dir='ltr'>abierint</span> <span class='ocrx_word' id='word_1_456' title='bbox 1161 3807 1303 3876; x_wconf 89' lang='lat' dir='ltr'>canonici,</span> <span class='ocrx_word' id='word_1_457' title='bbox 1319 3806 1395 3879; x_wconf 84' lang='lat' dir='ltr'>quod</span> <span class='ocrx_word' id='word_1_458' title='bbox 1407 3806 1513 3865; x_wconf 86' lang='lat' dir='ltr'>lactum</span> <span class='ocrx_word' id='word_1_459' title='bbox 1526 3815 1570 3865; x_wconf 88' lang='grc'>661</span> <span class='ocrx_word' id='word_1_460' title='bbox 1586 3823 1637 3880; x_wconf 89' lang='grc'>666</span> <span class='ocrx_word' id='word_1_461' title='bbox 1651 3809 1792 3867; x_wconf 84' lang='lat' dir='ltr'>electione</span> 
     </span>
     <span class='ocr_line' id='line_1_62' title="bbox 1030 3894 1724 3969; baseline 0.003 -16"><span class='ocrx_word' id='word_1_462' title='bbox 1030 3903 1125 3953; x_wconf 88' lang='lat' dir='ltr'>cassat</span> <span class='ocrx_word' id='word_1_463' title='bbox 1140 3902 1169 3952; x_wconf 90' lang='lat' dir='ltr'>et</span> <span class='ocrx_word' id='word_1_464' title='bbox 1183 3894 1301 3952; x_wconf 86' lang='lat' dir='ltr'>mandat</span> <span class='ocrx_word' id='word_1_465' title='bbox 1314 3902 1344 3952; x_wconf 90' lang='grc'>61</span> <span class='ocrx_word' id='word_1_466' title='bbox 1359 3894 1394 3953; x_wconf 88' lang='lat' dir='ltr'>de</span> <span class='ocrx_word' id='word_1_467' title='bbox 1409 3896 1511 3953; x_wconf 88' lang='lat' dir='ltr'>idonea</span> <span class='ocrx_word' id='word_1_468' title='bbox 1528 3910 1650 3969; x_wconf 87' lang='grc'><strong>6666666</strong></span> <span class='ocrx_word' id='word_1_469' title='bbox 1666 3894 1724 3955; x_wconf 79' lang='lat' dir='ltr'>flat.</span> 
     </span>
    </p>
   </div>
   <div class='ocr_carea' id='block_1_15' title="bbox 994 4020 1791 5653">
    <p class='ocr_par' dir='ltr' id='par_1_16' title="bbox 995 4020 1789 4197">
     <span class='ocr_line' id='line_1_63' title="bbox 1035 4020 1789 4100; baseline 0.001 -15"><span class='ocrx_word' id='word_1_470' title='bbox 1035 4022 1213 4095; x_wconf 87' lang='lat' dir='ltr'>Honorius,</span> <span class='ocrx_word' id='word_1_471' title='bbox 1224 4023 1300 4095; x_wconf 90' lang='grc'><strong>616,</strong></span> <span class='ocrx_word' id='word_1_472' title='bbox 1312 4021 1443 4084; x_wconf 84' lang='grc'><strong>11166116</strong></span> <span class='ocrx_word' id='word_1_473' title='bbox 1458 4020 1537 4084; x_wconf 83' lang='lat' dir='ltr'>filiis</span> <span class='ocrx_word' id='word_1_474' title='bbox 1547 4023 1789 4100; x_wconf 86' lang='lat' dir='ltr'>Roihcmagen.</span> 
     </span>
     <span class='ocr_line' id='line_1_64' title="bbox 995 4120 1150 4197; baseline -0.013 -15"><span class='ocrx_word' id='word_1_475' title='bbox 995 4120 1150 4197; x_wconf 88' lang='lat' dir='ltr'>capitulo.</span> 
     </span>
    </p>

    <p class='ocr_par' dir='ltr' id='par_1_17' title="bbox 994 4218 1791 5653">
     <span class='ocr_line' id='line_1_65' title="bbox 1035 4218 1789 4296; baseline 0.003 -16"><span class='ocrx_word' id='word_1_476' title='bbox 1035 4218 1183 4280; x_wconf 86' lang='lat' dir='ltr'>Ecclesia</span> <span class='ocrx_word' id='word_1_477' title='bbox 1199 4218 1312 4281; x_wconf 80' lang='lat' dir='ltr'>restra</span> <span class='ocrx_word' id='word_1_478' title='bbox 1330 4218 1486 4280; x_wconf 90' lang='lat' dir='ltr'>destituta</span> <span class='ocrx_word' id='word_1_479' title='bbox 1498 4218 1642 4296; x_wconf 89' lang='lat' dir='ltr'>pastore,</span> <span class='ocrx_word' id='word_1_480' title='bbox 1659 4219 1692 4281; x_wconf 91' lang='grc'>61</span> <span class='ocrx_word' id='word_1_481' title='bbox 1703 4220 1789 4282; x_wconf 83' lang='lat' dir='ltr'>rotis</span> 
     </span>
     <span class='ocr_line' id='line_1_66' title="bbox 994 4314 1791 4393; baseline 0.001 -15"><span class='ocrx_word' id='word_1_482' title='bbox 994 4316 1125 4388; x_wconf 81' lang='lat' dir='ltr'>vestris,</span> <span class='ocrx_word' id='word_1_483' title='bbox 1145 4332 1246 4393; x_wconf 86' lang='lat' dir='ltr'>quum</span> <span class='ocrx_word' id='word_1_484' title='bbox 1270 4316 1310 4376; x_wconf 89' lang='lat' dir='ltr'>de</span> <span class='ocrx_word' id='word_1_485' title='bbox 1334 4314 1436 4377; x_wconf 84' lang='lat' dir='ltr'>futuri</span> <span class='ocrx_word' id='word_1_486' title='bbox 1464 4315 1594 4392; x_wconf 86' lang='lat' dir='ltr'>praelati</span> <span class='ocrx_word' id='word_1_487' title='bbox 1622 4315 1791 4379; x_wconf 88' lang='lat' dir='ltr'>haberetis</span> 
     </span>
     <span class='ocr_line' id='line_1_67' title="bbox 994 4412 1790 4484; baseline 0.003 -11"><span class='ocrx_word' id='word_1_488' title='bbox 994 4413 1202 4474; x_wconf 87' lang='lat' dir='ltr'>successioni</span> <span class='ocrx_word' id='word_1_489' title='bbox 1228 4413 1417 4483; x_wconf 90' lang='lat' dir='ltr'>tractatum,</span> <span class='ocrx_word' id='word_1_490' title='bbox 1439 4412 1475 4472; x_wconf 91' lang='lat' dir='ltr'>in</span> <span class='ocrx_word' id='word_1_491' title='bbox 1502 4412 1635 4474; x_wconf 89' lang='lat' dir='ltr'>diversa</span> <span class='ocrx_word' id='word_1_492' title='bbox 1661 4413 1790 4484; x_wconf 84' lang='lat' dir='ltr'>divisis,</span> 
     </span>
     <span class='ocr_line' id='line_1_68' title="bbox 995 4508 1790 4586; baseline 0.004 -16"><span class='ocrx_word' id='word_1_493' title='bbox 995 4509 1128 4586; x_wconf 85' lang='lat' dir='ltr'>quidam</span> <span class='ocrx_word' id='word_1_494' title='bbox 1147 4509 1183 4570; x_wconf 92' lang='lat' dir='ltr'>in</span> <span class='ocrx_word' id='word_1_495' title='bbox 1201 4508 1372 4581; x_wconf 90' lang='lat' dir='ltr'>Thomam,</span> <span class='ocrx_word' id='word_1_496' title='bbox 1394 4508 1527 4585; x_wconf 87' lang='lat' dir='ltr'>quidam</span> <span class='ocrx_word' id='word_1_497' title='bbox 1543 4508 1581 4569; x_wconf 93' lang='lat' dir='ltr'>in</span> <span class='ocrx_word' id='word_1_498' title='bbox 1601 4508 1790 4584; x_wconf 84' lang='lat' dir='ltr'>singulares</span> 
     </span>
     <span class='ocr_line' id='line_1_69' title="bbox 995 4604 1788 4683; baseline 0.003 -16"><span class='ocrx_word' id='word_1_499' title='bbox 995 4621 1153 4683; x_wconf 88' lang='lat' dir='ltr'>personas</span> <span class='ocrx_word' id='word_1_500' title='bbox 1191 4604 1339 4683; x_wconf 90' lang='lat' dir='ltr'>ejusdem</span> <span class='ocrx_word' id='word_1_501' title='bbox 1376 4604 1527 4667; x_wconf 79' lang='lat' dir='ltr'>eeclesias</span> <span class='ocrx_word' id='word_1_502' title='bbox 1559 4606 1788 4669; x_wconf 87' lang='lat' dir='ltr'>consensistis.</span> 
     </span>
     <span class='ocr_line' id='line_1_70' title="bbox 994 4700 1789 4778; baseline 0.001 -15"><span class='ocrx_word' id='word_1_503' title='bbox 994 4705 1117 4763; x_wconf 86' lang='lat' dir='ltr'>Verum</span> <span class='ocrx_word' id='word_1_504' title='bbox 1133 4717 1208 4762; x_wconf 90' lang='lat' dir='ltr'>cum</span> <span class='ocrx_word' id='word_1_505' title='bbox 1227 4716 1328 4778; x_wconf 88' lang='lat' dir='ltr'>snper</span> <span class='ocrx_word' id='word_1_506' title='bbox 1346 4700 1401 4773; x_wconf 90' lang='lat' dir='ltr'>iis,</span> <span class='ocrx_word' id='word_1_507' title='bbox 1418 4700 1582 4762; x_wconf 91' lang='lat' dir='ltr'>innostra</span> <span class='ocrx_word' id='word_1_508' title='bbox 1598 4702 1631 4763; x_wconf 93' lang='grc'>61</span> <span class='ocrx_word' id='word_1_509' title='bbox 1648 4701 1789 4765; x_wconf 79' lang='lat' dir='ltr'>fratrum</span> 
     </span>
     <span class='ocr_line' id='line_1_71' title="bbox 995 4797 1789 4875; baseline 0.004 -15"><span class='ocrx_word' id='word_1_510' title='bbox 995 4800 1183 4862; x_wconf 88' lang='lat' dir='ltr'>nostrorum</span> <span class='ocrx_word' id='word_1_511' title='bbox 1207 4798 1520 4875; x_wconf 64' lang='lat' dir='ltr'>praesentianum</span> <span class='ocrx_word' id='word_1_512' title='bbox 1542 4797 1685 4861; x_wconf 86' lang='lat' dir='ltr'>fuissent</span> <span class='ocrx_word' id='word_1_513' title='bbox 1711 4800 1789 4864; x_wconf 89' lang='lat' dir='ltr'>hinc</span> 
     </span>
     <span class='ocr_line' id='line_1_72' title="bbox 994 4894 1789 4974; baseline 0.003 -17"><span class='ocrx_word' id='word_1_514' title='bbox 994 4896 1073 4957; x_wconf 93' lang='lat' dir='ltr'>inde</span> <span class='ocrx_word' id='word_1_515' title='bbox 1097 4894 1277 4973; x_wconf 88' lang='lat' dir='ltr'>proposita,</span> <span class='ocrx_word' id='word_1_516' title='bbox 1305 4895 1504 4967; x_wconf 85' lang='lat' dir='ltr'>invenimus,</span> <span class='ocrx_word' id='word_1_517' title='bbox 1533 4894 1619 4972; x_wconf 86' lang='lat' dir='ltr'>quod</span> <span class='ocrx_word' id='word_1_518' title='bbox 1646 4895 1707 4968; x_wconf 92' lang='lat' dir='ltr'>illi,</span> <span class='ocrx_word' id='word_1_519' title='bbox 1731 4896 1789 4974; x_wconf 86' lang='lat' dir='ltr'>qui</span> 
     </span>
     <span class='ocr_line' id='line_1_73' title="bbox 995 4991 1789 5067; baseline 0.003 -13"><span class='ocrx_word' id='word_1_520' title='bbox 995 5010 1055 5055; x_wconf 87' lang='grc'>666</span> <span class='ocrx_word' id='word_1_521' title='bbox 1074 4993 1283 5054; x_wconf 89' lang='lat' dir='ltr'>inTbomam</span> <span class='ocrx_word' id='word_1_522' title='bbox 1307 4991 1472 5052; x_wconf 87' lang='lat' dir='ltr'>desideria</span> <span class='ocrx_word' id='word_1_523' title='bbox 1493 4991 1689 5067; x_wconf 80' lang='lat' dir='ltr'>dirigebant,</span> <span class='ocrx_word' id='word_1_524' title='bbox 1710 4992 1789 5056; x_wconf 88' lang='lat' dir='ltr'>licet</span> 
     </span>
     <span class='ocr_line' id='line_1_74' title="bbox 996 5086 1789 5168; baseline 0 -16"><span class='ocrx_word' id='word_1_525' title='bbox 996 5091 1122 5167; x_wconf 86' lang='lat' dir='ltr'>partem</span> <span class='ocrx_word' id='word_1_526' title='bbox 1134 5092 1292 5167; x_wconf 90' lang='lat' dir='ltr'>majorem</span> <span class='ocrx_word' id='word_1_527' title='bbox 1303 5087 1461 5161; x_wconf 87' lang='lat' dir='ltr'>facerent,</span> <span class='ocrx_word' id='word_1_528' title='bbox 1470 5088 1613 5165; x_wconf 88' lang='lat' dir='ltr'>partium</span> <span class='ocrx_word' id='word_1_529' title='bbox 1626 5086 1685 5168; x_wconf 85' lang='lat' dir='ltr'>[in]</span> <span class='ocrx_word' id='word_1_530' title='bbox 1697 5104 1789 5152; x_wconf 90' lang='lat' dir='ltr'>com-</span> 
     </span>
     <span class='ocr_line' id='line_1_75' title="bbox 996 5185 1787 5265; baseline 0.001 -17"><span class='ocrx_word' id='word_1_531' title='bbox 996 5187 1202 5265; x_wconf 88' lang='lat' dir='ltr'>parationem</span> <span class='ocrx_word' id='word_1_532' title='bbox 1220 5185 1396 5258; x_wconf 92' lang='lat' dir='ltr'>minornm,</span> <span class='ocrx_word' id='word_1_533' title='bbox 1415 5201 1482 5246; x_wconf 90' lang='lat' dir='ltr'>non</span> <span class='ocrx_word' id='word_1_534' title='bbox 1494 5188 1604 5247; x_wconf 88' lang='lat' dir='ltr'>tamen</span> <span class='ocrx_word' id='word_1_535' title='bbox 1617 5185 1658 5245; x_wconf 91' lang='lat' dir='ltr'>ad</span> <span class='ocrx_word' id='word_1_536' title='bbox 1677 5190 1787 5264; x_wconf 87' lang='lat' dir='ltr'>majo-</span> 
     </span>
     <span class='ocr_line' id='line_1_76' title="bbox 995 5283 1790 5361; baseline 0.004 -16"><span class='ocrx_word' id='word_1_537' title='bbox 995 5301 1066 5345; x_wconf 89' lang='lat' dir='ltr'>rem</span> <span class='ocrx_word' id='word_1_538' title='bbox 1079 5286 1206 5361; x_wconf 88' lang='lat' dir='ltr'>partem</span> <span class='ocrx_word' id='word_1_539' title='bbox 1220 5283 1357 5360; x_wconf 89' lang='lat' dir='ltr'>capituli</span> <span class='ocrx_word' id='word_1_540' title='bbox 1376 5283 1609 5359; x_wconf 83' lang='lat' dir='ltr'>pervenerunt.</span> <span class='ocrx_word' id='word_1_541' title='bbox 1629 5283 1790 5348; x_wconf 89' lang='lat' dir='ltr'>Conside—</span> 
     </span>
     <span class='ocr_line' id='line_1_77' title="bbox 995 5378 1790 5455; baseline 0.004 -12"><span class='ocrx_word' id='word_1_542' title='bbox 995 5381 1142 5443; x_wconf 85' lang='lat' dir='ltr'>ravimus</span> <span class='ocrx_word' id='word_1_543' title='bbox 1158 5379 1386 5450; x_wconf 92' lang='lat' dir='ltr'>nibilominus,</span> <span class='ocrx_word' id='word_1_544' title='bbox 1402 5378 1487 5455; x_wconf 87' lang='lat' dir='ltr'>quod</span> <span class='ocrx_word' id='word_1_545' title='bbox 1500 5378 1575 5455; x_wconf 89' lang='lat' dir='ltr'>post</span> <span class='ocrx_word' id='word_1_546' title='bbox 1588 5378 1790 5454; x_wconf 90' lang='lat' dir='ltr'>publicatio·</span> 
     </span>
     <span class='ocr_line' id='line_1_78' title="bbox 996 5476 1788 5549; baseline 0.004 -9"><span class='ocrx_word' id='word_1_547' title='bbox 996 5495 1072 5542; x_wconf 89' lang='lat' dir='ltr'>nem</span> <span class='ocrx_word' id='word_1_548' title='bbox 1094 5492 1327 5549; x_wconf 89' lang='lat' dir='ltr'>consensuum,</span> <span class='ocrx_word' id='word_1_549' title='bbox 1351 5480 1385 5537; x_wconf 90' lang='lat' dir='ltr'>et</span> <span class='ocrx_word' id='word_1_550' title='bbox 1408 5476 1595 5537; x_wconf 90' lang='lat' dir='ltr'>collationis</span> <span class='ocrx_word' id='word_1_551' title='bbox 1611 5479 1788 5544; x_wconf 87' lang='lat' dir='ltr'>tractatum</span> 
     </span>
     <span class='ocr_line' id='line_1_79' title="bbox 997 5571 1786 5653; baseline 0.003 -14"><span class='ocrx_word' id='word_1_552' title='bbox 997 5579 1037 5639; x_wconf 88' lang='lat' dir='ltr'>ad</span> <span class='ocrx_word' id='word_1_553' title='bbox 1051 5578 1258 5650; x_wconf 88' lang='lat' dir='ltr'>electionem,</span> <span class='ocrx_word' id='word_1_554' title='bbox 1273 5575 1384 5635; x_wconf 90' lang='lat' dir='ltr'>nullus</span> <span class='ocrx_word' id='word_1_555' title='bbox 1398 5571 1530 5635; x_wconf 89' lang='lat' dir='ltr'>habitus</span> <span class='ocrx_word' id='word_1_556' title='bbox 1541 5575 1592 5641; x_wconf 83' lang='lat' dir='ltr'>est</span> <span class='ocrx_word' id='word_1_557' title='bbox 1601 5591 1786 5653; x_wconf 84' lang='lat' dir='ltr'>processus,</span> 
     </span>
    </p>
   </div>
   <div class='ocr_carea' id='block_1_16' title="bbox 1613 5716 1631 5774">
    <p class='ocr_par' dir='ltr' id='par_1_18' title="bbox 1613 5716 1631 5774">
     <span class='ocr_line' id='line_1_80' title="bbox 1613 5716 1631 5774; baseline 0 0"><span class='ocrx_word' id='word_1_558' title='bbox 1613 5716 1631 5774; x_wconf 83' lang='grc'>1</span> 
     </span>
    </p>
   </div>
   <div class='ocr_carea' id='block_1_17' title="bbox 0 0 2027 6224">
    <p class='ocr_par' dir='ltr' id='par_1_19' title="bbox 0 0 2027 6224">
     <span class='ocr_line' id='line_1_81' title="bbox 0 0 2027 6224; baseline 0 0"><span class='ocrx_word' id='word_1_559' title='bbox 0 0 2027 6224; x_wconf 95' lang='lat' dir='ltr'> </span> 
     </span>
    </p>
   </div>
  </div>
 </body>
</html>
