3886 6214
211 308 273 370 848
831 310 1008 374 HONORII
1027 310 1076 375 111
1096 307 1245 370 orem.
1794 300 1845 362 all

1913 64 1917 193 l

536 478 657 566 CXX]
1008 470 1012 475 '
1062 469 1149 542 dam,
1177 466 1326 545 cognatis
1354 464 1388 528 et
1411 463 1498 527 notis
1521 477 1562 526 sc
1588 459 1844 540 possessionibus
1917 502 1918 557 l

1061 566 1228 628 derelictis
1251 562 1465 626 laudabiliter
1488 560 1696 636 accingimur
1719 556 1847 637 (accin-

214 628 268 689 Ad
281 628 487 702 ‘mmmm'
504 631 784 691 mmmmm
804 631 1007 705 ‘³²er
1061 660 1211 740 guntur),
1227 660 1434 722 nobilitatem
1460 658 1607 719 vestram
1634 671 1791 732 rogamus
1817 657 1845 718 et

224 794 228 799 .
254 724 390 787 samen
411 726 539 786 narso
557 729 598 788 αθ
611 741 721 802 epra
738 729 842 803 porea
861 733 1008 792 maen
1062 759 1279 822 exhortamur
1296 758 1333 818 m
1356 755 1508 822 nomino,
1524 754 1688 831 quatenus
1707 754 1846 814 arnosi-

256 821 340 882 iinc.
515 899 616 957 mii
630 900 699 958 lm
1062 856 1182 934 gnatis,
1194 857 1230 917 in
1241 857 1353 917 Terrae
1369 853 1499 915 &notae
1522 850 1708 912 subsidium
1726 850 1845 926 prolec-

703 944 709 959 '
1061 954 1147 1016 turis
1174 954 1246 1014 sive
1259 951 1302 1013 ab
1325 952 1405 1023 iliis,
1420 950 1478 1027 qui
1502 946 1846 1010 nenssamadesemnt

324 1018 579 1083 [Himffi’ffld'
590 1022 815 1090 ⁰⁸³¹⁸¹⁶⁰¹·’⁸¹’P·
830 1023 899 1091 m]
1062 1050 1263 1121 eorumdem,
1280 1050 1316 1111 in
1330 1048 1484 1111 districtu
1495 1047 1606 1109 vestro
1628 1044 1770 1122 pedagia
1791 1060 1846 1106 nec

215 1141 333 1203 idundat
346 1151 378 1202 ut
402 1159 520 1204 causam
544 1147 618 1205 inter
632 1149 757 1222 priorem
783 1156 813 1207 et
834 1158 1006 1208 conventum
1062 1143 1612 1225 extorqueatisnecextorqueriab
1626 1143 1705 1203 aliis
1723 1142 1847 1219 permit·

251 1231 511 1291 Cumaldulensium
524 1243 609 1308 atque
622 1236 802 1312 plebanosde
828 1238 955 1307 Riblena,
972 1238 1008 1296 de
1062 1247 1151 1319 tatis,
1179 1245 1221 1306 ab
1242 1244 1432 1307 extorsione
1460 1240 1651 1319 hujusmodi
1672 1256 1847 1317 praeeump-

251 1322 361 1394 B⁰l⁰ss0
375 1329 403 1379 θῑ
428 1322 465 1380 (¹0
488 1325 613 1395 Perilli,
633 1332 701 1397 etc,
726 1341 813 1401 iiiiii
837 1325 1007 1400 illiblssdim
1061 1345 1151 1406 tores
1169 1343 1333 1421 potestate
1349 1340 1443 1403 vobis
1463 1339 1586 1402 tradita
1604 1337 1846 1415 compescendo.

251 1408 371 1468 (¹⁰01OEss
385 1408 512 1470 lumim-
1062 1442 1223 1504 Caeterum
1239 1440 1316 1518 quia
1339 1437 1490 1516 generali
1518 1436 1658 1498 Domino
1686 1435 1847 1512 geuene

175 1556 181 1571 ·
255 1534 423 1597 Honorius
434 1537 620 1615 episcopus,
630 1554 747 1603 servus
758 1541 1006 1615 servorumiiei,
1062 1538 1158 1602 debet
1189 1537 1341 1599 exhiberi
1363 1534 1549 1607 subventio,
1575 1549 1615 1595 ec
1640 1532 1739 1611 quod,
1769 1533 1848 1594 sicut

215 1631 400 1694 venerabili
413 1632 511 1696 tratri
525 1635 680 1713 episcopo
695 1638 728 1699 et
742 1637 872 1700 dilectis
889 1638 1006 1700 liliis...
1062 1637 1174 1697 nullus
1194 1634 1392 1697 beneficium
1415 1636 1489 1710 ejus
1515 1635 1565 1695 est
1592 1646 1728 1707 expers,
1753 1630 1801 1691 sic
1816 1631 1846 1692 et

215 1727 465 1799 archidiacono,
481 1731 550 1794 et...
574 1734 678 1810 priori
695 1735 824 1797 Sanctae
839 1735 955 1798 Mariae
968 1736 1008 1798 de
1062 1733 1174 1795 nullus
1189 1748 1226 1794 se
1239 1733 1347 1810 potest
1360 1731 1402 1793 ab
1412 1733 1484 1808 ejus
1494 1728 1664 1806 exsequiis
1679 1742 1846 1796 excusare,

216 1838 318 1900 snpra
334 1829 428 1902 porta
444 1828 650 1903 Florentina,
665 1830 806 1893 salutem
822 1832 854 1894 et
867 1834 1010 1910 Aposto·
1062 1831 1149 1891 inier
1162 1829 1247 1892 alios
1269 1827 1496 1890 subventionis
1512 1826 1627 1888 modos
1643 1826 1677 1886 in
1702 1824 1848 1886 districtu

215 1919 315 1983 licam
329 1921 606 1987 benedictionem.
1062 1929 1172 1990 vestro
1197 1943 1257 2003 pro
1278 1926 1387 1988 crucis
1412 1924 1601 1987 reverentia
1631 1923 1794 1993 actualis,
1816 1921 1848 1983 ut

256 2019 374 2082 Dilecti
389 2020 450 2082 lilii
474 2022 566 2099 prior
578 2024 611 2086 et
637 2025 1009 2088 conventuscamaldu·
1062 2023 1218 2102 quaelibet
1231 2025 1347 2086 domus
1363 2022 1504 2097 singulis
1516 2020 1688 2082 mensibus
1700 2019 1848 2097 usquead

215 2115 328 2178 lenses
342 2133 403 2178 sua
414 2117 510 2180 nobis
520 2123 758 2197 conquestione
768 2125 1005 2197 monstrarunt,
1063 2121 1244 2183 triennium
1267 2119 1383 2182 saltem
1408 2135 1510 2180 unum
1540 2120 1769 2179 Turonensem
1800 2116 1849 2178 vel

216 2213 340 2290 quod...
365 2214 405 2275 de
436 2215 610 2278 Bibleua...
637 2217 677 2280 de
705 2222 844 2297 Bujano,
872 2220 942 2283 et...
967 2222 1008 2283 de
1063 2219 1315 2296 aequivalentem
1337 2218 1504 2280 monetam
1526 2215 1688 2288 exsolvat,
1700 2214 1850 2292 quoniam
1921 2256 1922 2281 ,

216 2310 354 2371 Partlna
377 2311 721 2392 plebani,acquidam
752 2317 811 2378 alli
836 2318 950 2380 clerici
976 2320 1010 2381 et
1062 2330 1105 2378 ex
1125 2316 1262 2379 collecta
1286 2314 1529 2377 contributione
1556 2312 1761 2392 hujusmodi,
1783 2311 1849 2373 sine
1921 2314 1922 2325 ¹

216 2403 296 2467 laici
309 2409 455 2470 Aretinae
467 2409 621 2473 dioeoesls
635 2428 735 2492 super
747 2414 944 2491 quibusdam
955 2416 1010 2478 de·
1063 2417 1222 2492 citiusque
1250 2413 1443 2490 gravamine
1468 2411 1610 2474 fideliter
1637 2412 1848 2486 conmercia.

217 2501 312 2564 olims
342 2504 376 2565 et
402 2505 502 2568 rebus
527 2508 605 2570 aliis
634 2510 836 2588 injuriantur
863 2513 1006 2589 eisdem3
1063 2512 1230 2589 provideri
1250 2511 1370 2587 poterit
1383 2513 1496 2572 Terrae
1520 2508 1651 2570 Sanctae
1671 2507 1850 2568 subsidium

216 2598 357 2677 ideoque
380 2602 572 2666 discretioni
590 2610 710 2670 vestrae
736 2625 796 2687 per
817 2611 1008 2687 apostolica
1063 2610 1294 2686 opportunum.
1311 2608 1390 2670 Haec
1408 2607 1508 2669 etiam
1523 2622 1543 2667 a
1559 2605 1696 2681 regibus
1712 2605 1745 2667 et
1757 2603 1847 2681 prin·
1922 2658 1923 2705 ἒ

217 2698 341 2774 scripta
356 2701 562 2775 mandamus,
581 2706 754 2780 quatenus,
769 2707 918 2784 partibus
933 2724 1010 2769 con·
1064 2706 1191 2783 cipibus
1206 2706 1240 2767 et
1251 2705 1328 2767 aliis
1343 2704 1510 2766 nobilibus
1522 2703 1720 2765 christianis
1734 2717 1850 2778 expos-

216 2794 356 2867 vocatis,
382 2797 527 2860 audiatis
553 2815 700 2875 causam,
727 2804 761 2864 et
786 2804 1009 2881 appellatione
1064 2805 1169 2866 cimus
1181 2819 1248 2865 non
1268 2801 1513 2873 erubescentes,
1531 2816 1590 2878 pro
1603 2798 1662 2861 iilo
1673 2800 1762 2878 apud
1774 2800 1850 2860 alios

217 2891 344 2953 remota
353 2892 419 2955 line
429 2894 744 2969 debitoterminetis,
752 2899 911 2964 iacientes
922 2902 1008 2980 quod
1064 2901 1138 2963 deri
1166 2900 1336 2977 petitores,
1361 2901 1418 2977 qui
1441 2899 1548 2976 parati
1572 2914 1689 2959 sumus
1715 2898 1756 2959 de
1778 2897 1849 2969 biis,

217 2986 434 3052 decreveritis
464 3009 721 3069 percensuram
749 2998 1009 3061 ecclesiasticam
1064 3014 1137 3077 quae
1151 2997 1251 3059 babet
1278 2997 1438 3069 Ecclesia,
1464 2998 1498 3059 et
1517 2995 1605 3066 aliis,
1633 3010 1710 3072 quae
1730 2995 1852 3056 adsuc-

217 3082 357 3147 tirmiter
370 3086 551 3152 observari.
578 3094 693 3155 Testes
719 3097 840 3167 autem,
864 3096 925 3157 etc.
942 3098 1010 3157 Da·
1064 3111 1197 3158 cursum
1210 3097 1309 3158 terrae
1328 3094 1495 3172 praediola
1510 3093 1737 3171 provenerint,
1758 3092 1852 3154 liben-

217 3179 286 3242 tum
301 3183 468 3259 Laterani,
488 3189 531 3249 lv
557 3204 663 3251 nonas
689 3192 779 3265 maii,
798 3193 1008 3269 pontificatus
1063 3196 1114 3257 ter
1132 3194 1166 3255 et
1190 3192 1375 3254 liberaliter
1400 3191 1589 3254 subvenire.
1615 3192 1738 3252 Datum
1761 3192 1852 3251 Late-
1923 3228 1924 3239 κ

217 3280 323 3341 nostri
338 3284 590 3362 annoseptimo.
1064 3290 1149 3362 rani,
1185 3292 1231 3351 IV
1255 3304 1361 3350 nonas
1393 3287 1487 3356 maii,
1514 3287 1729 3365 pontificatus
1755 3285 1851 3349 nostri

1064 3404 1151 3450 anno
1167 3387 1316 3464 septimo.

541 3598 683 3687 CXXII

218 3752 271 3812 Ad
298 3756 482 3818 univeros
506 3759 660 3832 counitos,
697 3763 842 3824 barones
865 3761 900 3824 ct
923 3764 1009 3825 aiios

255 3853 381 3914 nobiae
418 3869 484 3928 per
511 3857 754 3933 drepanitanum
790 3862 1010 3936 proctiwtam
1090 3860 1142 3920 Ad
1150 3858 1305 3920 abbatem
1319 3858 1354 3920 ct
1364 3858 1568 3920 concentum
1582 3859 1624 3919 de
1637 3861 1820 3935 reperere.

254 3950 469 4014 constitutos.
1362 3987 1554 4046 insiliit.

515 4066 533 4123 l
547 4066 616 4125 maii
628 4067 708 4126 lite.

316 4192 481 4259 [Sndcndorl,
491 4198 644 4261 Registrum,
655 4206 676 4250 t.
687 4199 707 4258 l,
722 4215 748 4266 p.
758 4200 800 4262 85,
809 4215 836 4253 n.
847 4201 899 4269 di]

1379 3679 1543 3813 uxnru
1601 3678 1605 3683 ’

1254 4110 1430 4176 [Monumenta
1440 4109 1525 4171 Boios,
1538 4110 1581 4168 vl,
1598 4110 1668 4176 issi]

1097 4234 1277 4294 abbatemet
1291 4243 1464 4294 conventum
1484 4233 1520 4293 de
1534 4237 1683 4309 tegernsee
1703 4236 1822 4295 tuendos

215 4315 266 4374 Ele
286 4318 403 4379 mandat
428 4327 459 4379 ut
482 4325 724 4398 ecrusesignalis
737 4326 766 4384 in
781 4329 876 4386 Terre
896 4329 1008 4387 Sanciae
1394 4324 1523 4397 suscipit.

250 4406 407 4467 smisldium
423 4409 592 4482 proiecturis
616 4413 645 4470 in
659 4413 788 4473 districtu
810 4431 863 4474 suo
884 4416 1007 4490 pedagia
1101 4428 1773 4517 Honoriusqpqscopuqservuswomm
1786 4439 1848 4512 Dei,

251 4508 310 4551 ⁰⁰¹¹
325 4505 556 4571 ³¹⁸⁰¹q⁰⁰⁸m¹¹f⁸
1062 4539 1191 4601 dilectis
1214 4536 1293 4597 tiliis
1321 4536 1434 4599 abbati
1466 4539 1499 4599 et
1527 4540 1709 4601 conventui
1728 4540 1769 4600 de
1791 4542 1850 4599 Te-

254 4631 422 4696 Honorius
431 4635 617 4714 episcopus,
627 4652 744 4701 servus
754 4653 926 4700 servorum
935 4640 1005 4713 liei,
1061 4651 1192 4714 gernse,
1211 4634 1352 4696 salutem
1378 4634 1411 4696 et
1437 4634 1665 4711 Apostolicam
1697 4634 1850 4698 benedic·

214 4724 345 4790 dilectis
358 4731 524 4794 nobilibus
534 4736 628 4806 uiris,
641 4736 808 4797 universis
817 4736 1005 4811 comitibus,
1061 4735 1196 4797 tionem.

214 4820 393 4888 baronibus
417 4830 450 4892 et
472 4829 548 4891 aliis
572 4829 739 4892 nobilibus
759 4847 819 4908 per
839 4833 1007 4908 Magunti-
1101 4834 1206 4901 Quum
1221 4845 1241 4890 a
1256 4827 1351 4890 nobis
1378 4827 1503 4905 petitur
1523 4828 1612 4906 quod
1623 4831 1754 4907 justum
1768 4828 1852 4893 estet

213 4934 292 4981 nam
325 4926 533 5000 provinciam
565 4928 773 5001 constitutis,
802 4929 944 4991 salntem
974 4932 1007 4992 et
1062 4928 1248 4996 honestum,
1271 4928 1339 4986 tam
1358 4926 1456 5000 uigor
1479 4927 1646 5002 equitatis
1664 4944 1764 5004 quam
1778 4927 1850 4990 ordo

212 5018 437 5094 apostolicam
452 5022 727 5086 benedictlonem.
1061 5023 1165 5100 exigit
1178 5022 1332 5093 rationis,
1344 5022 1381 5083 ut
1394 5021 1428 5083 id
1450 5037 1511 5099 per
1528 5022 1788 5087 sollicitudinem
1801 5023 1850 5086 ol·

254 5117 361 5187 Quum
374 5120 418 5180 sit
437 5136 503 5180 non
518 5121 626 5182 solum
651 5120 801 5198 impium,
823 5122 880 5184 sed
904 5122 1006 5185 etiam
1061 5122 1128 5184 dcii
1140 5121 1247 5182 nostri
1259 5119 1300 5180 ad
1317 5118 1463 5181 debitum
1471 5120 1677 5198 perducatur
1693 5123 1849 5185 effectum.

213 5210 399 5289 abusivum,
416 5216 485 5279 illis
501 5218 627 5280 auferri
641 5218 791 5295 pedagia,
817 5220 873 5296 qui
888 5220 1006 5293 ei,cu-
1061 5218 1253 5294 Eapropter,
1281 5215 1393 5279 dilecti
1419 5216 1455 5277 in
1477 5218 1619 5279 Domino
1646 5219 1723 5292 tilii,
1738 5218 1849 5281 vestris

210 5310 417 5387 Juspedibus
436 5315 548 5376 omnia
571 5316 649 5376 sunt
677 5314 837 5391 subjecta,
865 5316 1008 5379 tideliter
1056 5315 1158 5393 justis
1181 5313 1458 5391 postulationibus
1493 5315 1590 5390 grato
1621 5318 1850 5379 concurrentes

214 5404 351 5484 obsequi
374 5410 580 5483 affectantes,
608 5411 649 5472 ad
663 5412 897 5474 vindicandam
917 5415 1007 5490 inJu-
1062 5427 1210 5482 assensu,
1229 5427 1388 5488 personas
1402 5411 1531 5474 vestras
1552 5414 1587 5473 et
1609 5413 1849 5497 locum,ipquc

212 5499 298 5563 riam
313 5507 422 5567 crucis
446 5510 519 5584 ejus
534 5511 567 5570 et
588 5510 725 5578 terram,
741 5525 815 5587 quae
838 5510 1006 5572 funiculus
1061 5509 1264 5572 divinoestis
1276 5509 1435 5586 obsequio
1449 5509 1644 5587 mancipati,
1659 5528 1737 5574 curn
1752 5511 1851 5574 omni-

214 5597 265 5657 est
274 5596 476 5666 hereditatis
490 5604 606 5682 ipsius,
618 5606 660 5667 ab
670 5605 822 5669 hostibus
832 5606 1007 5668 vindican—
1060 5608 1121 5669 bus
1134 5607 1229 5670 bonis
1244 5621 1317 5685 quse
1329 5605 1365 5667 in
1378 5606 1634 5683 praesentiarum
1647 5607 1850 5673 rationabili·
