3972 6204
176 303 236 363 923
791 298 966 363 HONORII
987 299 1031 359 111
1053 299 1201 364 OPERA.
1763 309 1825 371 924

177 460 300 522 ruimus
315 459 488 537 capellano
504 457 673 537 predicto,
686 458 898 522 consulentes
911 459 971 521 tibi
1026 460 1091 536 geli
1113 461 1198 523 diac.
1217 461 1320 534 card,
1338 464 1375 525 Α.
1394 465 1427 525 S.
1449 463 1569 541 legato,
1587 466 1741 540 salutem,
1757 470 1824 531 etc.

177 575 244 621 non
270 557 435 619 modicum
459 558 494 618 in
518 557 582 618 bac
614 560 725 634 parte;
748 574 849 635 quum
871 557 969 630 idem,
1067 560 1115 619 Ex
1138 561 1233 636 parte
1253 561 1418 622 carissimi
1439 562 1476 622 in
1499 563 1631 625 Christo
1655 564 1718 625 filii
1738 582 1824 627 nos·

176 658 337 735 tanquam
360 656 497 718 honoris
523 656 572 717 tui
591 656 730 717 nimium
757 656 886 724 avidus,
912 671 971 733 pro
1025 657 1069 719 tri
1086 657 1145 735 (1),
1157 658 1297 720 illustris
1306 660 1394 735 regis
1409 663 1610 737 aragonum,
1626 662 1690 724 luit
1699 680 1826 740 propo-

176 757 209 817 te
224 756 310 833 apud
327 755 446 815 Sedem
462 754 684 831 Apostolioam
699 770 829 831 semper
844 754 971 830 invigi-
1027 754 1250 818 situmcoram
1277 756 1384 828 nobiS,
1404 758 1502 834 quod,
1528 760 1824 823 cumvenerabilis

177 852 233 925 let,
251 852 346 930 quasi
361 853 610 928 procuratorem
624 852 670 913 ibi
683 868 758 912 eum
772 852 813 912 ad
826 854 883 913 tua
907 867 970 912 ne·
1026 850 1131 914 frater
1146 856 1464 919 nosterPortuensis
1479 857 1654 933 episcopus
1665 856 1727 937 (2),
1744 862 1825 921 tune

176 952 267 1028 gotia
282 950 492 1027 deputasses3
515 951 571 1028 qui
591 952 706 1027 procul
727 950 825 1011 dubio
842 966 972 1027 semper
1027 949 1060 1010 in
1074 952 1224 1027 partibus
1237 952 1424 1014 Provinciae
1438 957 1476 1015 A.
1495 957 1528 1015 S.
1545 954 1686 1030 legatus,
1712 956 1825 1032 ipsum

177 1049 374 1110 nunciorum
390 1048 614 1110 sollicitudine
630 1048 821 1125 frequenter
836 1064 872 1108 se
884 1063 970 1109 exo·
1026 1049 1184 1112 comitatu
1198 1051 1436 1123 Amelianensi,
1450 1069 1514 1128 quo
1536 1068 1612 1113 eum
1628 1053 1751 1115 nobilis
1770 1056 1825 1115 vir

177 1163 296 1209 narare
311 1147 447 1223 poterit;
465 1147 588 1223 utpote,
602 1147 657 1224 qui
668 1146 810 1221 negotiis
821 1146 887 1208 tuis
903 1145 970 1206 im·
1026 1162 1136 1208 eomes
1169 1148 1387 1211 Moutiaiortis
1424 1147 1636 1230 [amalricus]
1674 1154 1708 1213 et
1730 1153 1825 1228 epis-

176 1247 280 1307 minet
292 1245 361 1307 toto
375 1260 483 1321 posse,
499 1247 532 1306 et
542 1245 741 1305 familiarius
755 1244 851 1305 nobis
865 1245 972 1321 potest
1026 1258 1128 1319 oopus
1143 1243 1352 1309 dioeeesanus
1370 1245 1595 1321 privaverant,
1607 1246 1648 1307 de
1665 1248 1824 1310 mandato

175 1358 352 1421 exponere,
375 1358 449 1419 quae
463 1341 522 1404 tibi
540 1359 599 1419 pro
613 1346 762 1420 tempore
778 1342 970 1404 incumbere
1026 1342 1139 1403 nostro
1157 1342 1364 1405 investiverit
1382 1343 1519 1418 speciali
1536 1342 1601 1421 (3);
1629 1344 1753 1406 nobilis
1769 1346 1825 1406 vir

176 1442 426 1517 dignoscuntur.
452 1443 558 1512 Quum
587 1443 697 1502 autem
722 1440 818 1502 nobis
854 1442 887 1502 et
909 1439 970 1502 tibi
1026 1436 1823 1518 RIaimundus]quiproeomiteTolosanosege-

175 1541 264 1601 esset
277 1540 447 1610 indecens,
476 1539 504 1599 si
533 1539 762 1601 denominatus
778 1538 970 1615 capellanus
1026 1537 1081 1607 rit,
1098 1537 1293 1599 scienseum
1314 1537 1456 1598 diversis
1466 1538 1774 1614 perturbationibus
1790 1540 1824 1601 et

175 1639 211 1699 in
225 1636 415 1714 hujusmodi
430 1638 539 1714 gratia
551 1636 791 1709 difficultatem,
808 1636 861 1698 vei
887 1636 969 1697 obs·
1025 1636 1156 1711 guerris
1167 1650 1372 1712 oppressum,
1390 1637 1426 1698 ut
1447 1652 1490 1697 ex
1504 1637 1567 1697 hoc
1581 1636 1623 1696 ad
1649 1636 1824 1698 detensio-

174 1736 322 1799 tacutnm
348 1735 537 1806 sustineret,
568 1750 629 1795 nos
660 1734 819 1812 quidquid
846 1733 969 1795 iactum
1025 1748 1100 1793 nem
1116 1733 1823 1810 suorumjuriumimpoteutem,memorato

174 1834 224 1896 est
248 1832 345 1894 aliter
368 1832 408 1893 de
437 1832 656 1910 praepositura
686 1832 838 1909 pratata,
868 1848 969 1908 quum
1025 1830 1183 1893 comitatu
1195 1832 1315 1907 ipsum,
1335 1831 1376 1892 ad
1396 1847 1493 1908 quem
1508 1831 1723 1893 baereditario
1743 1833 1822 1908 jnre

175 1933 290 1994 centra
326 1931 574 1993 concessionem
605 1933 753 1992 nostram
792 1929 825 1990 id
861 1932 970 1992 actum
1025 1928 1177 2004 pertinet,
1200 1928 1346 1990 indebite
1368 1928 1539 2006 spoliavit3
1562 1929 1639 1991 lieet
1667 1945 1822 2006 eumpro

173 2030 300 2101 luisset,
317 2029 449 2091 irritum
460 2030 669 2090 decernimus
681 2029 714 2090 et
728 2029 840 2089 inane.
859 2029 969 2089 Caete·
1025 2026 1152 2088 viribus
1162 2025 1338 2089 defendere
1351 2028 1532 2099 teneretur,
1550 2043 1611 2089 nec
1622 2028 1748 2103 ipsum,
1763 2028 1822 2104 qui

173 2143 249 2188 rum
260 2127 473 2188 serenitatem
487 2127 577 2188 tuam
593 2127 679 2187 sieut
698 2126 830 2197 iterum,
850 2124 898 2185 sie
918 2126 971 2186 at·
1025 2123 1169 2199 pupillus
1202 2123 1326 2194 existit,
1365 2123 1577 2185 commissum
1606 2123 1648 2185 ab
1679 2126 1822 2201 utroque

174 2225 299 2287 tentius
313 2224 540 2294 exhortamur,
556 2223 654 2300 quod,
676 2239 775 2300 quum
797 2238 863 2284 non
878 2238 971 2298 quae-
1024 2223 1164 2298 parente
1178 2220 1289 2285 tutelae
1306 2221 1622 2297 sedisapostolicae,
1638 2221 1819 2284 dubitaret

174 2338 289 2384 ramus
304 2322 339 2382 in
352 2322 416 2383 hoc
432 2321 611 2398 proprium,
629 2320 687 2381 sed
708 2322 802 2382 tuum
824 2334 971 2381 commo·
1024 2319 1093 2380 Nos
1114 2319 1234 2389 autem,
1252 2316 1445 2379 discretioni
1467 2318 1534 2379 tuae
1549 2317 1740 2396 hujusmodi
1760 2334 1822 2379 ne-

174 2420 252 2481 dum
275 2421 309 2482 et
332 2417 527 2496 proiectum,
558 2418 599 2480 de
622 2417 696 2490 boc,
719 2418 805 2495 quod
821 2416 863 2479 ad
886 2418 919 2479 te
935 2417 970 2477 in
1024 2416 1149 2492 gotium
1169 2416 1385 2488 remittentes,
1405 2431 1464 2493 per
1482 2416 1673 2492 Apostolioa
1696 2416 1820 2493 scripta

174 2518 396 2595 praepositura
417 2517 490 2593 ipsa
506 2516 659 2592 pertinet,
678 2516 850 2593 capellano
865 2514 970 2591 grati·
1024 2513 1231 2585 mandamus,
1246 2515 1408 2590 quatenus
1424 2513 1457 2573 in
1468 2513 1541 2589 ipso
1551 2513 1820 2590 procedasprout

174 2614 418 2685 liceriseidem,
435 2614 653 2676 intentionem
678 2613 826 2687 nostram
848 2613 884 2673 in
906 2612 969 2673 bac
1024 2610 1205 2671 sectandum
1220 2608 1541 2686 Deumetjustitiam
1561 2609 1686 2670 videris
1701 2624 1820 2686 proee-

173 2713 268 2791 parte
292 2711 507 2774 considerans
535 2712 569 2772 et
593 2712 785 2788 acceptans3
811 2712 858 2772 ita
882 2710 969 2786 quod
1025 2707 1179 2769 dendum.
1200 2710 1318 2769 Datum
1336 2709 1451 2778 Reate,
1466 2709 1493 2768 V
1509 2705 1586 2767 idus
1606 2706 1816 2783 septembris,

173 2809 350 2888 prudentia
364 2809 422 2870 tua
443 2808 522 2870 inde
541 2807 652 2871 valeat
676 2808 913 2880 commendari,
937 2808 970 2869 et
1024 2805 1263 2869 annodecimo.

174 2908 366 2985 capellanus
401 2907 484 2984 ipse,
521 2905 582 2969 tibi
617 2906 730 2984 utique
766 2905 967 2977 fructuosus,

174 3023 275 3084 quum
290 3006 385 3068 nobis
400 3008 433 3067 et
448 3004 607 3067 iratribus
621 3005 746 3067 nostris
761 3020 860 3065 carus
875 3004 969 3066 exis·
1369 3020 1474 3106 XXX

174 3106 238 3180 tat3
262 3103 303 3165 ad
321 3103 494 3166 servitium
509 3104 601 3164 tuum
621 3102 740 3164 lortius
756 3101 967 3173 accendatur,

174 3216 215 3264 ac
240 3218 301 3264 nos
321 3202 355 3263 id
377 3201 477 3264 etiam
498 3203 629 3277 gratum
652 3198 776 3261 babere
791 3201 967 3276 possimus.
1024 3173 1075 3232 Ad
1089 3175 1285 3247 emmam
1301 3170 1576 3277 §IDYoePOSl'Ittm
1596 3173 1814 3233 usercenses.

173 3300 292 3363 Datum
308 3300 421 3372 Reate,
436 3301 468 3360 11
478 3314 584 3360 nonas
602 3297 808 3375 septembris,
830 3297 967 3374 pontill-

175 3400 269 3460 oatus
284 3398 390 3460 nostri
406 3412 494 3458 anno
509 3396 648 3458 decimo.

487 3602 657 3689 XXVIII

114 3820 120 3827 ,
176 3744 413 3807 adalbertum
429 3743 583 3815 eiectam,
600 3742 756 3804 abbatem
768 3745 803 3803 s.
817 3744 970 3803 Zenonis

196 3842 716 3904 etcorrstaeiimimeanoatcam
726 3843 947 3901 Veronenses.

441 3961 609 4035 dseptemb.
625 3960 704 4019 1225.

475 4093 511 4135 ms
531 4091 668 4135 Alllll'l’lils.

214 4187 311 4269 (Vide
339 4187 501 4254 arctatam
527 4186 822 4261 compilationem,
854 4185 911 4246 lib.
942 4188 967 4259 I,

172 4286 223 4350 tit.
234 4287 285 4358 24,
299 4301 371 4362 cap.
387 4285 418 4356 2,
433 4286 456 4345 t.
475 4286 499 4355 l,
514 4284 577 4345 ool.
593 4281 758 4363 187-188.)

507 4471 634 4557 XXIX

173 4616 225 4675 Ad
239 4616 442 4685 Romanam,
459 4613 578 4675 Sancti
602 4614 724 4689 Abiecti
745 4615 967 4685 comitialem,

436 4714 476 4772 A.
493 4714 527 4773 S.
541 4712 704 4787 locatam.
764 4752 767 4758 ,

439 4843 456 4900 9
469 4840 608 4915 septemb.
622 4842 705 4905 1225.

192 4967 326 5032 [bouquet
337 4967 394 5018 lieo.
403 4965 447 5015 des
456 4964 652 5097 Hist'’·xt.lxe'tp]'
667 4964 726 5025 77u;
745 4965 855 5028 bagme,
868 4964 954 5023 lih.X,

497 5050 552 5100 epis
628 5073 635 5085 .

175 5134 293 5205 tacebo,
309 5134 465 5208 Aragoniae
488 5148 568 5208 rege,
593 5133 828 5191 Amelianensem
850 5134 969 5191 eomita-

1281 3303 1316 3360 lt)
1329 3302 1467 3375 septemb.
1481 3302 1558 3361 titt.

1163 3426 1254 3491 [Peion
1264 3426 1326 3478 Cod.
1340 3425 1403 3491 dipl.
1414 3426 1507 3491 Hnnp,
1519 3426 1562 3485 Ill,
1579 3440 1607 3485 n,
1622 3426 1676 3491 m]

1023 3553 1207 3627 Propositum
1222 3552 1437 3610 Orodienscma
1455 3567 1486 3609 se
1499 3552 1690 3623 nominatum,
1706 3560 1816 3610 remoto

1217 3642 1296 3698 omni
1311 3641 1376 3710 alio,
1392 3640 1519 3698 investiri
1530 3639 1621 3714 jubet.

1063 3768 1241 3840 Honorius,
1265 3769 1341 3839 eto,
1364 3767 1521 3844 episcopo
1545 3767 1616 3829 et...
1636 3769 1814 3845 praeposito

1024 3867 1211 3937 (lauriensi,
1226 3866 1287 3927 etc.

1064 3964 1145 4025 Cum
1171 3961 1362 4024 orodiensis
1385 3963 1617 4039 praepositura.
1645 3979 1723 4041 quaa
1743 3978 1815 4025 oum

1023 4062 1148 4139 regalis
1157 4061 1290 4133 existat,
1307 4060 1348 4121 ad
1365 4075 1425 4122 nos
1438 4059 1680 4137 spiritualibus,
1701 4061 1745 4122 ad
1763 4076 1817 4121 re-

1023 4175 1097 4237 gem
1125 4173 1205 4221 vero
1229 4157 1264 4218 in
1283 4156 1522 4234 temporalibus
1543 4157 1699 4233 pertinet,
1715 4173 1816 4219 vaca-

1023 4258 1141 4330 visset3
1162 4271 1235 4317 eam
1250 4254 1370 4317 dilecto
1385 4253 1464 4325 lilio,
1493 4254 1613 4317 loanni
1642 4252 1812 4334 capuano]

1025 4353 1227 4417 subdiacono
1246 4353 1279 4414 et
1293 4352 1465 4430 capellano
1480 4353 1593 4413 nostro
1609 4351 1733 4412 dudum
1755 4352 1815 4413 dn-

1023 4453 1133 4515 ximus
1158 4449 1412 4518 concedendam,
1435 4452 1468 4511 et
1496 4465 1603 4527 nuper
1627 4450 1760 4512 irritum
1784 4454 1816 4513 et

1024 4551 1125 4612 inane
1140 4549 1357 4619 decrevimus,
1383 4547 1510 4626 siquod
1533 4546 1618 4609 iorte
1637 4564 1741 4625 super
1754 4548 1816 4609 hoo

1024 4648 1170 4710 taretin
1205 4644 1437 4723 praejudicium
1467 4644 1634 4720 capellani
1665 4645 1815 4721 praedicti

1025 4744 1272 4824 praesumptum,
1309 4759 1383 4803 cum
1417 4743 1533 4803 contra
1567 4742 1815 4805 concessionem

1025 4844 1172 4905 nostram
1192 4841 1224 4902 id
1247 4840 1405 4902 existeret
1426 4840 1632 4901 attentatum.
1653 4842 1815 4911 Quocirca

1026 4939 1218 5002 discretioni
1243 4939 1363 5000 vestrae
1387 4952 1448 5014 per
1471 4937 1662 5012 Apostolica
1693 4939 1815 5014 scripta

1026 5038 1231 5111 mandamus,
1242 5035 1403 5112 quatenus
1416 5031 1457 5095 ab
1468 5033 1584 5095 eadem
1596 5036 1815 5111 praepositura

1026 5134 1172 5214 quolibet
1197 5133 1368 5195 detentore
1390 5132 1511 5203 amoto,
1539 5134 1814 5209 praenominatum

218 5233 278 5285 tum
293 5229 471 5297 reposcente,
482 5220 740 5297 discretionilegati
755 5237 815 5279 rem
830 5223 972 5284 Honorius
1026 5232 1124 5309 plena
1134 5234 1206 5308 ejus
1219 5228 1358 5306 pacifica
1372 5226 1502 5289 faciatis
1510 5229 1723 5303 possessione
1734 5245 1815 5306 gau.

211 5313 376 5372 committit.

214 5426 394 5500 Honorius,
413 5428 488 5500 ete,
503 5426 624 5491 diiecto
639 5426 709 5489 filio
720 5429 760 5489 R.
778 5428 973 5525 SanctiAn·

1026 5329 1115 5390 dere.
1128 5325 1402 5397 contradictores,
1419 5326 1480 5387 ete.
1500 5324 1591 5396 Quod
1609 5326 1639 5385 si
1658 5342 1738 5399 non,
1754 5328 1812 5388 ete.

1026 5420 1812 5499 DatnmReate,[Vidusseptemb.‚annedecimo.

211 5574 252 5649 (ll
268 5575 375 5656 laoobi.
432 5573 473 5648 (2)
489 5574 643 5635 conradus.
702 5574 743 5649 (3)
757 5575 901 5650 Legenda
923 5575 1040 5636 Honorii
1055 5575 1156 5633 littere
1172 5572 1304 5646 superius
1323 5571 1491 5639 recitntc,t.
1508 5572 1545 5639 11,
1561 5570 1596 5628 ed
1611 5584 1719 5629 annum
1739 5573 1812 5641 llll,

178 5660 277 5703 mense
296 5646 387 5715 punio.
