3972 6204
122 259 182 322 aar
746 254 981 320 aarsronn.
1004 255 1084 321 cm.
1107 252 1162 319 ui.
1229 354 1232 369 .
1396 344 1398 351 Α
1708 260 1795 357 962Ι

124 416 251 479 decano
275 416 382 493 ipsius
396 414 548 478 ecclesiae
563 414 684 477 dilecto
705 415 811 478 tilio...
829 432 916 477 nunc

121 514 312 592 praeposito,
328 515 474 591 quicum
490 515 578 575 esset
593 513 633 573 de
655 527 796 590 corpore
810 515 916 590 ipsius

121 612 260 688 capituli
272 627 396 689 eaquae
409 611 562 688 superius
574 612 651 672 sunt
664 626 826 687 expressa
841 629 916 674 cum

120 709 198 769 aliis
214 709 416 785 procuravit,
441 710 475 769 et
499 709 572 785 post
594 708 790 770 electionem
806 709 916 770 simile

122 805 277 882 praestitit
283 805 527 882 jusjurandum.
541 805 790 877 Quiarerohaec
804 807 918 868 dicun·

123 903 179 964 tur
192 903 228 962 in
241 918 376 963 enorme
390 902 621 979 praepositurae
637 902 845 980 dispendium
860 906 914 966 at-

122 989 263 1072 tentata,
280 1014 342 1060 nos
370 1015 470 1076 super
497 1000 561 1062 hoc
584 1000 734 1063 volentes
749 1016 792 1061 ex
806 1001 916 1062 edicio

123 1095 916 1174 nostroprocedare,cumjusjurandireligiouon

124 1192 627 1270 utessetiniquitatisvinculum
641 1194 742 1256 suerit
750 1195 914 1267 instituta,

123 1291 158 1352 et
171 1289 257 1367 quod
272 1305 339 1350 nou
356 1293 546 1367 juramenta
563 1292 621 1353 sed
645 1292 792 1368 perjuria
807 1292 916 1369 potius

123 1385 360 1458 suntdicenda,
376 1403 451 1463 quae
472 1389 589 1449 contra
608 1388 784 1451 utilitatem
804 1388 915 1450 eccle-

123 1483 293 1544 siasticam
321 1483 543 1556 attentantur,
573 1484 765 1546 discretioni
795 1486 915 1547 restrae

122 1596 183 1657 per
197 1581 387 1657 apostolica
397 1581 521 1658 scripta
536 1581 743 1653 mandamus,
752 1584 916 1658 quatenus

123 1678 152 1737 si
165 1688 209 1738 ex
220 1678 403 1754 praemissis
425 1677 678 1755 praeposituram
692 1679 797 1754 ipsam
817 1694 917 1740 enor-

122 1774 224 1834 miter
234 1789 307 1834 esse
317 1774 432 1835 laesam
443 1773 916 1854 [constiterit],reductisrillis

123 1869 166 1931 ad
175 1873 245 1948 jue,
259 1871 494 1947 proprietatem
509 1872 615 1947 ipsius
631 1869 845 1950 [confirmetis
857 1871 914 1952 etl,

123 1970 258 2038 caetera,
275 1984 349 2044 quae
363 1968 398 2029 in
411 1972 483 2045 ejus
497 1968 726 2046 praejudicium
739 1970 815 2031 sunt
829 1985 914 2047 prae-

123 2065 268 2140 sumpta,
284 2064 318 2124 in
328 2065 461 2125 irritum
476 2066 648 2138 revocetis
661 2066 694 2128 et
705 2067 783 2143 quia
796 2083 917 2144 oppor-

121 2158 242 2224 tunum
260 2161 478 2236 dignoscitur,
498 2163 533 2223 ut
549 2164 746 2240 praepositus
760 2163 832 2240 ipse
851 2180 914 2225 ne-

121 2258 251 2333 gotium
271 2258 462 2334 hujusmodi
482 2261 712 2336 prosequatur,
733 2261 916 2337 injungatis

121 2354 282 2430 capitulo,
305 2356 342 2417 ut
355 2356 496 2424 relaxet,
514 2354 600 2432 quod
620 2372 720 2433 super
738 2357 801 2419 boc
825 2373 915 2434 prae-

122 2451 210 2512 stitit
222 2451 310 2512 idem
323 2453 520 2528 praepositus
530 2455 771 2529 juramentum3
788 2454 872 2531 quod
886 2454 916 2515 si

122 2547 306 2623 capitulum
317 2564 383 2609 non
393 2547 519 2621 lecerit,
528 2551 819 2625 resjuramentum
829 2567 916 2627 prae-

123 2642 249 2706 dictum
268 2645 467 2707 auctoritate
486 2646 675 2722 apostoliea
692 2649 863 2722 relaxetis,
881 2651 917 2711 ut

122 2756 165 2803 eo
176 2741 328 2803 relaxato
340 2743 495 2803 insistere
508 2744 612 2819 possit
622 2746 818 2821 praepositus
834 2762 915 2823 pro-

122 2838 290 2900 secutioni
311 2840 436 2915 negotii
456 2842 640 2909 memorati,
658 2842 916 2905 contradictores

122 2950 267 2996 censura
286 2935 523 3008 ecclesiastica,
550 2937 681 2999 sublato
706 2938 916 3015 apellationis

122 3030 306 3104 obstaculo,
323 3033 561 3109 compescendo
579 3050 586 3094 :
601 3050 661 3110 pro
674 3036 845 3110 juratione
863 3039 917 3099 ta-

79 3186 86 3189 .
121 3144 200 3190 men
228 3129 362 3191 incauta
388 3130 569 3206 inJ‘ungatis
598 3131 707 3192 eidem
738 3135 915 3211 praeposito

120 3226 352 3304 paenitentiam
385 3228 636 3303 competentem.
673 3230 764 3300 Quod
798 3231 827 3291 si
849 3247 916 3292 non

123 3338 253 3394 omnes,
270 3324 332 3384 etc.
349 3325 468 3384 Datum
480 3324 594 3398 Reate,
608 3326 706 3387 nouis
718 3326 913 3400 decembris,

124 3433 215 3480 anne
236 3418 376 3480 decimo.

453 3596 581 3684 LXIII

224 3738 276 3797 Ad
298 3738 481 3800 universos
505 3740 632 3801 Cbrtatt
649 3741 765 3812 fideles
778 3743 815 3802 ta

279 3833 545 3910 Rethomopeast
562 3840 754 3910 procincta.

381 3963 413 4020 ll
434 3961 563 4021 decemb.
575 3965 653 4022 Dae.

279 4074 430 4140 [Baliarium
442 4078 596 4137 Romanum,
611 4080 652 4139 ΙΙΙ,
664 4094 683 4138 1,
693 4079 759 4145 las]

119 4188 304 4249 canonisatio
313 4192 341 4249 S.
350 4193 493 4249 Laurentii
504 4192 711 4267 archiepiscopi
719 4194 911 4265 hambiensis,

156 4279 236 4351 regis
251 4293 285 4335 ac
297 4280 405 4352 regina
416 4280 559 4338 Hibernia
572 4281 631 4351 lilii,
642 4284 760 4356 eiusque
773 4285 873 4342 relatio
883 4287 912 4343 in

156 4380 307 4423 numerum
322 4375 485 4425 sauctorum
500 4367 707 4440 consessorum,
723 4379 752 4429 et
770 4371 910 4431 festivita·

155 4455 193 4511 tis
214 4453 342 4526 eiusdem
368 4456 516 4527 pradnitio
538 4472 590 4529 pro
611 4457 787 4517 diedecima
812 4469 912 4534 quarta

154 4542 264 4599 mensis
276 4543 439 4600 novembris
451 4546 603 4616 quotannis
616 4546 804 4606 celebrandae.

159 4669 326 4728 Honorius
336 4669 648 4747 episcopusservus
658 4675 908 4747 serrorumDei,

117 4763 177 4825 uni
184 4764 288 4825 versis
301 4764 423 4826 Christi
434 4767 587 4828 fidelihus
602 4769 637 4828 in
652 4770 911 4847 Rothomagensi

115 4860 293 4938 provincia
312 4863 510 4936 constitutis,
530 4865 671 4926 salutem
694 4868 726 4927 et
739 4869 908 4945 Apostoli-

115 4955 477 5020 cambenedictionem.

157 5052 340 5115 meffabilia
368 5057 576 5131 providentia
599 5058 670 5131 Dei,
691 5063 910 5135 congruentia

114 5149 259 5225 siugulis
271 5150 456 5229 quibusque
462 5153 666 5230 temporibus
677 5155 830 5218 ordinate
840 5159 911 5219 dis·

111 5260 272 5325 pensans,
287 5248 323 5307 in
333 5248 563 5325 splendoribus
574 5254 776 5325 sauctorum,
796 5255 912 5316 Eccle-

114 5342 203 5403 siam
217 5359 312 5403 suam
326 5345 423 5421 quasi
437 5348 585 5408 exutero
608 5350 733 5422 genuit,
754 5350 830 5410 dum
853 5367 910 5413 eos

114 5438 154 5499 in
167 5439 305 5525 exordio
320 5440 426 5517 ipsius
441 5444 608 5504 nascentis
621 5445 778 5506 Ecclesiae
794 5447 910 5509 crebra

114 5534 354 5597 miraculorum
379 5539 609 5602 coruscatione
621 5541 813 5616 mirificans,
830 5545 911 5606 etin

259 5680 375 5725 ramat.
394 5681 468 5726 roua
479 5670 532 5732 iv.

971 416 1121 494 ipsorum
1150 415 1388 478 miraculorum
1420 416 1549 493 fulgore
1573 416 1767 497 obstupefa-

971 514 1062 575 ciens
1083 516 1209 590 gentes,
1233 530 1273 575 ac
1301 514 1554 591 praedestinatos
1578 516 1611 576 in
1627 515 1766 592 tidege-

970 625 1092 671 nerans
1106 613 1186 672 lesu
1212 610 1346 679 Christi,
1362 611 1397 671 in
1414 614 1508 688 cujus
1523 612 1595 674 haec
1610 613 1684 674 deri
1699 629 1765 675 ne·

971 707 1059 767 mine
1084 722 1124 768 ac
1156 707 1278 769 virtute
1310 707 1482 781 videbant,
1507 709 1596 786 Ipsos
1619 710 1764 771 illiorum

971 803 1159 879 adoptionis
1172 820 1310 866 numero
1326 806 1530 882 aggravarit.

1011 900 1136 961 Deinde
1175 903 1344 963 crescente
1372 902 1519 963 iidelium
1552 919 1700 976 numero,
1734 904 1769 967 et

971 997 1194 1072 multitudine,
1218 1000 1331 1076 populi
1343 1001 1452 1062 vocati
1464 1001 1503 1061 de
1518 1001 1675 1073 tenebris,
1688 1018 1770 1062 am*

971 1094 1123 1157 balantes
1134 1096 1232 1172 juxta
1250 1096 1356 1173 ipsius
1375 1097 1569 1158 vaticinium
1589 1098 1763 1161 inlumina

970 1190 1102 1253 Domini
1126 1193 1185 1253 Dei
1220 1193 1283 1265 sui,
1311 1193 1474 1254 mirabilis
1498 1194 1706 1271 dispensator
1729 1197 1765 1257 in

970 1289 1118 1365 pluviam
1144 1289 1277 1365 fulgura
1292 1306 1352 1351 sua
1367 1290 1455 1363 iecit,
1470 1292 1548 1353 dum
1564 1293 1680 1368 signis,
1694 1295 1765 1356 sive

971 1386 1152 1457 miraculis,
1175 1403 1248 1464 quae
1258 1403 1325 1449 non
1340 1390 1436 1450 erant
1446 1391 1516 1464 jam
1531 1388 1684 1451 fidelibus
1699 1407 1763 1453 ne-

971 1483 1127 1556 cessaria,
1144 1483 1356 1557 intermissis,
1376 1501 1477 1562 super
1491 1500 1596 1547 novos
1611 1487 1762 1564 populos,

970 1581 1130 1656 pastores,
1147 1581 1203 1657 qui
1217 1596 1274 1642 eos
1288 1583 1464 1657 pascerent
1478 1583 1619 1645 seientia
1634 1587 1667 1646 et
1686 1584 1765 1647 doe-

970 1676 1070 1746 trina,
1098 1675 1185 1737 sicut
1211 1691 1271 1753 per
1294 1693 1331 1738 os
1353 1677 1530 1738 Hieremiae
1552 1681 1762 1755 promiserat,
1800 1714 1806 1719 -

971 1771 1154 1843 suscitarit,
1175 1773 1332 1834 Doctores
1358 1774 1515 1836 Ecclesiae
1542 1776 1679 1850 scilicet,
1706 1778 1764 1854 qui

970 1868 1094 1929 terram
1109 1869 1219 1930 cordis
1232 1869 1380 1931 iidelium
1393 1870 1498 1932 imbre
1512 1872 1765 1936 doctrinaecom·

971 1965 1163 2041 pleveramt,
1181 1966 1214 2028 et
1228 1967 1404 2044 extirpatis
1428 1968 1577 2030 sentibus
1590 1971 1759 2043 vitiorum,

970 2078 1044 2123 eam
1057 2062 1098 2123 ad
1120 2062 1354 2139 proferendum
1377 2066 1538 2127 virtutum
1556 2083 1709 2143 germen,
1731 2073 1765 2131 et

970 2159 1113 2225 fructum
1127 2159 1205 2222 boni
1221 2162 1330 2238 operis
1344 2163 1576 2226 secundarent.

1010 2258 1607 2336 caeterumquiacaritatefrigescente
1615 2258 1656 2324 ab
1665 2278 1766 2325 exer-

971 2353 1048 2415 citio
1073 2355 1263 2432 hujusmodi
1290 2354 1369 2417 boni
1393 2358 1503 2432 operis
1515 2359 1624 2433 torpet
1645 2360 1764 2421 catho-

971 2451 1066 2523 licus,
1083 2467 1196 2513 errore
1211 2450 1308 2513 devio
1323 2452 1508 2516 abducente
1524 2454 1644 2517 delirat
1655 2456 1766 2518 haere·

970 2548 1069 2617 ticus,
1077 2549 1219 2620 caecutit,
1229 2549 1396 2611 uelamine
1404 2551 1512 2612 adhuc
1520 2568 1686 2629 supercor
1694 2570 1765 2631 per·

971 2647 1135 2718 manente,
1148 2649 1167 2710 J
1170 2646 1295 2719 udaeus',
1306 2649 1339 2708 et
1352 2647 1386 2708 in
1400 2647 1546 2710 tenebris
1559 2650 1705 2713 ambulat
1717 2654 1766 2713 si-

971 2742 1143 2804 derelucis
1153 2744 1298 2805 nondum
1310 2744 1374 2805 sibi
1384 2745 1513 2807 oriente
1523 2749 1765 2823 Paganus3mi·

971 2839 1115 2901 sericors
1129 2841 1300 2912 Dominus,
1311 2841 1366 2917 qui
1382 2843 1548 2904 neminem
1559 2844 1631 2906 vult
1640 2846 1764 2921 perire,

971 2937 1067 3011 signa
1081 2936 1248 2998 interdum
1261 2938 1410 3007 innovat,
1433 2939 1466 3000 et
1482 2939 1649 3002 mirabilia
1662 2943 1765 3004 mise-

970 3034 1063 3095 ratus
1077 3033 1238 3106 immutat,
1254 3049 1296 3094 ex
1310 3051 1450 3097 numero
1473 3035 1618 3109 illorum,
1635 3056 1717 3116 quos
1728 3042 1763 3103 in
1866 3084 1872 3097 .

970 3129 1120 3192 ecclesiae
1140 3130 1358 3207 triumphanti
1378 3133 1554 3208 glorificat,
1576 3134 1763 3213 aliquorum

971 3225 1068 3286 fldem
1084 3227 1116 3288 et
1128 3227 1245 3288 merita
1256 3226 1291 3287 in
1301 3228 1458 3290 militanti
1471 3229 1642 3291 miraculis
1656 3231 1765 3294 decla·

970 3322 1085 3383 raudo.
1101 3325 1144 3385 ut
1165 3339 1224 3399 per
1238 3339 1277 3383 ea
1293 3325 1467 3394 Catholici,
1484 3329 1604 3389 mentis
1626 3329 1761 3405 torpore

971 3418 1131 3491 discusso,
1148 3420 1189 3480 ad
1204 3419 1283 3481 boni
1298 3421 1408 3497 operis
1424 3423 1612 3485 excitentur
1632 3425 1765 3488 instan-

969 3516 1063 3584 tiam,
1075 3515 1237 3589 haeretici‚
1252 3532 1368 3579 errore
1379 3517 1529 3592 dimisso,
1544 3520 1585 3582 ab
1601 3521 1692 3585 turio
1702 3540 1762 3585 re-

971 3613 1133 3675 ducantur
1143 3613 1293 3675 adriam.
1304 3615 1413 3676 ludaei
1426 3617 1524 3693 atque
1533 3620 1672 3694 Pagani‚
1680 3635 1761 3683 vero

969 3709 1095 3771 lumine
1113 3710 1257 3785 cognito,
1273 3710 1314 3771 de
1326 3711 1473 3773 tenebris
1488 3715 1521 3775 et
1535 3715 1653 3778 umbra
1667 3734 1763 3779 mor-

968 3807 1011 3867 tis
1026 3808 1164 3868 currant
1177 3807 1218 3868 ad
1233 3806 1410 3883 (theletum,
1418 3808 1538 3883 lucem,
1554 3811 1654 3887 riam,
1671 3815 1762 3876 veri-

967 3905 1069 3965 tatem
1085 3905 1118 3966 et
1130 3904 1245 3966 vitam.

1008 4002 1138 4063 Sanctae
1154 4001 1256 4077 igitur
1267 4002 1436 4065 memoriae
1452 4004 1631 4069 Laurentio
1646 4008 1764 4071 Dubii-

968 4097 1063 4157 nensi
1074 4096 1323 4176 archiepiscopo
1339 4101 1425 4176 apud
1441 4102 1617 4166 ecclesiam
1638 4108 1670 4166 S.
1683 4109 1760 4168 Ma-

967 4195 1027 4255 riae
1049 4194 1090 4255 de
1105 4197 1198 4270 hugo
1221 4194 1498 4273 Rothomagensis
1518 4199 1682 4275 dioecesis,
1704 4204 1761 4268 ubi

967 4305 1087 4367 corpus
1100 4293 1172 4367 ejus
1183 4289 1525 4370 feliciterrequiescit,
1535 4296 1637 4360 claris
1649 4299 1762 4364 divine

966 4402 1104 4448 munere
1132 4388 1328 4451 coruscante
1356 4390 1539 4465 miraculis,
1558 4397 1761 4460 venerabilis

966 4483 1070 4546 irater
1091 4484 1204 4546 noster
1217 4485 1500 4565 archiepiscopus,
1516 4491 1548 4551 et
1562 4490 1675 4555 dilecti
1699 4496 1760 4557 illii

966 4581 1147 4657 capitulum
1160 4581 1428 4658 Rothomagense
1449 4601 1606 4650 unacum
1628 4590 1758 4667 abbate,

965 4677 999 4740 et
1008 4678 1173 4739 conventu
1183 4678 1340 4740 Ecclesia
1350 4682 1560 4758 supradictae,
1581 4688 1760 4767 multisque

965 4773 1042 4834 aliis
1057 4774 1316 4853 archiepiscopis
1330 4779 1364 4838 et
1376 4778 1554 4858 episcopie,
1571 4782 1757 4860 abbatibus,

965 4871 998 4930 et
1012 4870 1178 4947 religiosis
1201 4871 1295 4943 viris,
1312 4875 1383 4949 ejus
1398 4876 1600 4939 uenerabiiIs
1613 4881 1690 4942 vitae
1702 4882 1759 4942 in-

965 4967 1085 5042 signia,
1108 4967 1141 5027 et
1164 4970 1375 5031 coruscantia
1395 4972 1558 5036 miracula
1575 4977 1645 5036 suis
1663 4978 1759 5041 nobis

964 5062 1085 5124 litteris
1110 5064 1304 5126 intimantes
1325 5066 1497 5129 humiliter
1516 5073 1756 5149 supplicarunt,

964 5160 1002 5221 ut
1013 5161 1124 5236 ipsum
1135 5164 1325 5222 sauctorum
1336 5165 1487 5240 catalogo
1502 5167 1692 5232 adscribere
1704 5189 1759 5233 cu-

964 5270 1127 5327 raremus,
1150 5260 1315 5332 quatenus
1335 5260 1532 5324 auctoritate
1554 5267 1755 5343 apostolica,

964 5351 1083 5428 dignus
1098 5351 1205 5414 bonor
1218 5352 1269 5413 illi
1286 5354 1500 5418 exhiberetur
1513 5359 1549 5420 in
1573 5363 1682 5436 terris,
1699 5362 1759 5443 qui

965 5447 1013 5509 sic
1023 5448 1124 5509 claris
1144 5449 1261 5525 siguis,
1276 5453 1309 5513 et
1325 5452 1533 5517 evidentibus
1549 5466 1754 5535 argumentis

964 5545 1101 5621 apparet
1114 5545 1298 5608 honoratus
1311 5548 1347 5611 in
1362 5549 1466 5611 coelis.

1525 5683 1558 5739 3Ι
