3972 6204
214 312 274 373 935

213 475 375 552 reputatis
390 474 538 545 idoneos,
564 474 755 536 mandatum
776 474 1006 536 universorum

214 572 384 644 babentes,
403 588 507 648 usque
522 571 563 632 ad
578 571 765 647 proximum
784 571 902 633 festum
924 571 1006 647 Epi-

213 670 346 746 phaniae
361 669 402 730 ad
426 677 573 730 nostram
596 668 805 745 praesentiam
829 668 1005 730 transmit·

211 766 301 836 tatis,
315 782 454 841 quorum
465 765 604 826 consilio
620 765 660 826 de
673 780 815 841 persona
830 765 1007 842 providea-

213 879 286 925 mus
312 863 428 923 idonea
453 863 603 923 ecclesiae
626 864 826 923 memoratae.
850 861 1006 939 Alioquin

213 960 385 1029 noveritis,
414 960 511 1035 quod,
540 975 614 1020 cum
638 974 731 1019 mora
758 959 793 1019 in
819 958 943 1019 talibus
963 959 1006 1020 sit

213 1056 383 1127 damnosa,
399 1058 533 1117 extunc
555 1056 662 1117 eidem
686 1055 932 1132 providebimus
944 1071 1004 1116 ec-

214 1153 324 1215 clesiae
340 1169 398 1230 per
424 1170 485 1214 nos
502 1154 602 1230 ipsos.
620 1154 738 1214 Datum
753 1155 866 1223 Reate,
884 1155 929 1213 Vl
943 1152 1007 1213 lra-

213 1250 328 1312 lendas
357 1251 512 1322 octobris,
539 1250 751 1328 pontificatus
785 1249 891 1311 nostri
917 1265 1005 1312 anno

215 1348 353 1410 decimo.

564 1553 650 1638 XLI

232 1706 283 1766 Ad
297 1705 484 1780 capitulum
507 1706 656 1764 eeclesiae
677 1704 982 1764 Padarbornensts.

460 1833 493 1891 27
513 1832 652 1906 septemb.
675 1832 753 1891 tata.

361 1957 487 2021 [Schaten
499 1956 591 2007 Annei.
602 1956 720 2011 paderb..
735 1957 755 2014 l,
769 1955 850 2019 1009]

273 2081 389 2145 Mandat
402 2091 432 2140 ut
444 2083 582 2140 canonice
597 2081 650 2138 sibi
664 2081 774 2154 eligant
793 2095 945 2152 personam

440 2170 571 2228 idoneam
586 2170 613 2227 in
628 2178 779 2242 pastorem.

252 2299 332 2357 Cum
352 2296 540 2374 apostolica
558 2295 669 2366 Sedes,
695 2293 913 2356 ecclesiarum
928 2308 1004 2354 om·

212 2395 305 2454 nium
350 2409 470 2469 gerens
511 2392 768 2454 sollicitudinem
803 2391 1003 2467 generalem,

214 2491 421 2566 singularum
435 2490 633 2552 utilitatibus
647 2505 707 2566 pro
720 2489 793 2550 loco
805 2504 845 2549 ac
858 2489 1005 2564 tempore

213 2589 359 2650 studiose
374 2587 549 2664 providere
564 2585 738 2657 desideret,
753 2586 852 2661 prout
865 2584 929 2645 sibi
939 2587 1006 2646 Do-

212 2685 322 2746 minus
337 2684 558 2750 administrat,
575 2698 616 2743 ne
631 2683 660 2743 si
682 2699 741 2760 pro
757 2682 834 2744 aliis
857 2681 939 2743 adeo
952 2682 1007 2743 in-

213 2782 302 2845 tenta
336 2781 560 2843 sollicitudine
593 2781 794 2851 versaretur,
831 2779 917 2856 quod
954 2780 1006 2840 sui

213 2879 309 2956 quasi
337 2879 543 2955 negligenter
571 2878 673 2940 oblita
710 2877 903 2938 necessitati
937 2892 1005 2937 suae

213 2977 387 3039 consulere
403 2976 677 3052 praetermitteret,
695 2974 812 3035 merito
836 2974 947 3051 posset
965 2974 1005 3034 de

213 3075 323 3135 minus
338 3072 489 3135 ordinata
502 3072 656 3148 redargui
670 3073 820 3144 caritate,
838 3070 927 3131 viros
941 3071 1006 3131 cla·

212 3189 279 3243 ros,
301 3187 384 3248 quos
408 3170 448 3231 ad
478 3170 721 3247 cooperandum
746 3168 810 3229 sibi
836 3167 1006 3242 cognoscit

214 3269 361 3340 idoneos,
379 3267 568 3345 frequenter
583 3266 624 3327 ad
640 3282 676 3327 se
698 3265 837 3326 advocat
862 3267 895 3325 et
908 3281 1006 3325 assu-

215 3349 284 3437 mit,
302 3366 350 3426 sic
365 3364 441 3426 illos
456 3365 636 3434 honorans,
654 3363 690 3424 ut
705 3361 923 3423 nihilominus
938 3362 1005 3423 uti-

213 3464 291 3525 liter
301 3462 472 3538 provideat
486 3456 640 3521 Ecclesiae
651 3459 810 3535 generali.
829 3461 915 3520 Sane
930 3476 1004 3520 cum

213 3563 258 3621 M.
275 3559 439 3621 Oliverius
460 3562 539 3618 tunc
566 3556 689 3618 electus
713 3560 827 3618 vester
854 3556 896 3617 ad
921 3571 1003 3617 uos-

215 3660 300 3720 tram
318 3654 530 3733 praesentiam
557 3653 764 3726 accessisset,
795 3669 854 3714 nos
883 3654 1003 3729 ipsum,

215 3770 312 3832 quem
338 3753 426 3813 lama
454 3750 631 3811 laudabilis
653 3749 747 3810 nobis
778 3749 1006 3826 multipliciter

214 3850 473 3920 commendarat,
496 3846 693 3923 recipientes
717 3846 869 3907 hilariter
883 3862 922 3907 ac
947 3845 1006 3906 be-

214 3950 326 4024 nigne,
342 3961 479 4007 munere
501 3945 565 4005 sibi
589 3943 850 4004 consecrationis
864 3946 1004 4018 gratan-

214 4050 265 4108 ter
282 4046 441 4121 impenso,
467 4043 575 4118 ipsum
603 4041 675 4116 post
699 4040 893 4116 aliquandiu
918 4042 1005 4116 apud

216 4142 333 4204 Sedem
348 4139 570 4217 apostolicam
592 4138 861 4209 commorantem,
887 4138 1005 4199 merita

214 4241 372 4302 virtutum
400 4240 483 4314 ejus,
512 4252 585 4312 quae
614 4234 706 4310 prius
733 4234 1006 4295 intellexeramus

215 4335 440 4415 probabilibus
453 4333 669 4407 argumentis,
681 4330 851 4391 evidenter
863 4333 1003 4407 experti,

215 4435 250 4494 in
262 4432 464 4495 consortium
474 4434 622 4490 nostrum
633 4428 838 4498 admisimus,
856 4430 889 4489 et
900 4430 1007 4489 trans·

214 4531 351 4593 tulimus
366 4530 401 4588 iu
425 4527 614 4604 episcopum
630 4524 864 4597 sabinensem
885 4525 953 4602 qui,
971 4528 1007 4587 ut

216 4643 387 4706 speramus
414 4626 447 4685 in
473 4624 622 4693 Domino,
648 4623 695 4683 ita
718 4621 843 4682 serviet
855 4623 1005 4683 ecclesiae

215 4723 374 4801 generali,
392 4724 428 4785 ut
442 4725 561 4782 vestrae
585 4724 742 4796 tanquam
758 4719 863 4794 priori
876 4734 1005 4807 sponsae

217 4821 404 4883 dilectionis
418 4820 528 4879 servet
539 4817 680 4892 gratiam
691 4816 881 4892 specialem.
896 4817 1004 4877 Caete-

216 4936 288 4981 rum
305 4933 357 4989 ne,
373 4916 457 4994 quod
474 4914 570 4985 absit,
585 4913 726 4974 ecclesia
747 4913 857 4973 vestra
873 4928 933 4988 pro
947 4913 1007 4973 de·

216 5018 304 5078 lectu
319 5013 472 5092 pastoris,
487 5009 588 5071 alicui
609 5010 779 5085 subjaceat
797 5009 1003 5081 detrimento,

217 5111 469 5176 universitatem
491 5109 635 5169 vestram
660 5122 829 5167 monemus
845 5107 878 5167 et
891 5106 1007 5168 borta-

217 5226 302 5276 mur,
319 5224 379 5285 per
392 5204 580 5283 apostolica
594 5202 688 5264 vobis
707 5201 830 5278 scripta
845 5202 1007 5263 mandan-

218 5310 279 5378 tes,
293 5306 455 5382 quatenus
471 5298 707 5362 convenientes
720 5299 755 5358 in
768 5314 880 5370 unum,
899 5299 1006 5376 Spiri-

217 5406 271 5465 tus
283 5401 395 5463 Sancti
406 5399 513 5475 gratia
525 5396 689 5466 invocata,
702 5394 903 5472 provideatis
913 5395 1006 5457 vobis

825 316 1001 377 HONORII
1024 317 1068 376 111
1091 317 1239 380 OPERA.

1793 317 1853 377 936

1062 474 1102 535 de
1119 490 1260 552 persona
1283 474 1402 537 idonea
1426 489 1485 552 per
1503 474 1695 536 electionem
1715 476 1855 536 canoni-

1061 587 1133 632 cam
1149 573 1183 632 in
1198 573 1341 649 pastore,
1359 573 1416 649 qui
1429 572 1521 632 tanto
1536 573 1697 646 congruat
1712 573 1808 632 oneri
1822 575 1854 634 et

1062 668 1193 729 honori.
1221 671 1344 729 Verum
1369 684 1410 729 ne
1441 668 1621 745 obrependi
1648 669 1775 730 dolosis
1802 669 1853 730 vel

1063 764 1218 825 violentis
1237 765 1329 825 locus
1353 766 1464 841 pateat
1482 764 1699 841 irrumpendi,
1725 764 1853 825 dilectis

1066 861 1144 921 filiis
1160 862 1200 921 de
1214 861 1477 932 Hesetbehusen,
1493 863 1525 923 et
1544 861 1584 921 de
1602 861 1782 921 Bredelere
1796 860 1854 920 ab·

1063 957 1206 1030 batibus,
1232 957 1514 1019 paderbornensis
1543 957 1710 1028 dioecesis,
1731 958 1852 1017 nostris

1060 1055 1211 1115 dedimus
1239 1055 1359 1121 literis
1391 1055 1427 1115 in
1451 1055 1627 1121 mandatis,
1665 1056 1702 1115 ut
1727 1070 1788 1115 vos
1812 1054 1851 1115 ad

1061 1152 1255 1213 electionem
1284 1153 1478 1213 canonicam
1511 1151 1746 1212 celebrandam
1783 1166 1853 1211 mo-

1061 1249 1161 1310 neant
1176 1249 1372 1326 propensius
1385 1250 1418 1310 et
1432 1247 1601 1309 inducant.
1629 1251 1741 1319 Quare
1761 1247 1852 1308 vobis

1061 1345 1274 1422 iujungimus,
1295 1347 1330 1407 ut
1353 1345 1385 1405 in
1412 1346 1574 1407 electione
1599 1344 1713 1406 taliter
1735 1359 1853 1419 proce-

1061 1441 1158 1513 datis,
1176 1443 1261 1519 quod
1277 1442 1419 1503 ecclesia
1443 1441 1535 1503 nullo
1560 1441 1701 1503 dissidio
1727 1441 1854 1503 lacere-

1061 1539 1125 1610 tur,
1138 1555 1199 1601 nec
1220 1555 1279 1599 vos
1294 1539 1415 1600 exinde
1437 1540 1559 1615 praeter
1580 1538 1739 1599 damnum
1754 1554 1852 1599 cons·

1060 1636 1190 1697 olentiae
1200 1651 1328 1713 poenam
1342 1636 1444 1696 oflicii
1455 1635 1516 1696 reb
1523 1635 1678 1697 beneficii
1686 1635 1848 1705 sentiatis,

1060 1733 1117 1793 sed
1131 1732 1240 1808 potius
1253 1732 1448 1795 mereamini
1459 1733 1544 1808 apud
1558 1733 1734 1794 Dominum
1750 1735 1782 1794 et
1798 1732 1852 1792 bo-

1060 1830 1167 1890 mines
1182 1830 1222 1890 de
1237 1830 1318 1902 zelo,
1335 1833 1368 1893 et
1380 1831 1520 1891 scientia
1534 1829 1770 1890 commendari.
1787 1831 1851 1889 Da-

1059 1929 1128 1989 tum
1144 1929 1257 2001 Reate,
1274 1931 1301 1989 V
1323 1927 1484 1989 kalendas
1502 1927 1658 1998 octobris,
1675 1942 1766 1987 anno
1789 1925 1851 1986 de·

1060 2041 1157 2085 cuna.

1400 2213 1508 2300 XLII

1118 2374 1171 2432 Act
1181 2372 1335 2433 abactam
1349 2374 1552 2434 monosterii
1571 2374 1793 2434 Cicantcvmis.

1347 2510 1468 2568 loctob.
1486 2511 1564 2569 litt.

1184 2644 1274 2708 [Fejen
1291 2643 1376 2695 Codex
1389 2644 1453 2708 dipl.
1467 2644 1557 2707 lluag,
1571 2644 1615 2700 111,
1632 2658 1661 2701 u,
1674 2643 1729 2708 bb]

1060 2767 1161 2826 Abbati
1179 2768 1215 2825 de
1228 2769 1314 2826 Koloe
1328 2775 1495 2825 ornamenta
1505 2766 1666 2837 abbatialia,
1681 2768 1853 2826 salsuribus

1287 2872 1352 2914 cum
1363 2857 1488 2925 monitis,
1500 2856 1619 2914 conteri.

1099 2983 1277 3053 Honorius
1296 2983 1372 3053 etc,
1389 2981 1500 3044 abbati
1527 2983 1724 3045 monasterii
1749 2984 1849 3044 Clau·

1060 3080 1179 3140 siensis
1195 3079 1235 3140 de
1252 3079 1495 3157 Ultrasylvanis
1508 3076 1671 3156 partibus,
1687 3083 1751 3142 etc.

1099 3175 1191 3237 Licet
1211 3176 1312 3237 Sedes
1340 3176 1529 3252 apostolica
1555 3178 1769 3240 consueverit
1794 3177 1853 3238 de-

1059 3274 1152 3336 votos
1165 3273 1252 3334 illios
1265 3272 1385 3335 affectu
1399 3275 1555 3350 prosequi
1566 3275 1718 3351 speciali,
1731 3275 1777 3335 'de
1789 3274 1851 3335 sin·

1059 3370 1168 3447 gulari
1184 3374 1292 3431 tamen
1307 3375 1379 3447 ejus
1389 3372 1497 3446 gratia
1508 3373 1541 3432 et
1552 3371 1760 3447 benignitate
1775 3388 1851 3449 pro-

1059 3468 1156 3539 cedit,
1173 3483 1248 3527 cum
1263 3468 1424 3544 speciales
1446 3484 1608 3545 personas
1632 3469 1777 3531 adornat
1800 3469 1851 3529 di-

1058 3565 1220 3640 gnitatum
1231 3564 1397 3641 insigniis,
1411 3582 1484 3642 quae
1499 3566 1540 3627 ad
1561 3570 1722 3644 majorem
1738 3568 1851 3627 domus

1060 3661 1118 3722 Det
1129 3661 1280 3722 decorem
1303 3662 1459 3723 accedere
1475 3663 1727 3738 dignoscuntur.
1745 3664 1848 3735 Unde,

1059 3758 1115 3835 qui
1131 3758 1211 3818 talia
1229 3760 1400 3819 merentur
1422 3760 1582 3834 recipere,
1600 3776 1734 3837 semper
1754 3762 1851 3839 hujus

1059 3855 1175 3929 gratiae
1191 3870 1354 3916 memores
1370 3871 1442 3916 esse
1457 3855 1588 3927 debent,
1605 3857 1642 3918 ut
1666 3859 1773 3919 cultui
1787 3858 1849 3918 bo·

1060 3953 1162 4022 noris,
1179 3968 1276 4029 quem
1297 3952 1464 4024 exhibent,
1490 3952 1585 4015 bonae
1609 3955 1755 4016 actionis
1777 3971 1850 4016 res-

1059 4049 1225 4126 pondeant
1236 4032 1440 4121 ornamenta,
1462 4051 1495 4112 et
1509 4049 1583 4127 plus
1596 4066 1736 4112 suorum
1751 4052 1850 4113 meri-

1058 4147 1178 4217 torum,
1193 4161 1291 4222 quam
1305 4146 1527 4222 insigniorum
1538 4149 1658 4209 ornatu
1668 4150 1849 4210 commissa

1060 4241 1123 4304 sibi
1149 4242 1298 4302 ecclesiae
1324 4244 1552 4305 renirstentur.
1578 4245 1666 4305 Hinc
1688 4249 1751 4316 est,
1769 4244 1849 4323 quod

1063 4354 1124 4399 nos
1140 4338 1243 4398 multa
1272 4353 1407 4414 precum
1433 4338 1594 4400 instantia
1623 4341 1793 4402 carissimi
1816 4341 1849 4400 ia

1060 4435 1190 4496 Christo
1203 4434 1263 4494 tilii
1275 4435 1391 4505 nostri,
1407 4436 1547 4498 illustris
1556 4437 1647 4512 regis
1659 4438 1848 4513 Hungariae,

1060 4549 1099 4593 ac
1109 4536 1175 4593 tuae
1186 4532 1372 4593 devotionis
1385 4532 1509 4594 intuitu
1527 4533 1690 4605 inclinati,
1704 4549 1849 4611 persona

1059 4631 1136 4700 tuae,
1171 4629 1279 4690 mitrae
1307 4644 1345 4688 ac
1373 4629 1488 4689 annuli
1519 4647 1617 4690 usum
1646 4631 1687 4691 de
1717 4630 1850 4708 speciali

1059 4725 1335 4801 gratiadnximns
1358 4725 1616 4797 concedendum,
1645 4728 1849 4793 affectantes,

1060 4824 1097 4884 ut
1110 4838 1184 4883 cum
1200 4821 1336 4883 honoris
1352 4824 1529 4897 augmento
1554 4823 1665 4899 gratia
1692 4825 1850 4886 sollicitu-

1060 4918 1146 4979 dinis
1175 4926 1240 4979 tuae
1262 4935 1411 4980 crescere
1435 4919 1562 4991 debeat,
1579 4923 1613 4981 et
1636 4921 1725 4984 sicut
1748 4922 1850 4984 cultus

1060 5019 1110 5077 est
1135 5015 1331 5089 elegantior,
1357 5016 1459 5078 sicet
1485 5017 1635 5078 melioris
1664 5019 1745 5080 vitae
1768 5019 1850 5079 actio

1060 5111 1291 5187 subsequatur.
1307 5113 1399 5174 Nulli
1427 5129 1507 5189 ergo
1532 5115 1774 5185 concessionis,
1789 5117 1849 5175 etc.

1061 5207 1096 5267 si
1111 5207 1183 5283 quis
1196 5209 1317 5282 autem,
1334 5209 1396 5270 etc.
1414 5211 1531 5269 Datum
1546 5211 1662 5282 Reate,
1678 5212 1724 5270 vl
1738 5209 1852 5271 kalen·

1061 5304 1119 5364 das
1135 5303 1291 5375 octobris,
1315 5305 1527 5382 pontificatus
1552 5308 1660 5369 nostri
1685 5322 1773 5369 anno
1796 5305 1853 5366 de·

1060 5415 1157 5461 ormo,
