3886 6214
221 261 283 322 335
834 261 1012 333 Honorati
1033 263 1079 325 lll
1100 260 1250 324 OPERA.
1784 266 1834 326 m

222 419 731 500 domusGrandimontisetejus
744 420 838 485 cellae
852 423 1016 484 incorum
1070 420 1220 484 indicare
1243 420 1412 493 curarent,
1442 422 1477 484 ct
1497 436 1556 483 aas
1578 418 1672 484 nobis
1694 438 1750 500 per
1769 440 1834 488 sues

223 517 423 579 dioecesibus
442 518 592 581 obtinent
619 521 734 583 contm
760 519 867 596 ipsius
891 518 1016 595 regulae
1070 516 1698 594 litterasintimautesexpouerent,quce
1707 517 1834 591 illarum

222 616 387 687 instituta,
413 616 477 676 sibi
504 615 652 677 iacerent
676 617 833 678 Ecclesiae
857 619 1016 678 Romanae
1070 613 1218 690 pensatis
1248 612 1401 677 omuibus
1427 614 1693 685 circumstantiis,
1725 614 1782 675 sibi
1808 619 1836 679 et

223 712 358 775 nomine
386 713 563 789 assignari,
587 716 620 774 et
647 713 815 775 distractis
839 713 1017 775 mobilibus
1070 711 1147 771 aliis
1162 712 1244 772 viris
1267 710 1483 788 prudentibus
1506 711 1616 788 potior
1628 711 1836 784 videreturne

223 810 452 875 cumconsilio
475 810 662 887 aliquorum
675 827 719 872 ex
739 810 909 883 iratribus,
933 826 1016 887 quos
1071 808 1146 870 iren
1160 809 1311 873 consiliis
1324 809 1528 880 eorumdem,
1544 808 1601 885 qui
1615 808 1656 869 de
1667 810 1837 885 minoren

222 907 315 984 prior
340 907 381 968 ad
401 907 465 969 boc
491 907 628 969 duceret
658 908 875 984 deputandos,
900 922 1017 969 eorum
1070 904 1158 967 tibus
1192 907 1302 982 ipsum
1333 906 1504 983 negotium
1538 905 1679 967 scrumri
1706 908 1839 982 poterant

222 1004 365 1081 pretium
379 1006 479 1082 atquc
506 1004 642 1066 mobilia
667 1004 809 1066 fideliter
830 1020 1015 1067 conserva·
1071 1003 1203 1079 plenius
1215 1004 1400 1075 veritatem,
1416 1004 1451 1065 in
1476 1003 1592 1066 eodem
1613 1004 1742 1079 negotio
1758 1020 1838 1065 secu·

222 1102 308 1172 rent,
331 1101 437 1163 donec
458 1102 499 1163 de
523 1102 604 1179 ipsis
636 1102 676 1163 ad
710 1102 888 1165 utilitatem
910 1101 1016 1178 ipsius
1070 1101 1141 1161 rius
1165 1100 1346 1177 procedere
1373 1101 1572 1163 valeremus.
1601 1103 1715 1176 Nuper
1743 1102 1837 1163 autern

222 1199 349 1260 ordinis
369 1199 565 1269 duceremus
580 1199 679 1260 aliter
698 1200 949 1277 providendum.
966 1201 1016 1259 Tu
1070 1198 1229 1275 praefatus
1242 1199 1495 1261 Aurelianensis
1507 1197 1694 1275 episcopus,
1709 1198 1839 1260 etdileo-

221 1311 314 1368 vero,
331 1295 434 1358 irater
447 1297 709 1372 archiepiscope,
725 1299 757 1357 et
771 1296 911 1361 dilectus
927 1296 1016 1357 lilius
1073 1298 1125 1357 tus
1145 1296 1235 1359 nlius
1253 1296 1463 1363 subdecanus
1477 1295 1728 1357 Aurelianensis
1744 1295 1838 1357 ecclc·

222 1393 264 1455 Ν.
302 1393 457 1455 olllcialis
485 1394 715 1466 Bituricensis,
753 1393 872 1471 quibus
904 1396 938 1455 et
972 1395 1014 1455 N.
1071 1393 1141 1465 sire,
1183 1393 1239 1454 cui
1271 1394 1379 1456 dictus
1411 1392 1670 1455 Cenomanensis
1705 1392 1839 1463 termino,

223 1490 349 1552 decano
387 1491 588 1553 Bituricensi
629 1491 862 1553 executionem
901 1507 1017 1553 corum
1071 1506 1168 1567 quem
1183 1491 1315 1553 clericis
1339 1494 1373 1553 et
1400 1491 1572 1553 conversis
1600 1489 1838 1562 orandtncntn,

224 1603 297 1664 quae
326 1591 404 1649 tunc
428 1588 654 1649 ordinavimus
689 1604 749 1666 pro
773 1590 1016 1666 tranquillitate

223 1685 330 1763 ipsius
365 1686 493 1747 ordinis
538 1686 694 1748 duximus
740 1686 1015 1755 nemausensem,

108 1817 117 1831 -
224 1782 324 1861 paulo
343 1784 417 1860 post
434 1784 555 1845 vestris
579 1783 674 1844 nobis
696 1782 816 1846 litteris
842 1784 1015 1858 intimatis,

223 1880 309 1957 quod
321 1896 380 1941 vos
397 1881 533 1957 praelato
543 1882 669 1943 decano
679 1882 827 1957 legitime
844 1883 1014 1954 excusato,

222 1977 264 2039 ad
274 1979 605 2041 Grandimontensem
616 1979 793 2039 ecclesiam
808 1979 1014 2051 accedentes,

222 2075 315 2135 illam
345 2076 521 2138 invenistis
550 2074 791 2137 incredibiliter
822 2076 1014 2138 desolatam.

223 2174 370 2249 Cumque
385 2172 532 2249 praelatae
546 2172 665 2234 litterae
677 2172 800 2233 ibidem
816 2172 959 2234 luissent
980 2176 1017 2233 iu

223 2272 335 2331 vestra
359 2270 536 2346 praesentia
562 2269 721 2343 recitatae,
737 2271 804 2332 tam
824 2288 894 2341 vos,
918 2287 1017 2348 quam

224 2367 377 2427 nonnulli
390 2367 448 2428 alii
469 2366 547 2429 boni
561 2366 626 2427 viri
646 2366 703 2443 qui
726 2367 910 2445 praesentes
933 2368 1016 2428 adc-

224 2465 311 2533 rant‚
329 2464 477 2525 videntes
490 2466 594 2529 totum
610 2465 761 2526 ordinem
785 2465 882 2540 gravi
898 2464 1019 2527 discri-

224 2560 307 2620 mini
323 2561 355 2622 et
374 2560 505 2622 damnis
532 2560 806 2639 irreparabilibus
830 2560 1015 2638 subjacere,

224 2657 253 2718 si
275 2673 314 2718 eo
328 2657 476 2735 tempore
500 2659 751 2736 publicarentur
773 2658 894 2720 litterae
919 2661 1018 2720 aute-

225 2755 334 2829 dictse,
355 2756 499 2819 duxistis
521 2756 703 2819 deliberato
718 2757 871 2829 consilio,
896 2757 1018 2819 statum

225 2852 332 2931 ipsius
347 2854 475 2914 ordinis
486 2853 581 2915 nobis
592 2853 685 2932 prius
699 2853 850 2931 plenarie
865 2854 1020 2915 intiman-

225 2949 315 3023 dum,
338 2966 437 3028 quarn
460 2950 502 3013 ad
526 2967 626 3013 aures
650 2952 740 3028 regis
762 2952 795 3013 et
818 2951 1016 3029 principum,

227 3048 284 3125 qui
297 3049 408 3109 ordini
421 3048 599 3127 saepedicto
623 3050 710 3111 bona
730 3049 920 3127 hujusmodi
934 3064 1019 3110 con·

226 3143 385 3217 tulerunt,
400 3146 483 3223 ipsis
499 3146 658 3208 iratribus
672 3147 708 3207 in
723 3147 917 3224 perpetuum
936 3161 1020 3224 pro-

226 3241 348 3314 tutura,
359 3244 508 3321 praedicti
519 3244 665 3306 mandati
680 3244 799 3306 notitia
817 3244 1016 3321 perveniret.

226 3341 416 3402 lntimatum
436 3341 536 3402 etiam
560 3341 624 3403 tuit
648 3341 756 3413 nobis,
779 3342 848 3403 tam
872 3356 933 3417 per
947 3357 1017 3410 ros,

1071 1603 1137 1653 una
1161 1605 1235 1650 cum
1250 1589 1380 1664 collega
1403 1604 1464 1650 suo
1486 1588 1645 1651 Bituricis
1666 1587 1840 1663 assignave-

1071 1686 1133 1757 rat,
1161 1686 1324 1748 interesse
1346 1701 1412 1749 non
1433 1685 1562 1757 valens,
1578 1685 1780 1746 commiserat
1794 1683 1838 1743 vi-

1071 1799 1126 1845 ces
1150 1800 1240 1855 suas,
1268 1784 1338 1844 suis
1374 1783 1469 1846 nobis
1502 1783 1623 1845 litteris
1653 1781 1836 1850 intimarunt,

1071 1881 1157 1957 quod
1179 1897 1254 1942 oum
1275 1881 1310 1941 in
1332 1880 1386 1943 die
1417 1881 1635 1943 relevationis
1657 1879 1742 1940 beati
1762 1877 1839 1939 llud·

1072 1977 1162 2038 lelmi
1184 1977 1384 2039 contessoris
1407 1978 1580 2039 venissent
1604 1972 1840 2041 Biturieasubi

1070 2074 1233 2137 terminus
1249 2076 1321 2152 ipso
1333 2075 1388 2136 die
1401 2076 1443 2137 de
1452 2074 1620 2137 industria
1634 2070 1840 2144 lueratacsip-

1071 2175 1180 2240 natus,
1202 2188 1242 2233 eo
1256 2173 1343 2249 quod
1358 2172 1465 2242 multi,
1481 2171 1606 2248 magni,
1630 2172 1664 2232 et
1678 2166 1841 2231 armenon

1072 2270 1136 2330 viri
1168 2270 1301 2331 venturi
1326 2269 1367 2331 ad
1403 2269 1648 2331 solemnitatem
1675 2262 1841 2342 hujusmodi

1072 2366 1304 2443 sperabantur,
1323 2367 1525 2429 invenerunt
1537 2365 1585 2427 ibi
1598 2381 1658 2427 vos
1671 2366 1705 2427 et
1715 2376 1838 2425 venera·

1072 2463 1173 2527 bilem
1207 2464 1344 2526 fratrem
1379 2467 1530 2527 nostrum
1556 2462 1837 2525 Clarornontcuseu

1072 2563 1275 2639 episcopum,
1298 2564 1332 2625 et
1352 2562 1620 2632 Cisterciensem,
1636 2576 1676 2622 ac
1689 2559 1840 2636 plusquam

1072 2659 1192 2736 viginti
1223 2660 1457 2725 Cisterciensis
1496 2659 1627 2721 ordinis
1659 2653 1842 2726 abbatemet

1073 2757 1185 2834 plures
1207 2757 1292 2819 alias
1305 2773 1443 2834 magnas
1458 2756 1670 2818 authenticas
1692 2765 1842 2832 personae

1072 2857 1140 2917 tam
1154 2844 1329 2930 religione,
1360 2870 1459 2932 quam
1481 2853 1746 2931 jurisprudentia
1767 2864 1842 2911 com·

1074 2951 1295 3025 mandandas;
1313 2951 1427 3029 ibique
1440 2950 1662 3029 praesentibus
1674 2964 1767 3027 quarn
1779 2947 1841 3023 plu·

1072 3049 1168 3110 rimis
1183 3049 1315 3110 clericis
1335 3049 1368 3111 et
1382 3049 1554 3110 conversis
1580 3047 1746 3125 saepedicti
1768 3042 1842 3104 ordi-

1074 3147 1137 3220 nis,
1154 3148 1270 3209 tenore
1283 3148 1408 3223 regulae
1433 3146 1580 3222 ipsorum
1605 3140 1843 3222 diligenterins-

1072 3249 1179 3321 pecto,
1209 3245 1410 3306 invenerunt
1439 3244 1526 3321 quod
1554 3244 1630 3320 ipsa
1660 3241 1769 3318 regula
1804 3237 1843 3297 eis

1073 3343 1246 3417 ecclesias,
1261 3343 1492 3420 possessiones
1521 3345 1618 3403 extra
1644 3342 1756 3412 metas,
1780 3336 1844 3397 bes·

226 3454 326 3515 quam
350 3453 411 3513 per
433 3439 555 3498 multos
575 3439 661 3498 alios
686 3439 751 3500 ilde
774 3438 904 3514 dignos,
932 3437 1018 3515 quod
1049 3432 1050 3435 ’
1072 3441 1149 3512 tias,
1159 3440 1316 3512 decimas,
1327 3438 1577 3510 reddituslora,
1594 3438 1769 3507 nundinas,
1781 3448 1843 3494 cau·

226 3535 457 3611 multiplicatis
484 3535 642 3596 iratribus
671 3536 799 3597 ordinis
830 3534 1017 3603 memorati,
1073 3536 1355 3614 sassivejudicia,
1370 3529 1842 3614 quoestunr,quamdiuuuadie

226 3634 260 3694 et
273 3632 492 3710 eleemosynis
507 3649 582 3709 quae
597 3632 665 3694 illis
685 3632 757 3695 dari
776 3635 1019 3713 consueverant
1072 3636 1187 3697 vivero
1214 3651 1346 3713 quoquo
1372 3636 1469 3696 modo
1503 3634 1660 3711 poterunt
1684 3628 1841 3694 interdicit.

226 3729 420 3802 imminutis,
435 3745 489 3791 res
498 3729 538 3791 ad
554 3746 628 3791 eum
643 3731 765 3792 statum
775 3729 920 3800 devenit,
931 3728 1016 3807 quod
1072 3733 1202 3794 Auditis
1218 3733 1321 3809 igitur
1334 3733 1367 3794 et
1378 3732 1531 3809 diligenti
1545 3730 1760 3794 meditatione
1776 3740 1845 3804 pon·

226 3828 334 3890 dictus
361 3829 442 3890 ordo
482 3843 550 3889 non
584 3827 781 3889 credebatur
808 3828 1018 3904 aliquatenus
1073 3831 1154 3892 satis
1183 3829 1335 3891 omnibus
1371 3830 1567 3907 providendi
1593 3829 1701 3891 modis
1727 3827 1759 3888 et
1780 3821 1842 3891 viis,

225 3941 323 4002 posse
337 3925 529 3998 subsistere,
545 3925 575 3987 sl
585 3940 625 3986 ea
638 3941 711 4002 quae
724 3927 819 3987 extra
834 3926 940 3987 metas
954 3925 1017 3986 ob·
1073 3944 1155 4005 quas
1171 3929 1236 4005 ipsi
1249 3926 1370 3989 fratres
1383 3927 1463 3989 olim
1485 3927 1728 4005 proposuerant
1749 3934 1844 3985 coram

224 4024 342 4091 tinent,
359 4022 410 4084 01⁸
423 4022 554 4098 penitus
578 4022 801 4084 auferrentur·
818 4025 1018 4108 Quarecum
1073 4026 1179 4097 uobis,
1195 4025 1250 4087 vel
1263 4025 1364 4088 etiam
1379 4025 1586 4102 postmodum
1602 4020 1784 4101 cogitarant
1795 4033 1844 4080 vo·

225 4120 339 4197 priore
351 4134 390 4180 ac
408 4118 567 4181 iratribus
587 4120 779 4181 memoratis
798 4119 862 4191 init
881 4118 1017 4181 nobisa
1072 4123 1200 4184 bisoum
1228 4124 1361 4184 etcum
1401 4121 1600 4198 supradictis
1638 4121 1734 4183 bonis
1764 4114 1843 4181 viris,

225 4217 320 4279 vobis
333 4218 365 4279 et
379 4216 492 4279 multis
507 4217 584 4278 aliis
598 4217 770 4279 humiliter
783 4218 1016 4294 supplicatum,
1073 4220 1208 4297 propter
1232 4220 1296 4293 boc
1322 4219 1458 4280 insimul
1479 4219 1703 4297 congregatis,
1727 4213 1845 4277 studue-

227 4316 263 4375 ut
278 4330 353 4375 cum
368 4315 409 4376 de
425 4314 494 4374 illis
510 4315 551 4375 ad
573 4315 750 4377 utilitatem
770 4315 875 4393 ipsius
890 4315 1017 4385 ordinis
1072 4318 1151 4380 runt
1160 4317 1313 4379 conterre
1326 4332 1366 4379 ac
1376 4316 1542 4379 discutere
1553 4317 1740 4396 dniqcnter,
1752 4312 1779 4373 si
1791 4322 1844 4387 quo

226 4411 402 4489 disponere
427 4411 637 4486 haberemus,
658 4413 756 4489 juxta
784 4412 1018 4489 praedictarum
1073 4413 1169 4477 modo
1180 4413 1220 4475 de
1233 4413 1330 4474 bonis
1344 4428 1419 4490 quae
1434 4413 1506 4489 ipse
1521 4413 1604 4485 crdp
1618 4412 1743 4476 obtinet
1763 4406 1843 4468 extra

227 4509 466 4575 continentiam
481 4510 667 4573 litterarum
683 4509 716 4570 id
729 4510 872 4571 celerius
884 4509 1019 4571 ellicere
1072 4512 1176 4573 metas
1186 4512 1237 4579 eis
1251 4511 1373 4588 posset,
1390 4510 1484 4573 salva
1498 4511 1627 4587 regula,
1649 4508 1771 4572 utiliter
1781 4516 1847 4581 pro·

227 4606 563 4683 dignaremur..bicet
586 4608 691 4683 igitur
712 4607 862 4685 praedicti
883 4607 1016 4680 fratres,
1072 4607 1203 4671 videri:
1220 4610 1333 4669 ettam
1347 4607 1443 4670 vobis
1462 4623 1562 4685 quam
1585 4607 1636 4669 eis
1657 4601 1847 4669 concorditer

227 4707 283 4783 qui
311 4706 424 4783 plures
452 4705 568 4771 modes
596 4705 798 4781 provisionis
827 4705 1019 4781 excogitare
1071 4706 1181 4768 visum
1196 4705 1267 4774 luit,
1284 4704 1450 4782 quodnisi
1469 4706 1587 4781 regula
1609 4706 1682 4783 ipsa
1698 4707 1847 4777 tempera-
1912 4748 1913 4777 ,

226 4800 438 4871 curaverant,
471 4799 678 4875 postularent
707 4799 882 4871 instanter,
910 4801 945 4862 ut
968 4800 1019 4861 cis
1072 4802 1210 4863 returin
1227 4802 1351 4878 aliquo,
1365 4801 1458 4862 nulla
1474 4802 1569 4864 utilis
1588 4799 1784 4879 provisionis
1800 4791 1846 4854 via

226 4896 407 4960 secundnm
419 4912 521 4956 unum
531 4896 784 4973 provideremus
796 4896 942 4969 illorum,
957 4913 1019 4958 nos
1073 4901 1203 4977 poterat
1214 4897 1371 4971 inveniri,
1388 4914 1464 4960 cum
1486 4915 1601 4960 omnes
1625 4897 1712 4960 modi
1726 4888 1846 4966 excogi—
1912 4886 1913 4923 ³

224 4996 337 5060 tamen
352 4993 387 5053 in
401 4992 590 5071 hujusmodi
604 4994 738 5069 negotio
752 4993 932 5071 procedere
943 5010 1018 5055 curn
1072 4998 1133 5058 tati
1146 4995 1187 5056 ab
1199 4995 1325 5056 eisdem
1338 4995 1498 5058 tratribus
1513 4999 1547 5058 et
1570 4995 1612 5057 ab
1626 4995 1704 5057 aliis
1727 4989 1846 5055 ebriare

226 5090 417 5157 necessaria
432 5090 623 5153 maturitate
640 5090 801 5164 volentes,
815 5091 1020 5155 venerabili·
1073 5094 1138 5171 ipsi
1160 5092 1285 5168 regulae
1308 5093 1513 5155 viderentur.
1541 5092 1742 5170 Adjecerunt
1760 5085 1846 5149 etiam
1912 5110 1913 5135 r

224 5191 288 5254 bus
302 5187 853 5259 iratribusnostris,Aurelianensi
867 5191 1021 5252 crosno-
1074 5190 1223 5268 proedicti
1233 5190 1409 5268 episcopus
1419 5192 1453 5252 et
1461 5191 1682 5261 subdecanus,
1690 5185 1773 5265 quod
1783 5195 1847 5243 con·
1912 5222 1913 5243 1

226 5287 378 5351 manensi
398 5284 575 5363 episcopis,
603 5284 754 5346 dedimus
779 5285 815 5346 in
841 5288 1018 5356 mandatis,
1074 5288 1163 5349 versi
1178 5288 1211 5349 et
1228 5287 1344 5349 clerici
1365 5288 1516 5364 eiusdem
1537 5287 1678 5358 ordinis,
1703 5284 1759 5362 qui
1778 5278 1847 5342 ade-
1912 5338 1913 5357 ,

226 5390 263 5449 ut
278 5387 371 5449 salva
386 5384 596 5448 institutione
612 5382 737 5458 regulae
758 5383 887 5446 ordinis
912 5400 1021 5461 sospe-
1074 5385 1150 5446 rant
1177 5386 1369 5461 praesentes,
1393 5385 1426 5446 ct
1452 5385 1487 5445 in
1514 5385 1631 5446 ordine
1657 5382 1730 5460 ipso
1757 5374 1845 5440 mullo

227 5484 318 5556 dicti,
335 5498 450 5545 omues
463 5482 538 5551 vias
552 5480 748 5558 providendi
767 5481 937 5557 praediotls
949 5481 1021 5544 ira·
1073 5482 1373 5559 temporeluerant,
1388 5482 1556 5545 testificati
1571 5481 1648 5543 sunt
1662 5476 1846 5557 pubiiccco-
1912 5490 1913 5555 3

228 5582 334 5645 tribus
353 5596 413 5656 per
437 5595 475 5643 se
499 5578 590 5657 ipsos
612 5580 646 5641 et
668 5578 965 5655 aliosexcogitare
979 5595 1019 5641 ac
1055 5596 1145 5643 aram
1161 5580 1221 5652 eis,
1237 5579 1322 5657 quod
1339 5595 1506 5657 nimquam
1520 5579 1676 5643 viderunt
1691 5574 1773 5653 quod
1799 5584 1845 5632 re-
