3972 6204
227 304 285 365 act
837 298 1014 363 HONORII
1036 299 1081 359 111
1102 300 1251 363 OPERA.
1801 306 1859 366 ΕΩ

228 476 331 525 cessae
345 461 493 538 capellae,
514 461 600 523 sicut
620 460 718 523 antea
739 460 811 523 deri
830 458 1013 530 consuevit,
1069 460 1213 523 vestram
1238 458 1280 521 ad
1303 474 1420 521 manue
1444 461 1575 522 nostras
1598 462 1685 525 sicut
1707 461 1859 525 civimtes

229 558 272 621 de
287 558 470 621 redditibus
489 557 739 635 prebendarum
754 573 900 629 suarum,
915 572 1016 634 quum
1069 556 1258 632 Carnpaniaa
1266 558 1466 628 teneremus,
1477 558 1858 634 praesertimcumlelicis

228 656 366 718 nimium
392 657 459 717 sint
482 656 598 727 exiles,
625 656 789 733 nequeant
814 655 1014 727 sustentari;
1070 654 1310 716 recordationis
1339 654 1536 716 Goelestinus
1568 656 1601 716 et
1633 656 1856 728 Innocentius,

229 752 462 830 propterquod
476 752 757 829 pluresipsorum‚
773 752 888 813 eadem
899 750 1017 813 relicta
1071 751 1331 826 praedecessores
1346 750 1617 824 nostri,R0mani
1630 752 1815 828 pontifices,
1827 753 1859 813 id
1965 768 1966 771 ¹

229 849 382 920 ecclesia,
410 850 444 910 in
469 850 616 927 ejusdem
640 853 672 912 et
695 849 871 911 clericatus
896 863 1018 924 oppro-
1069 848 1164 909 vobis
1176 848 1400 924 promiserint,
1417 864 1457 909 ac
1471 865 1572 925 super
1583 849 1647 910 boc
1657 849 1760 911 etiam
1773 849 1860 911 litte-
1965 918 1966 941 χ

228 944 349 1017 brium,
366 949 527 1021 cogantur
539 962 575 1007 se
589 947 730 1008 aliorum
746 946 913 1022 obsequiis
928 960 1018 1005 man·
1071 946 1859 1022 rasApostolicaslrabueritisquaedicebanturin

229 1043 352 1119 cipare.
372 1043 463 1104 Unde
478 1043 646 1105 humiliter
667 1042 906 1120 supplicavisti,
922 1042 959 1103 ut
977 1041 1017 1101 de
1071 1044 1246 1104 exustione
1271 1045 1391 1105 vestrae
1420 1042 1566 1104 civitatis
1593 1043 1763 1105 amisisse.
1783 1045 1859 1104 Cum

229 1140 365 1217 capellis
380 1140 505 1201 eisdem
517 1142 740 1218 provisionem
755 1156 870 1203 eorum
884 1140 926 1202 de
939 1155 1018 1200 nos·
1072 1139 1174 1214 igitur
1188 1143 1236 1211 tu,
1250 1141 1297 1201 illi
1310 1142 1467 1217 potestas,
1483 1155 1583 1216 super
1596 1139 1641 1201 iis
1660 1139 1702 1202 de
1724 1156 1860 1203 assensa

228 1236 282 1297 tra
296 1236 512 1313 permissione
529 1237 589 1299 tibi
603 1236 764 1313 ampliare
786 1237 911 1299 liceret.
934 1236 1018 1308 Quia
1072 1238 1185 1298 nostro
1197 1239 1229 1299 S.
1244 1238 1437 1307 salvatoris,
1452 1238 1485 1299 et
1496 1240 1530 1298 S.
1542 1237 1679 1309 Quirici,
1694 1253 1736 1299 ac
1751 1238 1861 1319 Sancti

228 1348 309 1395 vero
331 1349 391 1410 per
404 1333 467 1395 hoc
482 1334 612 1396 statutis
634 1334 850 1410 derogaretur
870 1334 1018 1411 ejusdem
1072 1335 1207 1397 Matbvei
1223 1335 1264 1397 de
1286 1334 1468 1399 Monticulo
1485 1334 1658 1399 abbatibus
1676 1334 1862 1397 assistenti-

230 1430 386 1502 Concilii,
403 1445 476 1507 quae
491 1431 620 1492 servari
633 1431 785 1492 volumus
807 1430 1016 1502 inconcussa,
1072 1431 1332 1503 bustibi,testes
1354 1431 1513 1508 quosdam
1534 1431 1654 1493 merito
1667 1430 1861 1506 fidedignos

228 1527 273 1598 te,
291 1528 388 1603 prout
409 1527 544 1604 petiisti,
564 1529 740 1606 nequimus
759 1527 930 1591 exaudire.
950 1530 1019 1590 Ve-
1072 1527 1250 1603 receperis,
1260 1543 1320 1604 per
1330 1528 1413 1605 quos'
1423 1529 1554 1605 juratos
1567 1528 1717 1591 constitit
1729 1527 1774 1589 de
1788 1542 1863 1603 pro-

229 1638 305 1684 rum
330 1624 463 1687 illorum
491 1626 678 1703 paupertati
711 1625 850 1702 paterno
879 1640 1018 1701 compa·
1074 1625 1232 1686 missione
1241 1641 1281 1687 ac
1291 1625 1411 1688 litteris
1421 1640 1522 1702 supra
1532 1624 1629 1689 dictis
1642 1625 1730 1685 sicut
1743 1624 1863 1686 littere

229 1719 351 1782 tientes
366 1720 497 1793 affectu,
512 1723 546 1783 et
558 1721 617 1783 tibi
633 1722 745 1791 etiam,
761 1724 858 1799 prout
871 1721 1020 1798 exposcit
1074 1722 1236 1784 dictorum
1250 1723 1406 1785 abbatum
1419 1725 1452 1785 et
1464 1723 1687 1801 depositiones
1703 1722 1863 1783 dictorum

231 1815 416 1879 devotionis
448 1822 514 1880 tuae
544 1820 716 1888 meritum,
742 1819 885 1895 gratiam
910 1819 1020 1881 iacere
1073 1821 1207 1882 testium
1218 1820 1314 1883 nobis
1329 1821 1486 1883 exhibitae
1501 1821 1682 1883 declarant.
1705 1821 1776 1881 Nos
1790 1820 1864 1881 dili-

231 1913 412 1990 cupientes,
433 1916 634 1978 fraternitati
647 1919 725 1988 tuae,
744 1916 784 1977 de
805 1932 869 1993 qua
889 1915 1019 1992 plenam
1074 1918 1207 1993 gentius
1219 1918 1424 1981 attendentes
1437 1919 1625 1994 puritatem,
1642 1918 1862 1988 devotionem,

231 2011 1020 2091 fiduciamobtinemus,praeseutiumauctoritate
1075 2017 1108 2077 et
1130 2016 1349 2079 constantiam
1377 2015 1471 2086 fidei,
1505 2032 1602 2092 quam
1639 2017 1713 2092 ipsa
1749 2015 1867 2077 civitas

231 2111 459 2182 concedimus,
484 2113 520 2173 ut
542 2111 572 2173 si
596 2111 731 2173 evidens
760 2111 941 2172 necessitas
968 2109 1020 2172 vel
1075 2116 1186 2175 vestra
1196 2116 1355 2176 Romanae
1365 2112 1520 2174 Ecclesiae
1533 2113 1680 2175 servavit
1691 2112 1865 2182 bactenus,

231 2208 359 2271 utilitas
386 2210 508 2285 exigat,
537 2209 667 2287 aliquas
695 2208 890 2286 praebendas
912 2208 1022 2284 possis
1076 2213 1109 2273 et
1122 2223 1257 2271 servare
1268 2211 1422 2288 proponit
1436 2210 1472 2271 in
1485 2214 1746 2287 posterum,n0n
1761 2209 1865 2270 solum

232 2306 380 2387 ejusdem
419 2306 569 2369 ecclesiae
603 2307 644 2367 de
678 2306 777 2368 dictis
815 2305 951 2383 capellis
985 2305 1021 2365 in
1076 2309 1111 2369 in
1124 2309 1304 2385 prosperis,
1321 2308 1379 2368 sed
1399 2308 1498 2369 ctiam
1514 2308 1549 2367 in
1564 2307 1726 2378 adversis,
1743 2321 1867 2369 memo
1965 2336 1966 2391 ,

232 2408 425 2484 perpetuum
448 2403 664 2466 annectendis
684 2402 869 2481 praebendis
883 2402 1021 2473 eisdem,
1076 2406 1158 2467 riter
1172 2407 1272 2467 etiam
1289 2406 1471 2466 retinentes
1493 2404 1635 2481 qualiter
1650 2404 1776 2465 vicinis
1789 2420 1867 2466 ves-
1965 2408 1966 2481 ξ

233 2503 320 2564 sicut
340 2500 539 2563 discretione
561 2501 685 2576 praevia
706 2501 864 2576 expedire
884 2499 1022 2570 videris,
1075 2503 1137 2564 tris
1146 2503 1215 2563 lere
1223 2503 1376 2564 omnibus
1385 2504 1473 2563 retro
1482 2500 1737 2578 respicientibus
1749 2504 1867 2576 praeter

233 2600 464 2676 augmentare,
497 2600 668 2660 reservata
703 2613 848 2673 congrua
888 2596 1022 2658 illarum
1077 2600 1305 2671 obsessiones,
1338 2598 1480 2661 insultus
1514 2601 1548 2659 et
1581 2598 1689 2657 minas
1725 2597 1866 2659 aliorum
1965 2610 1966 2613 ’

234 2696 438 2773 capellarum
479 2695 679 2772 presbyteris
722 2695 887 2771 portione.
930 2693 1023 2755 Nulli
1077 2713 1150 2773 quac
1172 2697 1284 2758 omnia
1301 2696 1505 2759 sustinuistis
1526 2695 1692 2772 intrepide
1711 2695 1746 2755 in
1764 2695 1867 2771 ipsius

234 2792 619 2870 igitur,.etc.Siquis
653 2793 1023 2863 acaemetensium
1079 2794 1291 2872 imperatoris
1314 2793 1468 2865 adventu,
1487 2793 1543 2870 qui
1564 2792 1788 2869 personaliter
1808 2791 1866 2852 ob·
1965 2780 1966 2807 ³

235 2893 354 2960 Reate,
381 2891 440 2950 vll
466 2888 598 2949 kalend.
626 2886 786 2961 octobris,
814 2887 1023 2966 pontificatus
1078 2891 1163 2952 sedit
1181 2891 1331 2952 eamdem
1349 2907 1416 2952 non
1436 2889 1508 2951 sine
1530 2892 1687 2951 Romanae
1703 2890 1800 2950 Sedis
1814 2889 1867 2948 in·

235 2987 441 3050 nostrianno
453 2986 593 3048 decimo.
1075 2989 1165 3064 juria
1182 2989 1216 3050 et
1231 2989 1431 3065 contemptu,
1447 2987 1578 3050 Reatini
1594 2988 1723 3048 street
1737 2988 1868 3047 nomine

1078 3086 1205 3147 inventi
1221 3085 1345 3147 fuerint
1369 3090 1402 3147 et
1429 3085 1464 3145 in
1490 3084 1665 3146 devotione
1687 3083 1824 3144 stabiles
1838 3084 1867 3143 ct
1965 3080 1966 3119 ³

1079 3184 1114 3244 iu
1129 3183 1286 3245 fidelitate
1300 3183 1499 3252 constantes,
1508 3198 1568 3243 vos
1577 3183 1611 3244 et
1620 3181 1789 3243 civitatem
1801 3196 1867 3242 ves·

532 3262 734 3350 XXXVIII
1079 3282 1177 3353 tram,
1193 3297 1267 3342 cum
1283 3279 1433 3343 districtu
1453 3283 1486 3341 et
1500 3279 1734 3356 jurisdictione
1748 3280 1782 3341 et
1795 3277 1866 3339 aliis
1965 3344 1966 3355 χ

307 3416 359 3475 Ad
369 3413 574 3489 potestatem
588 3414 622 3474 et
632 3419 774 3486 pompos
785 3411 959 3473 gemmoso
1080 3377 1176 3439 honis
1192 3377 1314 3487 vestiis
1335 3378 1377 3439 ad
1398 3393 1516 3486 manus
1539 3378 1670 3438 nostras
1685 3377 1719 3438 et
1733 3392 1797 3483 per
1810 3389 1866 3435 nos

961 3476 984 3513 s
1083 3475 1237 3535 Eccleslae
1271 3478 1428 3536 Romanae
1452 3491 1488 3534 111
1516 3476 1684 3551 posterum
1717 3472 1865 3533 duximus

489 3543 524 3602 ²⁶
542 3542 680 3615 ⁸⁶p¹⁰mb·
703 3543 780 3600 1²²5·
1082 3572 1272 3634 retinendos
1286 3573 1321 3632 in
1335 3573 1433 3648 plena
1453 3570 1618 3641 libertate,
1639 3585 1705 3646 qua
1722 3572 1866 3631 tenemus

409 3665 533 3732 [canent
552 3665 640 3718 cumn
656 3666 682 3715 di
698 3665 775 3723 nien,
790 3665 857 3729 ¹5⁹-i
1082 3671 1174 3747 ipsas
1200 3668 1387 3746 Campaniae
1414 3668 1581 3738 civitates,
1611 3683 1685 3743 quae
1715 3669 1866 3728 Romana

242 3781 881 3858 Ensignisscatseeoseorumquecivitatem
895 3779 1030 3837 cumdis
1084 3767 1239 3829 Ecclesiae
1251 3766 1341 3827 nullo
1355 3766 1462 3826 medio
1476 3766 1553 3826 sunt
1566 3763 1736 3840 subjectae.
1749 3766 1786 3824 In
1798 3778 1868 3823 ves-

276 3874 370 3941 trictu,
384 3870 578 3943 iurisdictione
589 3876 620 3926 et
630 3870 693 3927 aliis
704 3869 786 3927 bouis
801 3868 837 3926 ad
850 3883 953 3927 manus
962 3882 1030 3925 suas
1084 3868 1145 3927 trae
1160 3862 1687 3941 igiturdevotionisaugmentum
1701 3877 1763 3921 vos
1780 3858 1868 3921 etci—
1965 3870 1966 3931 ᾗ

276 3969 412 4034 ⁰²1³erse
427 3960 562 4017 Etssltfliae
572 3960 708 4015 R⁰fflfl¹1ffi
721 3958 748 4015 5¹1
759 3967 904 4030 posterum
915 3956 1030 4015 duxit&
1084 3963 1218 4024 vitatem
1233 3961 1338 4037 ipsam
1359 3961 1480 4020 nostrae
1493 3959 1663 4034 petitionis
1681 3955 1868 4036 [protectio-
1965 3996 1966 4039 ,

276 4048 441 4107 ῐθῑῑῦθΰᾶθθ
462 4050 490 4104 iu
513 4047 596 4120 plena
619 4045 747 4104 libertate
774 4061 829 4118 qua
854 4053 932 4103 tenet
954 4047 1031 4119 ipsas
1085 4059 1150 4139 uis]
1164 4062 1197 4121 et
1210 4057 1412 4119 defensionis
1428 4055 1603 4134 privilegio
1619 4055 1866 4122 communimus,
1965 4072 1966 4133 j

277 4138 439 4210 campanis
465 4136 607 4203 ⁰⁵V³²³ie⁵¹
637 4150 700 4207 ‘1¹¹ae
729 4135 865 4193 Mem
895 4137 1032 4193 fl⁰ffi³¹¹ae
1086 4157 1268 4219 districtius
1283 4155 1469 4215 inhibentes
1485 4168 1526 4214 ne
1542 4167 1613 4222 vos,
1628 4154 1800 4229 tamquam
1810 4153 1870 4211 Rc-
1965 4136 1966 4215 ἰ

278 4226 355 4285 nullo
371 4224 464 4282 medio
479 4229 545 4280 sunt
557 4221 702 4296 subjectae.

280 4350 450 4414 Honorius
459 4349 644 4426 episcopus,
655 4364 771 4410 servus
780 4364 950 4411 servorum
959 4350 1029 4421 Dei,
1087 4345 1871 4428 subjectosquisquamaudeatsinesedisspos·

1086 4270 1193 4316 manae
1206 4252 1362 4315 Ecclesiae
1381 4251 1517 4313 devotos
1536 4250 1623 4310 tilios
1637 4249 1672 4311 et
1686 4247 1869 4310 immediata
1965 4314 1966 4327 χ

245 4448 375 4512 dilectis
390 4447 469 4507 tiliis
484 4445 638 4523 potestati
650 4447 683 4506 et
697 4447 818 4523 populo
835 4446 985 4508 Reatinis
998 4447 1033 4508 in
1085 4450 1195 4513 tolicae
1214 4446 1351 4524 speciali
1371 4445 1537 4517 mandato,
1551 4443 1592 4505 de
1607 4445 1730 4504 caetero
1753 4442 1870 4503 moles·
1965 4470 1966 4473 ¹

245 4546 436 4626 perpetuam
452 4543 655 4604 memoriam·
1087 4549 1174 4620 tare;
1185 4541 1666 4607 scdvoseivcstrasubnostrae
1674 4537 1871 4601 detensionis

286 4643 355 4705 Etsi
371 4640 493 4716 singuli
507 4640 547 4701 ad
564 4640 761 4717 apostolicae
774 4643 950 4709 recurrant
963 4644 1034 4720 pri·
1088 4645 1203 4722 clypeo
1221 4642 1327 4703 libera
1342 4640 1382 4702 de
1397 4642 1517 4701 caetero
1532 4639 1689 4699 maneant
1707 4639 1742 4698 et
1755 4637 1870 4714 quieta.
1965 4696 1966 4705 ,

245 4741 403 4817 vilegium
426 4738 588 4799 libertatis
618 4738 706 4813 apud
737 4755 834 4815 quam
863 4740 1033 4817 potestatis
1090 4744 1177 4805 Sane
1195 4756 1257 4817 pro
1274 4740 1316 4800 iis
1334 4754 1407 4815 quaa
1424 4736 1465 4797 de
1482 4733 1697 4813 proventibus
1719 4731 1872 4811 pontiset
1965 4796 1966 4799 ,

246 4837 416 4917 plenitudo
440 4834 587 4896 noscitur
610 4834 769 4906 residere,
795 4836 853 4896 alii
879 4839 916 4899 ut
940 4852 1034 4898 suam
1090 4838 1328 4900 maleficiorum
1343 4834 1463 4911 judicii
1486 4832 1579 4894 curia
1603 4831 1779 4908 percipere
1797 4846 1872 4891 con·
1965 4920 1966 4923 Ἴ

243 4934 408 5014 justitiam
425 4932 679 5007 cousequantur,
696 4933 730 4993 et
742 4932 802 4993 alii
817 4933 852 4994 ut
867 4934 962 5009 quasi
974 4934 1035 4995 filii
1090 4935 1208 5006 suevit,
1219 4932 1357 5008 triginta
1367 4930 1469 4991 libras
1481 4929 1557 4991 Sodi
1572 4928 1773 5004 apostolieae
1785 4924 1872 4989 anub
1965 4932 1966 4987 ἶ

247 5028 1033 5107 benemeriticonsequanturgratiamspecialem.
1090 5030 1231 5107 singulis
1259 5028 1465 5106 persolvetis.
1495 5025 1711 5088 beceruimus
1740 5040 1821 5100 ergo
1843 5022 1874 5082 ut
1965 5034 1966 5037 ’

248 5132 390 5207 Dignum
406 5127 457 5189 est
473 5127 507 5188 et
524 5125 663 5202 aequitas
685 5127 861 5203 persuadet
875 5129 910 5189 ut
924 5128 1035 5191 stillis
1090 5129 1174 5190 nulli
1188 5127 1321 5189 omnino
1331 5125 1502 5186 hominum
1515 5121 1615 5184 liceat
1623 5121 1712 5182 hanc
1723 5121 1873 5197 paginam
1965 5138 1966 5191 q

249 5228 331 5291 ordo
346 5222 644 5300 serveturjustitiae
665 5238 705 5284 ac
727 5223 803 5285 aliis
822 5224 858 5285 in
879 5227 1035 5287 Romanae
1091 5226 1212 5288 nostrae
1236 5222 1450 5301 protectionis
1473 5221 1506 5283 et
1528 5234 1695 5281 concessae
1716 5215 1872 5279 libertatis
1965 5194 1966 5225 ¹

248 5323 406 5389 Ecclesiae
434 5320 608 5383 devotione
629 5320 755 5397 jugiter
784 5322 1035 5398 persistentibus
1092 5339 1151 5385 nec
1177 5337 1243 5383 non
1267 5321 1300 5384 et
1325 5318 1533 5385 inhibitionis
1552 5316 1747 5392 intringere,
1772 5310 1872 5376 velei

249 5418 464 5500 protectionis
484 5419 517 5480 et
537 5416 739 5479 detensionis
760 5419 916 5495 specialis
928 5421 1036 5496 mana
1091 5436 1176 5481 ausu
1198 5417 1376 5481 temerario
1399 5414 1576 5477 contraire.
1604 5413 1639 5474 Si
1667 5412 1743 5489 quis
1771 5412 1871 5472 auten

154 5597 162 5601 -
250 5532 317 5579 non
338 5517 488 5591 negetur.
512 5516 600 5579 Sane
619 5514 716 5577 nobis
737 5528 780 5577 ex
803 5518 896 5593 parte
925 5519 1037 5580 vestra
1092 5510 1602 5592 bocatteutarepraesumpserit,
1616 5508 1870 5585 indignationem

251 5611 315 5672 tuit
323 5611 514 5674 multotiens
526 5611 745 5687 supplicatum
757 5614 792 5676 ut
800 5628 861 5675 vos
872 5615 906 5677 et
914 5615 1037 5677 terram
1091 5611 1326 5690 omnipotentis
1338 5610 1397 5673 Dei
1410 5610 1442 5672 et
1453 5608 1625 5669 beatorum
1636 5606 1727 5667 Petri
1739 5608 1773 5666 et
1784 5600 1868 5665 Pauli
