4014 6224
203 260 246 323 et
820 254 997 318 HONORII
1017 252 1064 316 ΙΙΙ
1085 254 1233 321 OPERA.
1806 254 1847 318 36

204 410 1000 498 quamrtsdeportationissolemnitas,etiampoat
1052 414 1223 487 timarunt,
1245 411 1354 477 felicis
1378 412 1548 478 memoriae
1562 412 1658 492 lingo
1679 412 1847 494 quondam

204 516 460 595 appellationem
482 515 675 591 legitimam,
695 512 796 574 fuerit
810 510 996 585 subsecuta,
1053 528 1168 574 eorum
1183 512 1279 586 abba,
1289 512 1361 590 spie
1376 529 1415 574 ac
1427 514 1517 591 juste
1531 513 1566 574 in
1581 513 1644 575 boc
1656 513 1778 575 saeculo
1793 513 1848 574 ri·

205 631 303 693 quam
323 629 383 691 pro
402 613 563 674 electione
577 626 639 672 nec
655 609 797 681 deceret,
814 624 876 671 nec
895 624 999 685 expe-
1052 624 1145 682 rens,
1174 611 1278 672 multa
1304 611 1447 673 obtinuit
1469 626 1490 672 a
1515 610 1655 672 Domino
1683 609 1850 673 miracula·

204 711 291 774 diret
314 709 442 772 baberi.
469 708 562 770 Unde
581 708 623 769 de
645 706 785 768 fratrum
809 708 997 768 nostrorum
1052 707 1126 769 fleri
1140 706 1327 780 manifesta,
1343 709 1480 770 etnunc
1494 708 1732 786 animaejnsin
1746 724 1847 769 sanc-

204 809 345 871 consilio
359 806 444 885 quod
458 805 643 868 factumest
654 804 827 866 deTboma
840 803 998 881 praedicto
1051 807 1160 867 torum
1171 804 1403 882 splendoribus
1414 805 1595 878 habitante,
1605 820 1725 883 corpus
1739 804 1849 883 ipsius

204 906 425 977 cassavimus,
457 903 616 981 petitione
650 902 927 964 consentientium
961 900 997 961 in
1053 903 1167 965 multis
1182 902 1288 980 fulget
1300 902 1509 965 mirabilibus
1521 904 1714 979 gloriosum.
1735 907 1848 976 Quare

204 1003 441 1066 cancellarium
453 1017 520 1062 non
532 1000 689 1062 admissa.
705 1001 756 1061 Ne
767 998 871 1076 igitur
884 998 997 1060 eccle-
1052 1001 1148 1063 nobis
1172 1001 1403 1079 supplicarunt
1417 1002 1591 1074 instanter,
1608 1003 1645 1063 ut
1659 1017 1734 1063 cum
1747 1000 1848 1061 valde

202 1101 253 1162 sia
270 1098 383 1163 restra
403 1112 464 1177 pro
485 1097 613 1161 deiectu
630 1096 774 1175 pastoris
789 1095 997 1174 dispendium
1052 1098 1229 1177 deputetur
1252 1098 1426 1175 indiguum
1453 1115 1540 1171 eum,
1568 1112 1665 1176 quem
1689 1113 1751 1175 pro
1774 1113 1847 1158 suas

201 1198 359 1275 patiatur,
382 1195 633 1257 universitatem
658 1196 804 1258 vestm
825 1208 997 1256 monemus
1051 1197 1170 1259 merito
1204 1196 1391 1260 sanctitatis
1423 1197 1554 1258 constat
1580 1212 1601 1257 a
1632 1196 1772 1257 Domino
1809 1192 1847 1254 in

201 1295 372 1365 attentius,
384 1302 445 1370 per
457 1292 648 1370 apostolica
663 1292 788 1369 scripta
802 1291 997 1352 mandantes
1055 1294 1246 1372 triumphali
1262 1295 1404 1356 ecclesia
1414 1294 1527 1356 taliter
1540 1292 1710 1365 honorari,
1726 1293 1768 1354 ab
1782 1290 1848 1354 bo-

202 1393 366 1470 quatenus
379 1390 475 1454 vobis
490 1394 524 1452 et
537 1390 687 1452 ecclesiae
704 1388 745 1450 de
761 1400 903 1466 persona
918 1387 995 1450 ido·
1051 1390 1196 1453 minibus
1210 1392 1283 1454 sine
1298 1390 1407 1454 debita
1417 1390 1636 1454 veneratione
1647 1390 1682 1452 in
1695 1388 1847 1453 Ecclesia

201 1504 277 1561 naa,
305 1504 379 1566 quae
400 1488 492 1550 tanto
521 1488 684 1562 congruat
705 1486 802 1548 oneri
824 1486 858 1548 et
875 1485 996 1548 bonori
1050 1489 1208 1552 militanti
1223 1488 1380 1567 relinqui,
1402 1489 1552 1551 eumdem
1575 1490 1764 1551 sanctorum
1783 1503 1847 1550 ca-

201 1584 404 1664 provldeatis
430 1599 490 1662 per
513 1584 711 1647 electionem
740 1583 936 1644 canonicam
959 1582 995 1643 in
1050 1586 1161 1664 talogo
1177 1586 1323 1649 adscribi
1339 1587 1538 1649 laceremus.
1552 1588 1622 1647 Nos
1638 1586 1751 1662 igitur,
1765 1584 1849 1648 licet

201 1686 380 1762 pastorem.
405 1682 524 1744 Datum
547 1681 716 1753 Laterani,
745 1678 909 1742 kalendas
936 1679 997 1742 de·
1051 1684 1310 1762 supplicationes
1332 1684 1521 1763 hujusmodi
1541 1683 1763 1745 libentissime
1776 1698 1847 1745 am·

202 1779 355 1853 cambris,
369 1778 698 1857 pontificatusnostri
710 1792 799 1840 anno
816 1777 921 1840 sexto.
1050 1782 1243 1860 plectamur,
1260 1798 1303 1843 ne
1316 1778 1427 1844 tamer
1441 1782 1475 1842 in
1492 1781 1555 1843 boc
1570 1780 1694 1858 aliquid
1710 1779 1751 1842 de
1768 1796 1847 1842 con·

1048 1876 1254 1956 tingentibus
1268 1877 1442 1941 videamur
1456 1878 1626 1952 omittere,
1643 1878 1844 1940 fraternita-

1049 1977 1115 2039 tem
1137 1976 1302 2049 vestram,
1331 1975 1372 2038 de
1394 1988 1459 2054 qua
1485 1975 1617 2054 plenam
1642 1978 1677 2037 in
1703 1976 1845 2038 Domino

955 2095 961 2103 ’
1048 2073 1203 2136 fiduciam
1217 2073 1415 2146 obtinemus,
1434 2088 1592 2150 rogamus
1612 2074 1646 2134 et
1665 2088 1845 2135 monemus

515 2153 678 2242 XXXIX
1049 2172 1172 2235 attente
1196 2187 1256 2249 per
1278 2170 1611 2249 apostolicasque
1624 2170 1720 2232 vobis
1741 2185 1844 2232 man-

199 2307 752 2379 gapopanmapohwpmopum
768 2304 995 2365 Viennensem
1049 2268 1659 2348 dantesquatenustamderita,quam
1668 2267 1844 2329 miraculis

267 2403 302 2466 et
322 2406 537 2466 oumeqmum
558 2405 753 2477 cecropem
774 2400 932 2462 orattou
1048 2368 1155 2429 sancti
1169 2366 1319 2445 praedicti
1333 2365 1525 2443 plenissime
1540 2366 1758 2475 inquirentes,
1772 2381 1846 2427 res-

1048 2464 1183 2526 cribatis
1201 2464 1297 2525 nobis
1311 2463 1479 2540 superbis
1498 2463 1641 2525 ildebter
1654 2463 1843 2533 teutatem,

447 2532 464 2590 ²
482 2530 642 2590 dmm
665 2531 745 2589 ¹²²¹·
1048 2579 1112 2640 qua
1128 2562 1271 2638 cognita,
1295 2560 1514 2637 procedamus
1531 2560 1652 2622 exinde
1669 2561 1767 2637 prout
1787 2574 1846 2621 se-

256 2650 336 2723 [⁸³¹¹-
347 2657 433 2715 nom,
448 2654 488 2706 0⁶·
502 2656 577 2707 racr.
591 2654 634 2713 ¹¹¹·
647 2653 704 2712 ³⁰¹·
714 2652 797 2713 ΜΠ
815 2654 936 2716 Mis
1048 2659 1191 2721 cundum
1223 2660 1328 2720 Deum
1360 2658 1542 2720 viderimus
1585 2655 1843 2735 procedendum.
1962 2732 1966 2738 .
1999 2634 2000 2675 ¹

395 2736 540 2788 ramerus
551 2735 652 2794 Μ»
662 2735 684 2798 ¹2
696 2733 765 2797 ⁸⁸²]
1048 2758 1166 2818 Datum
1182 2754 1350 2827 Laterani,
1368 2758 1530 2817 ivnonas
1545 2753 1741 2826 decembris,
1758 2770 1847 2832 pon-

197 2851 315 2912 liandat
337 2858 369 2910 ut
394 2857 451 2909 mm
467 2849 503 2908 de
531 2851 589 2908 vitii
609 2862 694 2924 quam
714 2847 751 2906 de
769 2849 917 2907 miraculis
932 2846 992 2906 llu-
1047 2852 1191 2916 tiflqatus
1206 2853 1312 2915 nostri
1325 2867 1414 2914 anno
1428 2852 1536 2914 sexto,

207 3008 213 3029 Ι
229 2941 315 3014 genis
329 2939 474 3014 quondam
488 2938 599 2997 abbatia
620 2938 787 2995 monasterii
810 2937 992 3005 bonavallis,

232 3029 427 3090 (isterciensis
455 3027 563 3086 ordinis
596 3026 757 3099 inquirant,
787 3033 816 3083 et
843 3027 993 3084 veritatem

231 3141 318 3200 quam
329 3126 365 3183 de
374 3126 420 3183 bis
433 3124 606 3195 invenerint,
618 3123 738 3182 tideliter
745 3122 812 3183 Sodi
821 3122 993 3196 apostolicae

231 3213 399 3273 rescribant
1410 3173 1478 3260 XL

236 3340 404 3403 Honorius
412 3338 598 3415 episcopus,
611 3350 727 3400 sersus
737 3350 909 3400 servorum
919 3337 990 3410 Dei,
1046 3329 1099 3390 Ad
1114 3327 1324 3404 mcaotmrm
1336 3325 1537 3388 dracontium
1549 3329 1795 3388 subdiaconum
1808 3327 1854 3388 et·

195 3436 445 3501 venerabilibus
455 3434 613 3527 batribus
628 3435 881 3512 archiepiscopo
893 3435 994 3497 Vien-
1079 3430 1302 3501 capellanum,
1319 3424 1521 3499 Apostcltcae
1533 3424 1632 3484 Sedts
1645 3422 1808 3500 legatum.

195 3534 303 3607 nensi,
320 3534 354 3596 et
368 3533 524 3611 episcopo
548 3531 870 3610 Gratianopolitano,
895 3531 991 3595 salu·
1293 3563 1310 3621 3
1329 3561 1489 3621 decembris
1516 3563 1594 3621 im

194 3634 262 3696 tem
276 3632 310 3694 et
322 3630 538 3709 apostolicam
553 3629 831 3691 benedictionem.

237 3728 298 3803 Qui
307 3744 366 3790 sua
377 3726 640 3789 incommutabili
654 3726 862 3804 providentia
873 3725 992 3789 cuncta
1129 3688 1259 3755 mm*
1268 3690 1337 3751 ιω·
1350 3687 1496 3752 Η““3“ή”’
1505 3693 1527 3739 ²·
1540 3686 1561 3746 ι’
1572 3701 1599 3752 p.
1609 3685 1650 3747 ³¹·
1663 3700 1688 3737 '¹'
1701 3686 1755 3752 Μ’]

197 3822 361 3905 disposuit
372 3824 413 3887 ab
424 3824 560 3896 aeterno,
572 3822 651 3885 licet
663 3822 698 3884 in
709 3821 864 3901 operibus
874 3822 992 3899 primae
1047 3804 1324 3877 fl⁰ss⁰1m¹¹83⁸1ffl¹¹1
1337 3803 1518 3872 mmmm,
1533 3809 1673 3860 utfflsslffl
1689 3801 1845 3861 Ῑὶῑθῐθῑῑῡθῦ

197 3923 378 3989 creationis
392 3921 580 3982 mirabilem
596 3935 632 3981 se
647 3919 839 3992 ostenderit,
851 3919 993 3981 etmira-
1134 3894 1163 3951 ¹¹¹
1176 3894 1280 3951 B⁰³¹¹¹³
1292 3900 1321 3950 ⁰¹
1332 3906 1423 3966 ‘⁰8¹10
1436 3891 1593 3964 ilungarte
1604 3891 1751 3964 procedat.

197 4021 350 4082 biliorem
377 4018 412 4079 in
440 4017 645 4079 exhibitione
665 4016 902 4094 redemptionis
923 4016 991 4077 hu·
1086 4018 1254 4081 Honorius
1268 4018 1454 4096 episcopus,
1464 4016 1670 4089 etc.,dilecto
1686 4017 1754 4078 tilio
1769 4033 1845 4078 ma-

197 4133 326 4189 manas,
356 4115 466 4177 adhuc
496 4117 609 4177 tamma
637 4115 884 4176 misericordias
913 4130 992 4175 suas
1046 4118 1151 4194 gistro
1181 4115 1341 4178 Accontio
1371 4114 1575 4176 subdiacono
1602 4115 1634 4177 et
1668 4113 1844 4192 capellano

197 4214 377 4277 mirificare
403 4228 470 4274 non
494 4211 660 4285 desinens,
681 4211 785 4274 variis
806 4211 990 4274 miraculo·
1046 4216 1177 4286 nostro,
1209 4210 1531 4290 apostolicaesedis
1573 4212 1703 4288 legato,
1743 4211 1842 4272 salu-

198 4328 271 4373 rum
291 4309 479 4386 insignibus
491 4308 667 4370 ecclesiam
683 4324 777 4370 suam
792 4310 899 4382 ornat,
914 4308 991 4370 dum
1045 4314 1123 4384 tem,
1140 4310 1203 4374 etc.

199 4406 323 4471 electos
337 4410 420 4484 ejus,
445 4422 528 4483 quos
544 4405 580 4467 in
595 4405 745 4468 ecclesiae
761 4405 837 4466 lidei
850 4406 991 4468 veritate
1086 4411 1177 4471 Inter
1198 4407 1283 4469 alias
1310 4406 1551 4469 sollicitudines
1581 4404 1777 4466 innumeras
1811 4406 1846 4468 et

198 4505 333 4565 renatos
347 4498 511 4580 provehit,
521 4502 557 4561 ln
572 4503 803 4578 argumentum
818 4501 990 4574 virtutum,
1046 4509 1236 4578 immensas,
1254 4503 1374 4583 quibus
1384 4505 1540 4580 angimur
1552 4502 1640 4564 ultra
1650 4502 1751 4574 vires,
1768 4501 1843 4564 baec

199 4603 256 4664 dat
269 4600 440 4662 miraculis
451 4614 640 4671 coruscare,
650 4600 685 4661 ut
695 4599 745 4660 sic
757 4600 863 4676 magis
876 4601 909 4662 et
920 4615 993 4661 ma·
1046 4605 1116 4667 fere
1137 4603 1310 4679 potissime
1327 4616 1556 4679 perurgemur,
1573 4602 1609 4663 ut
1618 4600 1658 4661 de
1666 4600 1766 4661 vinea
1775 4601 1845 4661 Do-

199 4700 252 4777 gis
275 4698 357 4759 tides
380 4698 415 4758 in
439 4696 570 4759 Christo
585 4695 789 4758 credentium
804 4696 989 4770 roboretur,
1047 4702 1128 4763 mini
1144 4700 1300 4770 Sabaoth,
1322 4702 1416 4776 cujus
1439 4697 1534 4759 nobis
1563 4697 1641 4759 licet
1662 4697 1841 4758 immeritis

199 4812 276 4875 spes
290 4795 487 4874 pronciatet
501 4794 624 4856 caritm
639 4794 850 4866 accendatur,
866 4794 902 4855 ut
917 4809 993 4856 con·
1047 4814 1127 4861 cura
1150 4801 1183 4860 et
1204 4796 1353 4859 custodia
1373 4797 1425 4857 est
1445 4794 1633 4867 commissa,
1651 4792 1841 4868 haereticos,

198 4893 381 4957 fundantur
393 4893 427 4954 et
443 4891 661 4953 revereantur
678 4889 834 4952 Ecclesiae
849 4891 990 4965 inimici,
1047 4893 1401 4974 qui‚velutrulpeculae
1412 4892 1499 4954 inter
1509 4892 1677 4954 sarmenta
1685 4891 1841 4964 latentes,

200 4993 258 5071 qui
266 4992 370 5054 vitam
385 4992 458 5067 ejus
475 4988 641 5049 maantam
657 4987 871 5060 aestimantes,
885 4988 992 5050 eidem
1047 4994 1229 5056 moliuntur
1260 4991 1409 5053 eamdem
1431 4990 1660 5068 multipliciter
1674 4988 1841 5062 demoliri,

199 5086 375 5153 deuabme
415 5085 644 5163 multipliciter
675 5084 867 5147 moliuntur.
904 5086 992 5148 Sane
1046 5091 1178 5169 penitus
1191 5089 1417 5167 prodigamus,
1431 5085 1641 5150 discutiendo
1663 5086 1764 5148 etiam
1785 5087 1843 5148 la-

199 5187 382 5266 gaudemus
401 5185 436 5245 in
460 5183 611 5255 Domine,
634 5183 722 5245 etin
742 5185 815 5261 ejus
837 5182 992 5245 laudibus
1045 5188 1150 5250 tibula
1163 5189 1416 5258 sarmentorum,
1442 5186 1520 5247 dum
1542 5184 1773 5246 haereticorum
1786 5199 1846 5246 re-

198 5284 394 5362 gloriamur,
410 5280 508 5359 quod,
527 5280 614 5343 sicut
634 5280 747 5343 dilecti
762 5280 824 5341 tilii
838 5280 941 5343 abbas
960 5283 993 5344 et
1046 5286 1232 5363 captatores
1267 5284 1300 5345 et
1334 5282 1484 5346 lautores
1518 5297 1585 5343 non
1622 5280 1843 5358 relinquimus

199 5380 381 5445 conuentus
394 5377 594 5441 Bonaevallis
615 5377 845 5440 cisterciensis
864 5379 992 5442 ordinis
1046 5383 1237 5460 impunitos.
1253 5383 1334 5442 Gum
1349 5382 1472 5458 itaqua,
1489 5380 1577 5442 sicut
1589 5378 1788 5450 audivimus,
1805 5378 1843 5439 in

199 5478 270 5541 suls
283 5476 379 5538 nobis
394 5476 521 5539 nuntiis
536 5476 569 5538 et
582 5475 716 5547 litteris,
738 5475 897 5538 adhibitis
909 5492 993 5553 quo·
1047 5479 1195 5558 partibus
1235 5479 1367 5541 Bosniae
1399 5479 1567 5555 tamquam
1602 5475 1638 5537 in
1676 5473 1843 5537 cubilibus

200 5591 264 5654 que
280 5572 458 5636 multorum
474 5573 687 5650 prelatorum
706 5572 921 5646 testimoniis,
938 5575 992 5637 in·
1047 5576 1280 5651 struthionum,
1293 5574 1454 5648 haretici,
1469 5572 1560 5637 velut
1582 5572 1692 5634 lamiae
1708 5571 1841 5633 nudatis
