4014 6224
122 320 173 382 itt

118 481 190 542 nino
202 477 321 554 pereat,
339 474 419 536 illud
437 473 609 537 residuum
627 462 725 537 'terrae
739 473 824 552 quod
842 471 895 535 te-

117 577 187 639 nent
198 572 350 635 catholici
364 572 546 643 amittatur,
558 571 601 642 et,
616 571 701 648 quod
712 570 894 631 timendum

118 674 171 743 est,
183 669 280 748 pestis
293 668 350 729 illa
366 667 406 729 ad
420 667 493 730 loca
506 667 605 729 etlam
621 667 679 729 tihi
691 667 843 744 proxima
858 682 894 729 se

118 760 325 830 transfundat.

151 862 305 937 Quantum
315 862 424 923 autern
436 861 591 923 Ecclesiae
602 860 661 922 Dei
671 876 710 921 ac
720 859 780 922 toti
791 875 894 937 regno

116 963 165 1024 tuo
175 959 275 1037 possit
296 957 371 1019 inde
391 958 576 1035 periculum
596 956 781 1029 imminere,
802 958 893 1019 tuam

117 1054 333 1117 discretionem
357 1068 424 1114 non
453 1053 619 1114 credimus
647 1053 815 1128 ignorare.
844 1054 894 1114 Ne

117 1164 184 1228 ergo
196 1152 250 1212 tuo
262 1149 405 1212 delectui
418 1149 472 1210 vel
485 1148 592 1221 nobis,
610 1148 665 1226 qui
678 1148 711 1210 te
727 1149 768 1210 ad
784 1148 895 1226 expel-

116 1247 233 1310 lendum
243 1246 349 1309 dictos
359 1245 535 1308 haereticos
545 1246 719 1307 debuimus
733 1246 891 1318 excitare,

117 1344 190 1406 sicut
209 1344 401 1405 multotiens
425 1340 686 1419 improperatum
710 1343 761 1404 est
785 1342 892 1415 nobis,

116 1441 180 1502 tidei
191 1439 360 1501 subversio
376 1440 481 1516 possit
496 1439 707 1516 aliquatenus
722 1439 892 1516 imputari,

117 1536 330 1599 excellentiam
343 1537 434 1597 tuam
450 1551 606 1612 rogamus
619 1536 777 1599 attentius
793 1536 827 1597 et
840 1550 895 1596 eii·

116 1633 271 1695 hortamur
289 1633 324 1694 in
346 1633 486 1694 Domino
501 1633 803 1711 quantumcumque
816 1647 896 1709 pos-

118 1738 215 1790 sumus
240 1724 373 1802 affectu,
401 1728 441 1790 de
465 1729 631 1790 communi
654 1724 895 1790 natiumnos-

117 1826 227 1888 trorum
249 1825 391 1887 consilio
414 1826 632 1902 requirentes,
649 1826 683 1887 et
705 1825 741 1885 lu
762 1826 894 1886 tuorum

116 1922 329 1983 remissionem
341 1922 570 1999 peccaminum
580 1922 803 1998 injungentes,
818 1937 895 1998 qua·

117 2020 198 2080 tenus
211 2021 335 2081 terrain
350 2012 448 2080 illam'
458 2018 573 2090 totam,
588 2034 686 2095 quam
699 2016 894 2095 inpartibus

119 2112 174 2176 illis
184 2130 202 2177 a
213 2117 245 2178 te
258 2116 294 2176 iii
307 2115 443 2177 leudam
457 2115 649 2176 immediate
664 2130 774 2176 comes
789 2114 897 2176 tenuit

116 2212 318 2274 llondsiortis
335 2210 396 2291 (1),
413 2228 488 2273 cuin
510 2227 584 2273 eam
599 2226 710 2273 comes
732 2212 805 2288 ipse
828 2226 895 2272 non

116 2307 242 2370 suilcial
267 2309 454 2380 defensare,
483 2309 516 2371 el
542 2312 613 2386 jam
638 2307 795 2370 obtulerit
820 2323 895 2369 eam

116 2404 175 2476 tibi,
190 2406 272 2468 sicut
283 2421 346 2482 per
360 2404 525 2467 solemnes
537 2406 676 2466 nuncios
691 2408 725 2467 et
738 2405 803 2466 ilde
816 2404 893 2482 dig-

117 2514 177 2574 nos,
189 2503 450 2565 Nemausensem
462 2499 509 2581 (2)
529 2503 562 2564 et
575 2502 797 2563 Biterrensern
810 2503 896 2579 epis·

117 2612 201 2675 cupos
212 2597 268 2677 (3),
277 2600 311 2660 et
323 2614 385 2675 per
397 2598 526 2660 litteras
541 2598 647 2675 ipsius
658 2598 798 2670 comitis,
811 2614 894 2675 quas

118 2692 181 2755 inde
198 2694 364 2757 coniectas
384 2694 541 2766 vidimus,
563 2710 669 2771 nuper
680 2693 776 2756 nobis
791 2695 894 2756 inno-

117 2791 170 2852 tuit
181 2790 235 2871 (t),
251 2792 284 2853 in
300 2792 451 2854 dominio
464 2794 522 2853 tuo
532 2791 690 2871 accipias,
707 2792 772 2853 ate
786 2794 818 2854 et
830 2792 895 2855 hae-

118 2886 233 2948 cedibus
259 2888 329 2950 tuis
350 2887 464 2963 ¹libere
490 2887 646 2965 deinceps
672 2888 706 2949 et
728 2884 837 2965 quiete
858 2889 894 2950 iii

118 2988 292 3061 perpetuum
301 2985 549 3063 possidendam,
562 2987 594 3047 et
604 2985 645 3046 ad
656 2985 895 3048 relevationem

119 3076 184 3141 dicti
195 3082 317 3158 negotii
332 3076 506 3163 nobiscum
519 3081 584 3143 cito
598 3082 630 3142 et
639 3082 795 3155 viriliter,
810 3083 896 3144 sicut

118 3177 227 3252 regiam
244 3178 341 3241 decet
358 3178 650 3254 magnificentiam,
673 3183 709 3239 te·
725 3179 892 3255 accingas,
957 3188 964 3197 ·

705 312 946 389 turrenorum.
970 316 1048 379 nia.
1069 318 1125 380 vi.
1162 272 1167 284 ⁸

948 491 1083 537 manum
1110 476 1201 538 tuam
1224 476 1281 539 aut
1304 474 1449 537 tiliorum
1472 475 1605 538 tuorum
1630 474 1743 538 nulla·

948 570 1045 634 tenus
1060 572 1199 634 alienes.
1216 575 1281 633 Pro
1300 574 1391 634 certo
1413 572 1524 633 autam
1543 571 1631 633 scias
1655 571 1742 649 qnod

949 669 1181 746 Raymundum
1202 666 1249 747 (5)
1272 667 1438 745 quondam
1458 669 1657 749 Tolosanum
1679 684 1740 730 co-

949 766 1061 827 mitem
1076 765 1227 827 etlilium
1242 769 1314 842 ejus
1330 766 1404 825 cuin
1420 780 1535 826 eorum
1556 764 1741 829 fautoribus

949 858 1071 927 dudum
1090 862 1461 934 excommunicavimus,
1482 877 1544 923 nec
1564 861 1604 922 ad
1625 850 1741 922 emen*

948 959 1127 1031 dationem,
1138 959 1218 1020 licet
1227 956 1369 1033 benigne
1380 957 1550 1031 admoniti,
1563 957 1679 1019 volunt
1692 954 1740 1036 (6)

949 1059 985 1118 ut
1001 1055 1131 1127 debent,
1150 1055 1208 1115 sed
1226 1054 1465 1129 contumaciter
1482 1055 1518 1128 in
1533 1070 1594 1115 sna
1613 1053 1742 1116 malitia

948 1154 1173 1231 perseverant.
1198 1152 1248 1214 ad
1273 1152 1515 1228 promotionem
1540 1167 1620 1215 vern
1641 1151 1741 1229 liujm
1790 1157 1795 1167 ’

949 1250 1085 1327 negotii,
1102 1252 1170 1312 tam
1189 1249 1230 1310 de
1251 1248 1411 1310 vicesima
1433 1263 1506 1325 quae
1525 1248 1660 1324 propter
1678 1246 1742 1309 hoc

948 1347 1134 1423 colligetur,
1164 1345 1196 1407 et
1219 1345 1435 1422 indulgentiis
1468 1344 1522 1407 his
1544 1344 1600 1421 qui
1626 1345 1742 1405 contra

948 1442 1142 1519 Albigenses
1157 1458 1289 1504 crucem
1306 1440 1547 1518 assumpserint
1567 1439 1740 1512 iaciendis,

949 1556 1047 1617 quam
1073 1539 1112 1600 de
1141 1539 1344 1616 protectione
1371 1539 1404 1599 et
1426 1536 1620 1598 defensione
1643 1537 1742 1598 terrae

948 1638 1025 1707 tuae,
1043 1635 1073 1695 si
1087 1635 1192 1712 aliqui
1206 1632 1307 1712 (quod
1319 1631 1438 1711 absit!)
1453 1632 1488 1693 in
1503 1632 1535 1693 te
1550 1631 1675 1694 vellent
1686 1631 1743 1692 in-

950 1748 1099 1809 surgere,
1126 1731 1283 1809 quamdiu
1308 1730 1482 1793 vacaveris
1507 1728 1586 1790 huic
1609 1727 1743 1804 negotio

948 1834 1028 1893 lesu
1048 1829 1182 1900 Christi,
1201 1829 1286 1888 bona
1306 1826 1372 1887 lide
1388 1825 1562 1887 consilium
1583 1825 1667 1901 quod
1682 1838 1744 1900 po-

948 1919 1742 2000 terimusetauuiliumimpendemus(itllatum

949 2023 1066 2100 Alatri,
1083 2022 1191 2100 pridie
1205 2021 1279 2082 idus
1293 2018 1383 2093 maii,
1398 2035 1486 2081 anno
1502 2018 1608 2081 serito.

1268 2408 1422 2497 CLXXI

1000 2553 1053 2615 Ad
1067 2552 1238 2615 decanum
1251 2551 1531 2625 acceptationis.
1544 2548 1692 2611 Martini

1241 2650 1451 2724 Lacotertsts.

1245 2785 1279 2843 lt
1294 2784 1362 2842 mali
1376 2784 1455 2842 im,
1517 2826 1520 2833 .

1074 2925 1207 2990 [Mastane
1222 2924 1343 2988 implica.
1361 2924 1485 2983 collectio,
1503 2923 1523 2981 1,
1537 2923 1622 2987 itta]

984 3057 1029 3116 tid
1044 3056 1229 3116 relevandam
1247 3056 1323 3114 lilius
1337 3055 1463 3128 inopiam
1480 3068 1636 3113 concessas
1646 3052 1708 3126 iam

1156 3144 1295 3203 ecclesias
1307 3144 1361 3217 ipsi
1375 3142 1535 3201 coufirmat.

1684 290 1743 378 i'tc
1854 366 1858 375 .

119 3270 266 3337 itatainen
277 3275 366 3354 quod
382 3276 481 3337 terrae
496 3273 589 3335 illius
604 3273 786 3336 dominium
800 3278 895 3338 extra
960 3300 965 3307 ·
989 3279 1157 3342 Honorius
1167 3278 1741 3359 episcopusservusservorumltei,

148 3502 182 3577 tl)
196 3507 366 3566 amalricus.
950 3518 1074 3568 sentium
1098 3507 1234 3567 adhibere
1256 3506 1416 3582 dignemini
1436 3504 1522 3565 tidem
1543 3506 1743 3564 indubitatam.

147 3577 181 3645 (2)
195 3577 361 3635 arnaldum.
950 3582 1053 3639 ilatum
1068 3580 1179 3648 Blteris,
1195 3581 1235 3637 lv
1248 3592 1340 3636 nouas
1353 3577 1523 3647 decembris,
1538 3590 1614 3635 anno
1633 3576 1713 3635 itai.
1729 3596 1742 3625 ι

157 3648 172 3702 t
196 3648 370 3706 beroardum
383 3645 419 3704 de
432 3646 568 3705 Goxlcco.
987 3650 1017 3718 ld
1045 3648 1245 3722 Raymundum
1260 3650 1309 3708 lv.

155 3717 314 3799 itineres
328 3732 381 3774 eas
395 3717 535 3774 recitatio
548 3718 626 3775 bunc
639 3715 803 3775 modumil.
816 3717 897 3779 Veis·
997 3722 1102 3845 tlsitfi
1120 3720 1263 3777 tveniie.
1333 3789 1338 3801 Ι
1380 3787 1387 3802 ⁸
1500 3786 1506 3799 ¹
1581 3785 1588 3799 ,

119 3787 896 3940 stragicaniggfflgtfflfnaorgicarissimoinmm
950 3790 1097 3917 tneftbaTvdt
1119 3797 1204 3916 {ffuffi
1224 3789 1318 3930 tlassiit'lisp
1331 3794 1523 3938 igscgtadniiveenrtsig
1542 3798 1744 3939 {alintlrltlilimrengon'i

120 3922 242 4010 Philippo,
255 3930 307 3984 Dei
321 3935 426 4009 grette,
441 3927 542 4009 illustri
555 3930 728 3984 Francorum
741 3941 814 3999 regi,
827 3929 897 3987 Con·
951 3930 1121 4002 principium
1141 3927 1233 3986 studia
1255 3874 1338 3984 baud)
1352 3932 1537 3998 compescuit,
1549 3933 1640 4008 ‘prout
1658 3924 1747 4008 liquet

120 3995 201 4066 adas,
214 3998 342 4071 eiusdem
358 4004 540 4054 miseratione
555 3998 666 4056 Sancte
685 3996 804 4054 liuidum
818 3999 894 4069 epis·
951 4015 986 4057 ex
1051 3999 1129 4057 uenti
1146 3998 1182 4055 ad
1202 3997 1396 4055 Tbeobaldum
1420 3998 1583 4078 Campania
1597 4002 1742 4065 comitem,

120 4072 274 4197 tatt·
287 4072 320 4195 (ι
333 4066 896 4210 transplantarunt
951 4071 1163 4211 asaias
1176 4069 1279 4151 8
1288 4039 1746 4194 ((((((((((

120 4203 304 4266 cbristclesu.
951 4209 1051 4267 adiici
1062 4206 1335 4266 litterasvestrasde
1344 4206 1490 4264 medentia
1505 4220 1554 4277 per
1565 4204 1750 4262 lambertum

150 4296 160 4325 s
181 4278 244 4336 Cum
264 4275 443 4335 venerabilis,
461 4284 490 4334 et
508 4276 600 4334 fidelis
623 4284 720 4336 noster
738 4277 768 4335 in
786 4276 897 4337 Christo
952 4280 1124 4346 Bocliittuin,
1135 4279 1184 4350 qui
1194 4277 1278 4335 nobis
1286 4277 1366 4346 dixit,
1377 4276 1573 4349 quodlegatus
1581 4274 1746 4348 Albigeusis

120 4357 201 4404 ames
221 4349 382 4406 tanaiticus
402 4346 605 4420 supplicaverit
621 4347 703 4405 nobis
720 4362 771 4420 per
789 4349 897 4406 litteras
951 4351 1062 4407 locutus
1077 4348 1244 4406 iueratcum
1262 4348 1406 4405 comitissa
1423 4353 1513 4403 matre
1530 4353 1635 4414 vestra,
1651 4354 1682 4402 ut
1695 4359 1748 4402 vos

121 4427 176 4473 uias
187 4425 213 4474 et
225 4432 274 4490 per
296 4417 419 4474 nuncios
437 4431 518 4488 suos,
533 4417 665 4474 videlicet
686 4417 804 4475 dilectos
824 4419 897 4476 lilios
952 4419 1178 4477 intromitteretis
1193 4417 1229 4474 de
1243 4418 1360 4490 nogotio
1375 4424 1458 4473 terrie
1467 4415 1641 4490 albigensis,
1656 4423 1686 4473 et
1696 4429 1745 4472 ca·

122 4492 215 4546 natos
234 4490 262 4547 C.
285 4489 489 4546 cancellarium
511 4487 639 4561 eiusdem
663 4488 698 4545 lt.
722 4489 845 4558 comitis,
868 4495 898 4547 et
952 4486 1357 4563 paretissupervosailarium
1372 4486 1540 4560 albigense,
1554 4493 1648 4543 etuas
1659 4485 1747 4542 multu
1812 4542 1817 4547 .

121 4551 217 4633 latrem
233 4558 397 4615 iohannem
411 4558 664 4631 poenitentiarium,
680 4565 710 4615 ut
724 4558 893 4631 dignemint,
951 4568 981 4618 et
1001 4574 1107 4643 magna
1128 4558 1272 4615 haberetis
1293 4557 1395 4614 auxilia
1416 4572 1435 4639 a
1452 4557 1478 4612 le
1501 4564 1558 4625 ato,
1578 4563 1607 4613 et
1624 4556 1701 4614 clero
1717 4562 1747 4612 et

120 4627 898 4780 lassataslasatastrattati
951 4626 1748 4771 aaaitatatritttttrtctaitta

122 4770 203 4845 bitere
216 4769 310 4828 debuit
330 4771 338 4825 i
360 4783 392 4827 se
409 4769 452 4827 vel
473 4777 553 4841 pater
571 4743 640 4825 suus’
656 4783 687 4825 iu
707 4769 833 4842 partibus
847 4771 895 4827 Al·
952 4769 1091 4827 honorem
1106 4776 1232 4825 vestrum
1246 4741 1397 4837 volumus;'
1407 4775 1445 4833 et,
1455 4767 1479 4824 si
1492 4774 1594 4841 gentes
1604 4774 1705 4823 restra
1718 4771 1749 4821 et

122 4831 247 4920 bannitus
265 4848 294 4898 et
318 4785 371 4897 sibi
396 4840 513 4922 vicinis3
535 4838 695 4922 gaudemus
720 4854 805 4911 super
831 4838 896 4907 hoc,
952 4840 1102 4897 consilium
1117 4846 1244 4921 vestrum
1259 4835 1747 4921 dederintvcbis,quoddelicatos

122 4902 298 4968 terdecentes
310 4910 461 4967 ecclesiam
474 4916 502 4965 et
517 4916 623 4965 terrain
638 4908 716 4965 illam
728 4909 780 4965 sub
797 4909 897 4966 umbra
951 4909 1155 4977 intromittatis,
1167 4907 1195 4965 td
1206 4908 1289 4965 nobis
1300 4922 1357 4964 uon
1371 4907 1540 4979 displicebit,
1552 4907 1638 4963 salvis
1651 4913 1746 4963 taineu

122 4979 193 5035 testrl
206 4980 329 5037 nominis
343 4980 508 5053 gubernari,
529 4986 558 5035 et
576 4986 712 5052 rogantes
729 4979 896 5048 affectuose,
953 4980 1035 5038 nobis
1048 4980 1078 5036 iu
1100 4978 1234 5036 omnibus
1254 4977 1345 5035 leodis
1364 4985 1394 5035 et
1414 4978 1538 5035 servitiis
1558 4977 1662 5033 nostae
1684 4976 1747 5032 sine

123 5056 242 5115 mictum
269 5064 433 5122 possumus,
460 5056 601 5120 quatenus
627 5050 713 5106 celsae
740 5050 898 5121 majestatis
952 5051 1119 5132 quaestione,
1133 5057 1162 5106 et
1196 5048 1337 5106 aaudoea
1353 5046 1744 5104 liabercvolemns.Etscia·

124 5126 209 5175 seiae
223 5122 302 5192 regia
320 5128 445 5192 potestas
459 5120 561 5177 intuitu
574 5120 662 5192 Regis
677 5134 788 5191 regum,
804 5127 833 5175 ct
848 5135 897 5191 pro
933 5176 936 5185 ,
952 5128 990 5177 tis
1003 5119 1080 5192 quod
1094 5119 1130 5176 de
1145 5064 1221 5176 nulla
1238 5119 1426 5190 promissione
1442 5116 1619 5198 volumuslio
1634 5115 1691 5172 lice
1703 5113 1744 5171 al·

123 5181 214 5245 bonore
232 5198 340 5247 sanctia
362 5190 461 5247 matris
485 5190 620 5246 Ecclesiae
637 5203 671 5245 ac
693 5191 775 5262 regni
799 5191 895 5259 vestri,
952 5190 1268 5263 larioncsligari,qaia
1302 5204 1382 5245 nerra
1395 5196 1565 5260 nostratium
1575 5201 1603 5242 iii
1615 5191 1748 5257 promptu

123 5259 211 5315 terrain
223 5260 386 5331 predictam
399 5260 435 5318 ed
444 5259 617 5317 oblationem
629 5265 658 5317 et
671 5258 896 5333 resignationem
951 5268 1005 5329 est,
1021 5261 1066 5319 vel
1082 5268 1192 5332 treuga,
1212 5275 1268 5316 ooii
1279 5205 1364 5316 {uret
1376 5258 1449 5314 inter
1463 5273 1516 5314 uos
1530 5265 1558 5312 et
1574 5270 1671 5328 regent
1687 5260 1745 5313 ilu-

122 5322 293 5387 dicticomitis
302 5332 462 5403 recipialts3
475 5338 504 5388 et
513 5330 664 5386 invenietis
676 5344 728 5387 nos
739 5338 767 5387 et
779 5338 898 5387 cremnos
952 5332 1028 5458 ΞΙίω,
1043 5331 1098 5387 nisi
1113 5330 1148 5386 ab
1162 5330 1278 5388 iiistauti
1291 5329 1399 5387 Pasclia
1413 5329 1440 5384 in
1454 5342 1541 5384 unum
1555 5341 1673 5382 aunum.
1687 5328 1747 5383 llec

124 5396 238 5477 taletas
250 5410 363 5471 paratos
373 5402 450 5459 vireu
460 5399 729 5459 nostraselluudere
740 5401 766 5457 in
780 5401 835 5457 boc
845 5416 895 5459 oe·
971 5410 1033 5461 ecel
1053 5416 1117 5469 nos,
1130 5408 1161 5457 ut
1175 5400 1287 5472 aliquas
1306 5400 1449 5472 impiisias
1464 5397 1613 5463 iaciamus,
1628 5398 1696 5478 quin
1711 5395 1748 5453 ad

123 5471 189 5548 toto
201 5483 248 5539 pro
261 5470 350 5538 vobis,
365 5479 395 5528 et
410 5470 571 5542 expendere
582 5471 647 5542 quic
668 5469 715 5526 uid
730 5472 858 5529 Ecclesia
868 5473 896 5527 iii
951 5472 1147 5529 detonsionem
1169 5478 1294 5528 nostram
1312 5478 1341 5527 et
1357 5469 1439 5540 regni
1455 5480 1638 5549 summopere
1652 5473 1745 5523 uiten-

124 5537 297 5602 pnrtibnsillis
307 5539 446 5597 liubetvel
456 5547 500 5597 est
510 5539 650 5597 habitura.
715 5548 897 5599 statuentem
952 5541 1019 5599 dere
1031 5542 1190 5611 valeamus,
1205 5542 1301 5598 oninia
1315 5540 1370 5598 alia
1385 5545 1502 5612 negotia
1518 5545 1613 5595 nostra
1628 5545 1745 5610 prater·

125 5608 193 5663 terro
205 5610 333 5667 ecclesiae
342 5619 370 5669 et
383 5611 495 5668 comitis
509 5619 538 5669 et
549 5618 657 5681 nostro,
673 5610 809 5670 latoribus
822 5626 894 5684 prm·
952 5614 1106 5671 mittentes.
1124 5634 1135 5663 ι
