4014 6224
128 306 183 369 rsa
755 310 982 379 srrsronar.
1005 312 1083 387 nm.
1106 266 1195 377 v1.=
1456 397 1463 403 ,
1542 402 1554 415 ,
1717 316 1782 391 loc

133 464 307 546 presbyter
321 468 517 543 cardinalis,
528 469 607 551 tunc
618 466 816 546 apostolica
832 469 928 532 Sedis
982 470 1016 534 et
1043 471 1211 535 ordinatio
1240 473 1418 552 pertinere.
1449 478 1533 551 Quia
1555 493 1636 558 ergo
1658 483 1775 547 eadem
1825 542 1830 550 .

134 565 272 642 legatus,
282 582 347 643 pro
359 568 432 628 suis
442 566 633 628 excessibus
644 565 685 627 ad
697 566 813 629 sedem
820 568 930 642 Apos-
982 566 1161 641 abbatissa,
1176 570 1209 632 et
1228 586 1370 646 sorores,
1388 589 1479 650 spem
1494 576 1535 638 ad
1549 578 1775 654 provisionem

136 663 269 724 tolicam
283 663 483 735 destinarat,
498 663 559 725 tibi
574 662 753 741 prohibens
770 677 929 741 expresse
982 663 1085 736 tuam,
1101 665 1188 728 sicut
1202 667 1334 741 dicitur,
1355 672 1545 745 erexerunt,
1564 668 1692 738 iirmam
1711 677 1776 740 ba-

137 775 181 821 ne
200 759 292 836 ipsos
306 759 434 837 absque
457 760 576 823 litteris
592 758 793 837 apostolicis
817 758 927 821 conti-
982 759 1097 823 benles
1110 762 1277 837 fiduciam,
1292 767 1378 843 quod
1392 768 1453 829 sub
1468 770 1774 848 circumspectionis

136 856 294 918 nantibus
314 858 490 920 veritatem
512 857 690 933 reciperes,
713 856 787 916 sine
806 856 928 933 hujus·
982 857 1047 918 tuae
1063 874 1154 931 cura,
1171 861 1399 937 spiritualibus
1412 866 1445 926 et
1457 866 1694 944 temporalibus
1709 872 1772 934 de-

137 954 228 1015 medi
256 954 380 1016 litteris
412 954 579 1032 recepisti.
614 954 776 1015 Caeterum
808 952 840 1014 te
870 967 930 1029 per
982 953 1083 1016 beant
1097 956 1258 1032 prolicere
1272 950 1455 1022 institutis:
1475 966 1723 1040 monasterium,
1740 969 1775 1031 et

136 1067 271 1112 murum
296 1066 356 1128 pro
387 1050 484 1112 domo
511 1049 644 1112 Domini
666 1064 734 1110 non
758 1064 929 1126 opponens
983 1050 1091 1111 locum
1115 1053 1262 1129 ipsarum
1285 1054 1320 1116 in
1341 1057 1508 1132 praedictis
1535 1059 1596 1122 tibi
1616 1063 1772 1128 duximus

138 1146 930 1223 ascendentibusexadversoetremissusinjus
983 1149 1262 1233 committendum,
1299 1152 1533 1217 discretionem
1569 1159 1660 1221 tuam
1694 1177 1770 1225 mo-

136 1245 212 1307 titia
227 1245 427 1318 exbibenda,
443 1244 579 1307 Venetis
597 1242 832 1305 bannientibus
856 1243 928 1304 cle·
983 1247 1111 1320 nentes,
1141 1247 1174 1309 et
1198 1230 1258 1325 per
1284 1250 1506 1327 apostolicam
1534 1254 1650 1318 Sedem
1663 1248 1772 1321 ,inan-

135 1343 240 1412 ricos,
253 1343 290 1403 in
309 1342 558 1404 subversionem
568 1340 732 1403 libertatis
746 1338 929 1401 ecclesias·
983 1341 1110 1415 dantes,
1125 1344 1288 1420 quatenus
1300 1347 1335 1407 in
1347 1346 1400 1408 his
1413 1349 1566 1412 omnibus
1581 1368 1694 1417 curam
1706 1372 1774 1419 mo·

136 1438 214 1501 tica
228 1455 296 1500 non
307 1440 449 1512 resistis,
467 1440 525 1501 sed
547 1438 740 1501 dissimulas
751 1436 877 1514 potius;
894 1437 931 1498 ut
983 1439 1124 1501 nasterii
1141 1443 1315 1505 memorati
1336 1444 1490 1524 recipias,
1510 1448 1546 1511 et
1561 1450 1772 1528 regulariter,

136 1535 287 1597 videaris
300 1534 469 1598 societatis
480 1534 617 1598 occultae
628 1533 783 1611 scrupulo
795 1548 862 1597 non
872 1548 931 1594 ca·
983 1535 1171 1612 prudenter,
1187 1554 1247 1615 per
1258 1539 1291 1602 te
1304 1556 1345 1602 ac
1358 1540 1479 1605 iratres
1493 1545 1621 1609 ordinis
1636 1548 1684 1613 tui
1698 1550 1774 1613 stu·

134 1645 213 1693 rere
234 1652 245 1691 ε
265 1632 344 1693 dum
361 1631 537 1693 manifesto
560 1630 702 1693 facinori
725 1629 851 1693 desinis
866 1628 928 1690 ob·
983 1632 1062 1694 deas
1081 1648 1254 1709 exercere;
1271 1636 1319 1699 ita
1338 1638 1435 1714 quod,
1449 1640 1536 1703 sicut
1548 1641 1589 1704 de
1606 1643 1639 1705 te
1658 1661 1776 1724 spera-

134 1728 244 1798 viare,
256 1728 361 1790 multa
375 1727 512 1805 insuper
525 1728 641 1790 contra
655 1725 833 1810 pastoralis
850 1724 929 1787 orb·
982 1730 1113 1803 verunt,
1134 1732 1303 1809 reperiant
1323 1734 1360 1796 in
1379 1735 1509 1810 effectu,
1526 1741 1559 1801 et
1576 1755 1596 1801 a
1616 1743 1685 1804 Deo
1703 1760 1775 1805 me·

136 1824 183 1887 cii
196 1824 344 1886 debitum
362 1825 430 1886 alia
452 1824 611 1897 reterens,
633 1840 707 1902 qum
727 1824 862 1899 longum
875 1838 931 1886 es·
982 1826 1095 1899 ritum,
1112 1844 1151 1889 ac
1165 1844 1185 1889 a
1201 1828 1296 1890 nobis
1310 1832 1447 1907 gratias,
1461 1849 1503 1895 ex
1515 1834 1578 1896 hoc
1587 1836 1648 1898 tibi
1658 1837 1774 1903 valeas

136 1925 190 1984 set
211 1921 431 1999 presentibus
458 1923 632 1989 annotare.
654 1922 705 1982 Ne
728 1921 831 1996 igitur
849 1920 930 1987 tacti
983 1939 1188 2002 comparare.
1217 1926 1335 1988 Datum
1360 1928 1479 2004 alatri,
1510 1933 1587 1994 XIV
1613 1933 1774 1999 kalendas

135 2018 253 2080 dolore
273 2019 383 2081 cordis
401 2019 603 2081 intrinsecus
617 2017 728 2080 dicere
745 2017 928 2095 compella·
979 2021 1079 2098 junii,
1095 2021 1306 2099 pontificatus
1321 2025 1426 2087 nostri
1444 2041 1531 2088 anno
1546 2030 1652 2091 sexto.

135 2115 927 2195 murzdelebimusbominemquemcreavimus;

137 2213 380 2275 fraternitatem
400 2214 492 2275 tuam
517 2228 691 2275 monemus
714 2213 748 2273 et
770 2211 930 2273 exhorta-

135 2325 215 2371 mur
229 2310 264 2372 in
275 2311 413 2372 Domino
423 2309 682 2387 parapostolica
694 2309 818 2386 scripta
832 2324 930 2368 man-
1454 2320 1457 2325 ·

8 2450 10 2485 ,
135 2407 256 2469 dantes
270 2408 430 2484 quatenus
446 2407 481 2467 in
495 2406 548 2467 bis
567 2408 602 2468 et
616 2406 652 2467 in
671 2406 748 2467 aliis
766 2406 800 2467 te
820 2405 930 2482 ipsum
1011 2480 1015 2487 ι
1297 2396 1464 2487 CLXXX
1593 2396 1597 2411 ¹

135 2503 253 2567 taliter
267 2504 415 2579 corrigas
436 2504 469 2564 ei
485 2503 650 2575 emendes,
665 2501 823 2563 insistens
835 2501 930 2563 solli·
983 2555 1036 2615 Λα
1046 2557 1077 2615 P
1099 2555 1112 2616 t

135 2601 203 2663 cite
218 2599 328 2662 cilicio
342 2600 513 2678 pastorali,
531 2615 613 2677 opus
634 2598 695 2660 tibi
717 2598 929 2659 commissum
961 2680 962 2683 Ἴ
1079 2568 1204 2628 erum’
1220 2558 1453 2621 &mmmm
1469 2563 1773 2639 mmmmm·

134 2696 334 2774 adimplens,
355 2699 392 2759 ut
410 2698 552 2759 securim
579 2692 794 2758 intructuosm
814 2694 929 2763 arbori
1204 2688 1206 2697 '
1270 2697 1305 2753 le
1319 2697 1387 2754 mali
1403 2699 1483 2757 liii.

135 2810 305 2872 apponere
319 2809 385 2855 non
407 2809 581 2870 cogamur3
598 2794 725 2854 utinam
749 2792 859 2854 autem
881 2792 930 2853 sic
991 2884 994 2887 Ι
1032 2814 1167 2887 [conquas
1179 2816 1252 2876 rata,
1268 2832 1294 2883 p.
1310 2818 1523 2885 mamerciis
1532 2823 1572 2882 tt,
1582 2823 1657 2893 epist.
1670 2780 1727 2885 als,

136 2891 325 2968 objurgatio
341 2891 424 2963 baec,
448 2891 536 2952 circa
564 2890 804 2951 infructuosam
828 2888 928 2949 ficul-
1306 2897 1450 2965 taraces]

134 3004 236 3049 neam
265 2987 396 3059 s0d01'ib
420 2987 496 3048 fimo
521 2986 737 3049 correctionis
766 2985 927 3064 allll⁰⁸it⁰2
984 3008 1100 3067 liandat
1126 3010 1153 3067 ei
1172 3011 1314 3068 ilonorius
1330 3019 1370 3082 ut,
1391 3015 1511 3085 pecunia
1533 3024 1631 3075 mutuo
1645 3028 1772 3093 sumpta,

135 3085 225 3162 quod
240 3084 383 3146 fructum
396 3083 514 3144 afferat
526 3083 733 3161 requisitum,
752 3083 785 3143 et
804 3082 930 3143 succidi
1067 3111 1177 3154 moram
1191 3099 1336 3156 vicesima
1345 3101 1514 3175 colligenda,
1533 3113 1695 3176 ppoeveprpt,

133 3196 203 3242 non
238 3180 358 3243 debeat
389 3180 425 3242 in
460 3179 620 3241 futurum.
654 3180 773 3241 Datum
807 3178 927 3250 Alatri,

134 3281 195 3339 xv
209 3277 372 3340 monus
388 3276 476 3354 aas
495 3276 706 3354 antaeus
719 3275 825 3337 ,aa
985 3232 1773 3413 actitantiumdimitti

132 3375 243 3437 sexto.
1489 3377 1497 3406 ⁹
1530 3378 1538 3394 ⁶
1681 3341 1772 3416 gato,

984 3426 1135 3499 salutem,
1152 3427 1216 3488 etc.

1023 3524 1104 3584 cum
1139 3524 1299 3586 vicesima
1330 3525 1517 3603 colligenda
1549 3530 1661 3608 colligi
1698 3535 1773 3598 sine

440 3610 628 3699 CLXXIX
984 3635 1078 3682 1110OE
1114 3635 1181 3682 1¹0ss
1214 3621 1339 3698 possit,
1373 3627 1406 3685 et
1432 3639 1526 3687 mora
1555 3628 1653 3690 valde
1682 3633 1774 3707 peri-

196 3767 247 3828 Λα
263 3764 421 3827 abbatem
438 3766 480 3824 dc
498 3766 620 3825 Stobera
635 3762 871 3825 Ctstcrcteimts
976 3718 1100 3792 *cuma
1131 3718 1175 3779 Sit
1202 3718 1267 3793 ipsi
1295 3719 1445 3793 n⁹g⁰fi⁰⁹
1474 3725 1688 3797 Pfaefleflfiuffl
1711 3728 1771 3790 tibi

463 3860 606 3920 ordinas.
985 3814 1181 3876 auctoritate
1196 3814 1402 3884 mandamus,
1418 3817 1581 3894 quatenus
1595 3822 1771 3896 pecuniam

986 3911 1127 3972 dandam
1144 3911 1381 3987 stipendiariis,
1392 3914 1517 3986 mutuo,
1531 3914 1604 3977 sine
1614 3916 1774 3982 dilatione

421 3988 455 4047 ¹9
469 3987 538 4046 ¹¹¹³st
556 3988 634 4046 ¹²²²·
985 4007 1139 4084 recipias,
1160 4007 1194 4069 et
1206 4006 1359 4069 fidelibus
1378 4024 1438 4085 pro
1460 4011 1619 4087 jamdicto
1639 4017 1773 4091 negotio

285 4112 440 4178 transque,
452 4112 520 4163 aar.
532 4110 645 4169 caure,
659 4108 702 4169 lv,
714 4106 782 4170 ²3⁰]
985 4104 1230 4167 decertantibus
1243 4104 1442 4167 'festinatum
1465 4122 1670 4185 succursum,
1686 4115 1774 4177 sicut

131 4239 239 4307 Abbati
255 4237 292 4296 de
307 4236 424 4307 Sicben,
439 4236 632 4293 visitationem
653 4240 681 4291 et
695 4248 794 4291 curam
813 4246 929 4289 monas·
986 4201 1174 4312 msnfflgit’
1204 4201 1338 4263 stadim
1368 4202 1551 4314 ᾶθῗῆῑὶέΐθν
1582 4206 1774 4285 brummout

169 4327 234 4385 terii
250 4325 418 4383 monialium
429 4322 465 4381 de
479 4324 565 4381 Sacra
577 4322 658 4382 Valle
673 4320 869 4381 cisterciensis
882 4333 928 4376 or·
986 4297 1130 4360 d0b1t1¹ffl
1147 4297 1316 4360 soluturus
1331 4298 1371 4359 (ῙΘ
1385 4312 1543 4363 Vlceslma
1555 4303 1688 4366 interim
1702 4308 1774 4370 col-

168 4415 245 4473 dinis
259 4414 289 4470 in
302 4411 498 4487 spiritualibus
511 4418 539 4467 et
552 4408 756 4482 temporalibus
767 4407 927 4465 committit.
984 4394 1128 4471 ligenda.
1144 4395 1212 4456 NOS
1237 4396 1348 4457 autem
1362 4395 1406 4463 te,
1428 4412 1468 4458 ac
1485 4397 1562 4460 illos
1574 4402 1630 4477 qui
1652 4404 1693 4464 ad
1709 4404 1774 4468 hcc

172 4548 312 4611 Dilectm
328 4548 363 4608 in
378 4545 509 4607 cbristo
530 4544 608 4604 tiliae
640 4541 807 4605 abbatissa
828 4541 860 4602 et
875 4555 931 4602 so-
983 4491 1355 4599 mutuumdedm'de
1366 4492 1605 4603 vicesimaipsa
1620 4499 1772 4573 ⁰⁰¹¹⁰⁰tb

129 4661 229 4710 rores
241 4645 284 4706 de
297 4646 400 4705 Sacra
409 4642 504 4705 Valle
518 4588 747 4701 cisterciensis
761 4634 927 4717 [ordinis],
982 4589 1036 4650 ⁸³⁰¹
1048 4588 1156 4651 “dmm
1169 4588 1304 4666 pmpter
1316 4589 1379 4650 ¹¹⁰⁰
1394 4589 1590 4667 ⁰⁰¹¹¹80¹1d³‚
1599 4595 1773 4663 indemnes

129 4743 232 4805 nobis
246 4739 420 4803 humiliter
431 4737 670 4815 supplicarunt,
687 4735 725 4797 ut
736 4750 851 4797 earum
863 4749 930 4795 mo·
982 4685 1531 4862 ffiffssffibw’kalfffflg
1559 4694 1771 4848 concedente.

129 4839 322 4902 nestorium
336 4834 531 4906 visitationi,
548 4836 582 4895 et
601 4831 828 4902 sollicitudini,
850 4845 930 4891 nec-
1234 4827 1242 4856 ’
1412 4829 1419 4844 ·
1534 4832 1543 4860 ν
1582 4805 1648 4851 ”¹1⁰
1662 4794 1769 4855 sexto·

129 4951 201 4999 non
221 4936 256 4998 et
274 4935 341 4995 tuae
361 4930 570 5009 dispositioni
591 4929 626 4990 in
641 4918 881 5006 spiritualibus,
897 4929 931 4988 et
1022 4926 1066 4984 In
1079 4925 1236 4984 eumdem
1257 4926 1396 4986 modum
1423 4925 1623 4990 Bituricensi
1640 4931 1773 4993 archie-

127 5029 374 5109 temporalibus
396 5027 600 5090 committere
626 5026 855 5103 dignaremur;
882 5024 928 5085 ita
982 5020 1118 5097 piscopo
1130 5020 1163 5081 et
1176 5020 1332 5081 Remensi
1347 5021 1607 5103 archiepiscope,
1620 5030 1659 5088 A.
1674 5029 1707 5089 S.
1722 5028 1773 5090 le-

128 5129 236 5191 etiam
248 5126 285 5187 nt
295 5125 337 5188 ad
351 5126 384 5187 te
394 5123 510 5186 debeat
522 5137 738 5200 personarum
751 5119 925 5193 institutio,
981 5116 1079 5193 gatis.

167 5311 214 5386 (l)
231 5313 320 5370 Petro
333 5308 369 5367 de
378 5307 516 5368 corbolio.
