3930 6206
91 294 139 355 701
683 287 911 348 EPISTOLAE.
935 287 1013 348 ΙιΙΒ.
1038 288 1093 349 ΙΧ.
1650 293 1711 354 702

91 462 181 513 nuare
189 444 352 517 curarunt,
372 442 457 522 quod
477 458 591 505 eorum
606 444 726 507 civitas
746 445 860 508 multi·
914 446 1078 523 qrratenns
1091 445 1132 508 ad
1148 445 1389 508 monasterinm
1403 447 1513 523 ipsum
1526 450 1712 524 personali-

90 540 390 627 plexdetrimentnm
407 541 549 603 incurrit
567 557 611 602 ex
628 546 666 603 e'o
691 542 778 619 quod
793 558 860 603 una
915 544 966 604 ler
991 544 1198 612 accedentes,
1226 543 1425 622 impendatis
1449 546 1480 607 ei
1507 546 1710 609 visitationis
1784 590 1796 609 ι

90 659 155 723 pars
169 644 235 718 eJus
250 641 298 701 est
312 641 430 699 vestrae
451 638 679 715 jurisdictioni
699 638 858 716 subjecta.
915 640 1061 703 officinm
1076 641 1149 703 rice
1169 643 1293 713 nostra,
1320 643 1353 703 et
1367 642 1528 705 babentes
1539 660 1608 720 prae
1623 660 1709 706 ocn-

90 740 169 804 Unde
183 734 272 799 nobis
285 736 454 797 humiliter
470 735 710 813 supplicarunt,
729 738 765 798 ut
786 753 859 797 cum
915 738 958 799 lis
988 739 1096 799 solum
1124 741 1239 811 Deum,
1264 740 1441 825 corrigatis
1468 743 1500 801 et
1520 740 1710 803 reformetis

88 837 197 900 utilitas
209 833 336 911 publica
349 833 496 909 graviter
506 849 550 894 ex
563 833 755 911 hujusmodi
773 834 861 894 divi·
915 835 1038 896 ibidem
1050 837 1119 898 tam
1134 836 1168 896 in
1184 838 1292 912 capite
1303 853 1401 913 quam
1417 838 1451 899 in
1465 838 1622 899 membris
1637 855 1710 916 quae

88 1030 225 1093 obtinetis
240 1028 274 1088 in
288 1030 382 1105 parte
402 1027 560 1104 praedicta
580 1027 675 1089 vobis
689 1030 722 1089 et
742 1028 859 1088 Eccle-
914 1032 958 1093 tis
972 1030 1135 1106 indigere,
1153 1046 1192 1091 ac
1213 1046 1343 1108 eaquae
1366 1048 1425 1108 pro
1447 1033 1554 1110 ipsius
1571 1032 1637 1094 loci
1652 1048 1712 1093 re-

87 1128 136 1189 sia
148 1129 260 1188 vestrae
291 1125 397 1186 velint
413 1126 757 1201 recompensationem
779 1140 862 1185 con·
915 1126 1113 1189 formatione
1129 1127 1292 1189 duxeritis
1315 1130 1490 1190 statuenda
1506 1129 1637 1191 faciatis
1651 1130 1711 1191 ilr-

85 1240 186 1303 gruam
206 1221 374 1293 exhibere,
398 1238 459 1283 nos
483 1222 525 1283 ad
547 1225 620 1299 eJ'us
636 1222 861 1298 receptionem
916 1226 1014 1286 miter
1032 1225 1213 1286 observari.
1244 1226 1521 1299 Contradictores,
1537 1231 1599 1289 etc.
1618 1227 1710 1300 Quod

85 1320 224 1383 inducere
233 1318 457 1395 dignaremur.
472 1318 614 1396 Ideoque
625 1319 860 1381 discretionem
916 1323 945 1383 si
959 1339 1026 1383 non
1045 1337 1196 1399 omnes...
1213 1324 1333 1385 Datum
1357 1324 1526 1397 Laterani,
1543 1326 1587 1386 Vl
1601 1340 1711 1386 nonas

83 1418 209 1479 vestram
223 1412 420 1477 monendam
441 1415 644 1488 induximus
662 1417 696 1477 et
720 1415 861 1477 hortan-
916 1420 1071 1492 octobris,
1089 1436 1178 1482 anno
1199 1434 1299 1482 nono.

86 1515 148 1576 dam
162 1529 218 1590 per
232 1513 422 1589 Apostolica
437 1512 531 1574 vobis
552 1513 677 1590 scripta
699 1513 862 1573 mandan-

85 1613 135 1681 tes,
149 1610 305 1687 quatenus
329 1608 454 1670 eisdem
469 1608 597 1671 civibus
612 1625 671 1670 vos
693 1610 728 1670 in
756 1608 808 1670 bis
829 1610 863 1671 et

85 1708 150 1769 alns
160 1709 313 1784 qnantum
328 1707 443 1768 salvo
430 1722 519 1783 Jure
544 1722 584 1768 ac
603 1706 731 1768 honore
746 1706 859 1767 eccla·
1265 1723 1365 1810 XHI

84 1804 254 1865 siavastrae
268 1786 432 1882 poteritis,
446 1803 633 1866 exhibeatis
657 1792 861 1864 favorabiles

83 1902 110 1962 at
119 1899 280 1977 benignos
297 1902 416 1964 Datum
437 1901 605 1974 Laterani,
621 1902 683 1963 Xll
696 1900 861 1962 kalendas
915 1882 1117 1944 Ᾰᾱαῦὒᾶῖθδ
1138 1885 1180 1944 de
1202 1885 1402 1957 Nepomocn
1425 1884 1503 1945 ordi
1503 1887 1559 1945 llll
1579 1876 1649 1946 018!
1635 1884 1713 1946 ter-

85 1997 223 2071 octobris,
237 2014 328 2060 anno
341 2015 441 2060 nono
956 1983 1092 2051 cieusw,
1107 1980 1140 2041 et
1154 1983 1195 2041 de
1213 1980 1347 2052 ostreo,
1374 1984 1564 2058 Propensts
1585 1985 1712 2044 duace-

955 2080 1038 2139 sr'se
1040 2078 1293 2152 tprcepositum
1306 2080 1572 2141 olomucensem.

1202 2209 1220 2266 i
1232 2208 1326 2267 octob.
1339 2209 1418 2268 itti.

1034 2328 1154 2395 [Booten
1167 2331 1229 2381 God:
1243 2332 1306 2397 dipl.
1322 2330 1451 2393 blorariae,
1469 2333 1502 2393 li,
1520 2330 1589 2397 ltu]

916 2456 1164 2527 Nepomucensem
1186 2464 1215 2514 et
1234 2458 1448 2516 Ostrcwensem
1463 2456 1580 2517 abbates
1593 2466 1621 2516 et
1640 2473 1714 2531 prae

953 2547 1075 2617 positum
1101 2542 1319 2604 Olomncensem
1345 2546 1380 2603 ad
1407 2545 1572 2621 eligendum
1607 2563 1714 2606 novum

354 2624 475 2683 toctob.
489 2626 569 2684 titi.
844 2693 850 2703 ,
952 2635 1118 2709 episcopum
1130 2636 1306 2708 pragensem
1321 2636 1499 2693 consiiiarius
1519 2622 1657 2709 providet.

216 2738 313 2804 [Μὴ
324 2739 471 2799 christinus,
484 2740 552 2803 Μ’
565 2739 627 2789 Μ·
639 2738 707 2804 ’Μ
957 2769 1125 2831 Honorius
1134 2769 1321 2846 episcopus,
1329 2786 1445 2831 servus
1456 2786 1628 2833 servorum
1637 2771 1709 2844 Dei,

43 2914 46 2921 ,
79 2852 241 2913 iiismandat
255 2862 289 2913 nt
313 2855 469 2913 Rotonensl
492 2856 667 2913 monasterio
690 2855 863 2913 visitationis
917 2866 1046 2928 dilectjs
1062 2866 1140 2926 fflijs
1154 2867 1231 2927 dg„
1259 2867 1465 2943 propomam,
1481 2868 1714 2930 Cistgrcjengig

317 2943 443 3002 ΟΜΝΗ
454 2944 630 3017 impendam·
917 2964 1045 3026 ordinis
1058 2965 1127 3025 et...
1141 2963 1180 3024 de
1196 2965 1315 3025 Ostrov
1329 2963 1514 3035 abbatibus,
1532 2966 1712 3040 Pragensis

423 2248 500 2334 XII

81 2399 124 2458 Ad
131 2399 335 2461 meantium
347 2401 554 2475 episcopum,
565 2402 734 2462 monerem
746 2399 780 2460 ct
790 2413 862 2460 mo·

112 2496 252 2571 obtusus
266 2501 462 2559 scholarum
475 2499 797 2585 qenomenertstum.

111 3054 271 3123 Honorius
281 3061 468 3140 episcopus,
480 3078 596 3124 servus
607 3078 779 3123 servorum
789 3061 860 3135 Dei,
918 3060 1082 3132 dioecesis,
1098 3061 1181 3123 et...
1207 3059 1423 3137 praepositum
1448 3060 1712 3134 olomucensem,

78 3159 247 3220 venerabili
276 3160 386 3221 fratri·
400 3160 557 3237 episcopo
572 3158 605 3221 et
632 3159 762 3222 dilectis
784 3159 862 3220 filiis
917 3157 1058 3220 salutem
1079 3159 1113 3220 et
1126 3158 1351 3237 Apostolicam
1365 3156 1641 3219 benedictionem.

79 3250 190 3317 decano
202 3260 235 3319 et
249 3257 410 3332 magistro
426 3256 615 3319 scholarum
631 3258 864 3318 Cenomanen-
956 3255 1171 3317 attendentes
1197 3255 1336 3316 multum
1363 3254 1521 3331 expedire
1550 3254 1714 3330 Pragensl

79 3350 163 3425 sium,
195 3354 338 3416 salutem
375 3355 409 3416 et
439 3353 663 3431 apostolicam
699 3352 861 3415 benedic·
917 3353 1078 3425 ecclesiae,
1106 3354 1144 3414 ut
1170 3352 1265 3413 bonae
1293 3352 1501 3412 memoriae...
1533 3352 1715 3427 Pragensis

78 3447 198 3511 donem.
917 3451 1105 3528 episcopus,
1127 3450 1184 3528 qni
1205 3465 1313 3526 usque
1337 3449 1379 3509 ad
1398 3450 1537 3510 mortem
1565 3451 1715 3527 proetus

109 3546 241 3613 Auditos
266 3549 472 3630 subditorum
499 3564 618 3625 graves
645 3548 678 3611 et
709 3563 862 3610 enormes
917 3547 1232 3618 libertatecertavit,
1249 3547 1514 3622 virnmexpertm
1529 3545 1714 3623 probibatis

78 3656 221 3706 excessus
246 3662 315 3707 non
343 3661 518 3723 possumus
541 3645 636 3707 salva
658 3644 862 3706 conscientia
917 3644 1038 3707 habeat
1063 3659 1302 3713 successorem,
1332 3644 1493 3718 Pragensi
1514 3643 1661 3720 capitulo
1678 3643 1713 3704 in

77 3738 255 3818 relinquere
270 3743 487 3814 indiscussos,
512 3742 698 3819 praesertim
714 3759 788 3803 cum
804 3758 864 3819 per
917 3742 1117 3804 celebranda
1133 3741 1296 3803 electione
1308 3740 1475 3817 pontilicis
1487 3756 1557 3812 vos,
1575 3740 1615 3801 de
1630 3755 1714 3816 quo-

77 3850 183 3910 graves
200 3840 426 3917 honestasque
453 3854 614 3917 personas
643 3839 686 3899 ad
713 3843 862 3900 nostram
916 3855 990 3900 rum
1001 3838 1211 3917 providentia
1234 3837 1382 3913 gerimus
1406 3836 1560 3896 fiduciam
1583 3836 1716 3912 specia-

76 3933 271 3998 andientiam
298 3935 521 4014 perferuntur.
548 3938 635 3997 Sane
653 3936 862 3997 venerabiles
916 3936 992 4009 lem,
1007 3935 1218 3997 consiliarios
1232 3933 1387 3994 duximus
1400 3932 1633 4010 providendos,
1646 3932 1715 3994 eis-

75 4026 184 4093 fratras
198 4033 307 4096 nostri
319 4033 538 4106 Redonensis‚
552 4033 714 4105 Dolensis,
731 4033 860 4095 Maclo-
917 4050 980 4112 qua
994 4048 1054 4110 per
1065 4032 1189 4108 scripta
1198 4034 1314 4093 nostra
1329 4029 1570 4100 mandavimus,
1583 4032 1620 4092 ut
1635 4045 1711 4091 cum

75 4126 200 4202 utensis,
216 4131 408 4193 Briocensis
424 4133 457 4193 et
475 4130 697 4192 Tricoriensis
714 4130 861 4208 episcopi
916 4130 1057 4193 consilio
1072 4133 1184 4190 vestro
1203 4143 1392 4205 personam,
1409 4143 1482 4206 quae
1506 4129 1599 4189 tanto
1628 4143 1713 4188 con-

72 4224 133 4298 jam
146 4228 293 4289 secundo
312 4227 382 4288 suis
408 4226 504 4288 nobis
527 4226 647 4290 litteris
665 4225 863 4288 intimarunt
916 4231 1016 4306 gruat
1030 4228 1124 4289 oneri
1143 4229 1176 4288 et
1189 4226 1321 4298 honori,
1343 4224 1407 4286 sibi
1422 4225 1599 4300 eligantia
1623 4224 1715 4301 episd

73 4322 151 4397 qnod
167 4324 408 4386 monasterium
423 4326 612 4387 Rotonense
627 4323 710 4385 adeo
725 4323 776 4385 est
789 4323 862 4385 dis·
916 4342 1035 4403 copum
1050 4326 1271 4401 etpastorem,
1288 4338 1327 4384 ac
1341 4338 1417 4385 eum
1433 4338 1508 4384 cum
1524 4321 1652 4398 aliquot
1671 4336 1716 4383 ex

74 4417 208 4482 solutum
223 4422 261 4482 in
283 4420 391 4498 capite
406 4436 446 4483 ac
472 4421 508 4481 in
527 4419 695 4492 membris,
712 4423 749 4482 ut
768 4420 862 4482 nulla
916 4421 1115 4487 electoribus
1144 4423 1216 4498 ejus
1251 4419 1508 4480 examinandum
1532 4420 1566 4480 et
1592 4418 1716 4480 conflr-

72 4513 178 4580 ibivel
205 4519 340 4581 modica
366 4521 519 4580 servatur
545 4518 711 4594 regularis
735 4518 863 4580 ordinis
916 4519 1073 4580 mendum
1101 4518 1142 4578 ad
1171 4519 1318 4578 nostram
1350 4517 1468 4577 curent
1501 4515 1714 4593 praesentiam

73 4612 255 4691 disciplina,
272 4616 353 4693 quin
372 4616 439 4676 imo
455 4615 607 4692 personis
627 4616 863 4677 commoranti·
917 4616 1097 4678 destinare.
1115 4614 1257 4690 Ideoque
1275 4613 1469 4674 discretioni
1485 4615 1604 4673 vestrae
1625 4627 1714 4688 prae-

71 4707 127 4772 bus
137 4712 171 4774 in
183 4713 302 4775 eodem
316 4712 436 4774 deditis
451 4712 701 4775 incontinentiae
716 4713 810 4785 vitio,
822 4728 862 4773 ac
917 4714 1061 4775 sentium
1085 4711 1284 4773 auctoritate
1312 4709 1520 4782 mandamus,
1549 4710 1713 4787 quatenus

72 4809 311 4883 negotiationes
325 4809 645 4871 etaliamonasticae
662 4808 863 4885 professioni
917 4811 958 4872 ad
984 4812 1090 4888 ipsam
1117 4808 1294 4871 ecclesiam
1321 4807 1528 4878 accedentes,
1552 4805 1713 4867 studeatis

70 4919 201 4980 prorsus
216 4907 389 4969 contraria
417 4905 660 4975 exercentibus,
689 4906 772 4966 odor
785 4906 862 4967 vitae
917 4908 1024 4969 solnm
1040 4909 1144 4967 Deum
1159 4905 1283 4967 habere
1298 4920 1367 4981 prae
1391 4904 1510 4975 oculis,
1534 4902 1661 4964 otialis
1676 4902 1712 4962 in

70 5000 228 5076 invitam,
245 5004 304 5081 qui
316 5003 357 5065 de
371 5003 444 5064 loco
457 5003 529 5081 ipso
545 5003 727 5080 antiquitus
743 5018 863 5080 proce·
917 5008 989 5083 ejus
1000 5004 1145 5080 eligatur
1159 5003 1362 5079 episcopum,
1379 5000 1465 5078 quod
1481 5016 1556 5061 eum
1571 4999 1714 5075 Aposto·
1798 5037 1802 5045 ·

69 5095 172 5172 debat,
189 5101 378 5162 inodorem
392 5101 519 5172 mortis,
535 5100 571 5161 in
591 5100 729 5163 mortam
748 5102 862 5162 muta-
917 5100 982 5164 lica
999 5102 1099 5162 Sedes
1124 5099 1242 5161 debeat
1265 5098 1382 5159 merito
1407 5095 1602 5174 approbare.
1620 5094 1712 5166 Quod
1784 5095 1789 5108 “

69 5195 156 5258 tione
170 5196 356 5259 damnabili
370 5199 421 5259 est
448 5213 642 5259 conversus.
665 5198 746 5257 Cum
761 5197 864 5273 igitur
917 5200 946 5260 si
959 5215 1026 5260 non
1039 5213 1154 5260 omnes
1167 5196 1220 5257 bis
1233 5195 1455 5272 exsequendis
1471 5192 1643 5270 potueritis
1658 5192 1714 5253 in-

68 5289 226 5356 instantia
242 5296 358 5356 nostra
373 5294 566 5372 quotidiana
586 5295 630 5355 sit
643 5295 861 5356 ecclesiarum
917 5298 1054 5367 teresse,
1072 5295 1137 5356 duo
1158 5295 1305 5356 vestrum
1321 5307 1361 5353 aa
1375 5290 1594 5352 nibilominus
1609 5304 1712 5351 exse·

70 5392 215 5455 omnium
245 5391 434 5453 sollicitudo
462 5391 632 5461 continua,
666 5391 861 5453 discretioni
917 5395 1071 5472 quantur.
1099 5393 1218 5454 Datum
1245 5388 1412 5461 laterani,
1431 5389 1475 5448 ΙΙΙ
1500 5401 1605 5447 nonas
1620 5388 1713 5449 octo-

68 5487 185 5551 vestraa
211 5503 275 5567 per
299 5488 490 5566 Apostolica
512 5488 635 5567 scripta
650 5488 860 5561 mandamus,
917 5490 997 5563 bris,
1014 5482 1347 5567 ponuncatus'nostrt
1364 5500 1452 5548 anno
1466 5498 1565 5545 nono.
