3930 6206
89 395 137 458 649

90 550 191 615 encre
205 548 355 608 Romanae
374 543 531 606 Ecclesiae
555 543 735 607 bisantium
751 560 852 605 unum

90 642 326 712 censusnominc
347 641 611 718 semproniensis
635 642 777 703 ecclesia
802 645 854 704 te-

89 746 187 808 neatur
200 739 376 802 exsolvere.

120 842 264 904 Utautem
278 837 397 913 majori
412 837 507 912 parte
521 836 668 912 gaudere
681 836 800 913 possis,
818 835 853 896 in

87 940 231 1018 posterum
263 933 345 994 fines
373 934 584 1010 episcopatus
615 935 854 1010 Eorcsempro-

88 1033 194 1098 nIensis
203 1031 256 1094 tibi
268 1031 399 1108 tuisque
412 1031 661 1092 successoribus
675 1031 854 1092 confirma·

87 1131 247 1205 mus;sicut
255 1128 375 1189 linibus
384 1129 467 1204 ipsis
476 1128 564 1189 idem
573 1126 854 1205 episcopatusdis·

85 1228 237 1304 tinguitur,
246 1226 278 1287 et
286 1224 548 1302 praedecessores
561 1225 610 1286 tui
621 1241 678 1287 eos
692 1240 796 1301 usque
811 1224 852 1285 ad

86 1325 145 1387 bac
158 1327 296 1400 tempora
310 1322 554 1384 rationabiliter
567 1321 755 1399 possedisse
768 1337 852 1383 nos·

84 1423 193 1493 cuntur,
209 1421 321 1496 utique
335 1419 418 1481 fines
431 1417 515 1482 tales
528 1421 617 1490 sunt,
633 1418 800 1496 incipiunt
810 1432 853 1479 ex

84 1518 282 1595 parleremo
296 1516 370 1599 rivo
384 1515 516 1594 maiori,
535 1515 592 1577 ubi
615 1516 718 1578 intrat
731 1516 766 1576 in
781 1517 854 1577 Me·

82 1617 193 1677 taurum
207 1614 265 1676 sub
279 1614 378 1691 ponte
393 1614 507 1677 Sancti
522 1613 679 1692 Cypriani
692 1614 726 1676 et
736 1628 855 1674 ascen·

84 1713 122 1776 dit
132 1728 184 1790 per
197 1713 302 1789 ipsum
316 1712 426 1775 rivum
442 1728 547 1790 usque
562 1711 603 1774 ad
618 1711 768 1773 Trivium
781 1709 853 1773 Sui·

80 1810 210 1882 lanaria,
234 1812 267 1873 et
290 1809 463 1872 descendit
480 1809 517 1870 in
542 1808 651 1871 riuum
672 1808 851 1885 putridum,

80 1907 271 1984 ascenditque
295 1922 356 1984 per
378 1907 530 1969 eumdem
552 1906 663 1968 rivum
682 1921 786 1984 usque
812 1906 853 1967 ad

79 2004 165 2064 adum
176 2005 293 2076 rivum,
309 2004 367 2082 qui
389 2005 529 2065 vocatur
544 2004 657 2076 Dulce,
679 2004 712 2065 et
728 2018 787 2080 per
802 2004 855 2079 ip*

79 2101 251 2163 sumrirum
277 2100 447 2179 usquead
471 2102 614 2163 montem
640 2100 727 2172 Aldi,
755 2102 788 2162 et
803 2101 854 2162 sic

77 2199 206 2261 ascendit
231 2214 291 2276 per
318 2199 508 2260 Thesanum
533 2214 637 2275 usque
665 2200 706 2260 ad
729 2198 853 2259 terram

78 2295 260 2369 Urbinatam,
277 2296 517 2358 descendentes
532 2312 595 2373 per
609 2297 742 2373 pontem
757 2294 855 2357 Mau·

76 2408 138 2454 rum
156 2395 312 2465 veterem,
334 2394 582 2471 ascenduntque
605 2409 711 2470 usque
735 2393 776 2454 ad
805 2394 855 2454 ri·

75 2506 139 2551 rum
150 2492 347 2563 candiliani,
364 2493 397 2554 et
412 2491 460 2553 sic
473 2491 594 2554 durant
604 2506 663 2570 per
678 2491 784 2569 ipsum
800 2491 852 2551 ri·

74 2604 139 2649 uum
166 2605 271 2666 usque
292 2589 329 2649 in
363 2588 470 2650 rocem
499 2591 606 2651 Petrae
639 2590 792 2666 pertusae,
820 2590 854 2650 et

73 2686 281 2750 transilientes
306 2702 366 2764 per
388 2688 533 2749 montem
562 2688 658 2748 Ferri
680 2688 854 2749 transeunt

73 2784 212 2861 usquead
229 2784 422 2862 Spongiam,
439 2786 472 2845 et
483 2782 609 2845 vadunt
622 2799 726 2860 usque
748 2784 790 2844 ad
804 2785 853 2845 ri-

73 2895 138 2940 uum
148 2882 265 2944 montis
276 2882 401 2954 Casuli,
414 2881 447 2942 et
456 2882 698 2958 transeuntper
708 2882 853 2943 castrum

73 2977 192 3039 Noricle
205 2979 246 3041 ad
262 2980 423 3042 Sanctum
434 2978 581 3040 blasium
595 2980 628 3040 et
640 2979 718 3039 binc
730 2994 850 3039 ascan-

71 3071 141 3136 dunt
162 3075 201 3137 ad
225 3078 388 3139 sanctum
411 3078 558 3146 Petrum,
582 3077 615 3137 et
638 3091 801 3152 campum,
819 3076 853 3137 et

68 3168 259 3236 descendunt
269 3173 313 3235 ad
324 3175 452 3250 apicem
463 3173 594 3245 nibelli,
605 3172 853 3250 ascenduntque

69 3280 120 3340 per
131 3267 250 3331 lessam
266 3271 375 3332 sancti
397 3270 514 3343 Marci,
531 3286 636 3347 usque
662 3269 702 3331 ad
720 3285 851 3332 crucem

67 3366 162 3427 tancti
175 3368 327 3439 Martini,
341 3367 419 3429 inde
433 3368 639 3430 descendunt
655 3383 715 3445 per
729 3368 852 3429 iossam

68 3459 214 3536 bulionis,
236 3467 271 3528 et
295 3465 439 3537 Farasti,
465 3465 649 3527 ascendunt
669 3465 711 3527 ad
728 3466 851 3527 fossam

66 3557 274 3637 Varangulae,
306 3562 348 3623 ad
376 3564 498 3624 senum
527 3562 568 3623 ad
597 3564 722 3624 terram
751 3564 850 3625 sala-

66 3654 135 3727 tam,
163 3661 343 3737 emergunt
360 3660 394 3722 et
415 3660 464 3722 sic
485 3660 607 3723 durant
625 3677 731 3738 usque
757 3663 846 3721 Cen-

65 3766 138 3823 suae‚
166 3760 200 3819 et
234 3757 425 3821 ascendunt
457 3758 494 3818 in
524 3758 666 3819 Neulam
699 3761 852 3834 Brunga-

65 3846 188 3924 larsem,
211 3857 246 3916 et
272 3855 355 3916 binc
381 3870 486 3932 usque
512 3855 554 3915 ad
582 3855 851 3916 susaunumilu-

62 3945 152 4020 rium,
176 3952 395 4013 transeuntes
419 3967 480 4028 per
502 3954 708 4029 Gamajorem
734 3968 853 4014 ascen-

63 4040 134 4106 dunt
157 4046 192 4108 in
223 4048 353 4110 terram
375 4047 580 4121 Boccabelli,
605 4049 639 4110 et
659 4048 708 4110 sic
731 4048 852 4110 durant

62 4153 154 4218 usque
167 4144 202 4205 in
217 4145 368 4207 montem
382 4145 471 4218 Bilii,
485 4151 518 4206 et
531 4145 705 4208 transeunt
719 4162 778 4223 per
790 4150 853 4209 Ro·

62 4240 162 4301 retium
172 4243 207 4302 in
222 4245 403 4305 Ferratum
418 4242 525 4318 Longi
540 4259 644 4320 usquc
659 4243 701 4304 ad
715 4244 851 4305 trivium

59 4334 173 4412 Peossi,
190 4341 225 4402 et
237 4339 427 4402 ascendunt
441 4340 481 4401 ad
502 4355 634 4401 crucem
649 4341 756 4404 sancti
769 4344 853 4401 Bar-

59 4432 120 4506 toli,
132 4439 166 4497 et
177 4438 228 4499 sio
243 4454 308 4516 per
318 4439 442 4500 terram
457 4437 634 4498 Morellam
647 4437 852 4499 descendunt

57 4527 87 4590 in
99 4532 206 4596 rivum
219 4536 335 4607 callii,
348 4536 396 4597 sic
409 4551 514 4613 usque
532 4534 565 4595 in
579 4534 777 4607 Metaurum,
795 4535 849 4612 qui

56 4628 172 4701 primus
188 4633 271 4695 tlnis
283 4634 348 4696 est.
718 4656 721 4663 ⁴

86 4728 144 4789 tus
166 4734 286 4793 antem
306 4730 497 4807 episcopale
511 4730 546 4789 in
561 4729 725 4801 ecclesiis,
739 4729 773 4790 et
788 4744 849 4790 ca-

53 4822 152 4897 pellis,
170 4827 295 4889 sivein
310 4826 535 4897 monasteriis,
550 4826 681 4898 castris,
698 4828 731 4888 et
747 4826 848 4898 villis,

51 4934 118 4995 qua
131 4923 223 4986 inira
238 4925 307 4986 bos
317 4924 401 4985 fines
412 4924 636 4995 continentur,
648 4923 719 4996 tibi,
732 4924 765 4985 et
779 4939 851 4985 suo

51 5021 237 5082 cessoribus
253 5022 326 5084 tuis
340 5012 495 5081 duximus
517 5020 790 5093 confirmandum,
808 5022 852 5083 si·

49 5115 99 5176 cut
114 5118 171 5194 jus
191 5118 310 5196 ipsum
323 5118 553 5179 antecessores
566 5117 615 5177 tui
626 5117 717 5193 juste
735 5119 848 5194 perci-

48 5224 123 5284 pere
150 5215 415 5276 consueverunt.
447 5214 615 5275 Praeterea
651 5216 848 5277 seutentiam

46 5322 138 5383 quam
159 5312 228 5390 piae
249 5311 497 5374 recordationis
519 5310 744 5387 praedecessor
765 5329 848 5374 nos-

45 5405 92 5465 ter
118 5408 321 5470 Alexander
346 5410 377 5469 ΙΙ
405 5408 446 5469 de
467 5408 562 5484 plebe
589 5409 703 5470 sancti
722 5410 849 5471 Joban-

43 5504 103 5573 uis,
128 5523 206 5584 quae
228 5506 358 5567 dicitur
374 5506 415 5566 de
432 5505 610 5574 sorbitulo,
624 5522 699 5568 cum
717 5509 847 5569 caeteris

43 5604 193 5666 ecclesiis
224 5604 272 5665 de
302 5617 412 5665 massa
440 5602 607 5665 sorbitulo
632 5603 722 5665 inter
750 5602 847 5667 bonae

42 5703 212 5765 memoriae
224 5700 448 5765 Benedictum
461 5700 739 5781 praedecessorem
752 5703 846 5765 tuum

663 386 892 448 EPISTOLAE.
915 387 993 446 LIB.
1016 387 1102 447 VIII.

1640 380 1701 441 650

907 539 1704 622 ForosamproniensemetGuillelmumsenogal-

907 643 1049 704 liensem
1064 642 1238 719 episcopos
1252 642 1400 719 protulit,
1427 642 1460 702 et
1474 655 1547 707 eam
1562 637 1702 715 privile·

908 740 956 816 gii
981 740 1164 802 munimine
1188 740 1368 810 roboravit,
1396 739 1504 801 ratam
1528 735 1699 807 babentes

908 837 1058 898 eamdem
1074 837 1202 914 plebem
1217 854 1291 897 cum
1304 836 1451 913 praelatis
1466 834 1629 907 ecclesiis,
1644 832 1703 893 de-

908 935 1015 1005 cimis,
1037 934 1259 996 oblationibus
1273 934 1436 1004 vivorum,
1460 948 1499 994 ao
1525 932 1701 992 detuncto-

908 1048 982 1094 rum
997 1034 1030 1094 et
1056 1031 1363 1093 consecrationibus
1383 1030 1561 1101 universis,
1581 1029 1642 1090 tibi
1667 1028 1702 1089 at

907 1129 1058 1192 ecclesiae
1073 1132 1139 1192 tuae
1153 1130 1344 1205 apostolica
1362 1128 1559 1190 auctoritate
1573 1126 1700 1188 contir-

908 1243 1047 1299 mamus,
1063 1230 1097 1289 et
1106 1227 1281 1304 praesentis
1296 1226 1412 1303 scripti
1425 1224 1600 1302 privilegio
1616 1240 1702 1285 com·

907 1325 1090 1400 munimus3
1103 1325 1152 1386 Ad
1165 1327 1326 1402 majoram
1347 1325 1457 1385 autem
1472 1321 1623 1383 ecclesiae
1635 1322 1702 1382 tuae

908 1422 1084 1494 cautelam,
1101 1422 1207 1499 ipsius
1222 1421 1397 1483 sententiae
1411 1421 1552 1482 formam
1567 1417 1653 1480 sicut
1666 1417 1702 1478 in

909 1522 980 1598 ejus
995 1520 1186 1581 authentico
1202 1519 1401 1590 continetur,
1422 1521 1518 1597 cujus
1536 1519 1632 1579 tenor
1648 1515 1702 1576 ta-

908 1619 951 1681 lis
963 1619 1037 1680 est:

949 1719 1057 1789 Quum
1072 1715 1107 1777 in
1123 1716 1183 1778 Dei
1197 1716 1433 1794 omnipotentIs
1448 1714 1594 1785 nomine,
1606 1714 1705 1776 etre-

908 1813 1059 1875 verentia
1074 1814 1108 1874 in
1124 1815 1338 1876 sacrosancto
1349 1812 1566 1875 Lateranensi
1580 1811 1703 1888 palatio

908 1910 1062 1972 dominus
1084 1926 1170 1988 papa
1193 1911 1382 1973 Alexander
1396 1927 1471 1973 cum
1491 1908 1702 1988 quampluri-

908 2007 971 2069 mi's
998 2008 1162 2071 resideret
1187 2008 1365 2086 episcopis,
1381 2023 1521 2086 quorum
1544 2007 1599 2068 bic
1627 2008 1705 2067 sunt

908 2106 1056 2177 nomina,
1069 2122 1142 2182 quae
1158 2109 1358 2184 sequuntur:
1372 2108 1409 2166 In
1423 2106 1539 2183 primIs
1550 2104 1704 2165 dominus

909 2203 1136 2275 ildebrandus,
1157 2205 1281 2266 sanctae
1294 2207 1453 2265 Romanae
1469 2202 1626 2264 Ecclesiae
1641 2218 1702 2264 ar-

909 2300 1138 2368 chidiaconus,
1166 2315 1228 2361 nec
1255 2316 1322 2360 non
1351 2301 1384 2362 et
1407 2299 1559 2360 dominus
1585 2301 1703 2360 Petrus

908 2397 1090 2458 Damianus
1116 2397 1278 2458 Ostiensis
1302 2396 1453 2458 ecclesiae
1468 2397 1654 2474 episcopus,
1672 2400 1705 2458 et

909 2497 945 2555 b.
963 2494 1155 2556 Bonitacius
1167 2494 1366 2555 albanensis
1382 2494 1568 2571 episcopus,
1584 2496 1618 2554 et
1639 2494 1704 2555 do-

908 2592 1018 2653 minus
1041 2591 1235 2653 Mainardus
1263 2591 1456 2663 sutriensis,
1485 2592 1519 2652 et
1541 2593 1579 2652 Ι).
1607 2594 1703 2666 Hugo

908 2688 1154 2766 Eugubinensis
1169 2689 1320 2750 ecclesiae
1340 2689 1526 2766 episcopus,
1543 2688 1577 2749 at
1591 2688 1702 2749 domi-

908 2801 972 2847 nus
986 2786 1180 2847 Mainardus
1193 2785 1705 2858 Urbiuatensis,etdominusAr·

907 2883 1029 2944 duinus
1056 2883 1217 2945 Fanensis
1241 2884 1427 2960 episcopus,
1453 2887 1487 2945 et
1510 2886 1547 2944 b.
1569 2883 1705 2945 Guillel·

907 2997 981 3041 mus
1010 2980 1234 3042 Humanensis
1262 2981 1450 3057 episcopus,
1486 2982 1520 3043 et
1547 2981 1702 3043 dominus

906 3080 1002 3154 Hugo
1015 3077 1192 3139 calliensis
1207 3078 1392 3154 episcopus,
1416 3081 1448 3140 et
1470 3077 1623 3139 dominus
1638 3080 1707 3139 Do-

907 3176 1049 3237 minicus
1065 3174 1277 3236 Pisaurensis
1287 3176 1473 3252 episcopus,
1488 3177 1523 3237 et
1533 3177 1569 3236 b.
1584 3176 1704 3237 Loiba·

906 3274 977 3334 rius
989 3273 1248 3335 auximanensis
1276 3273 1427 3334 ecclcsiae
1454 3274 1641 3351 episcopus,
1669 3274 1703 3337 et

907 3370 966 3431 alii
981 3371 1205 3448 quamplures,
1226 3372 1415 3447 inquorum
1441 3372 1588 3433 omnium
1610 3387 1701 3448 prae-

907 3469 1015 3531 sentia
1044 3484 1186 3545 surgens
1214 3469 1411 3530 Guillelmus
1441 3468 1702 3545 senogalliensis

906 3565 1230 3644 episcopus,inqnit;
1244 3568 1382 3628 Domine
1401 3568 1495 3644 pater
1506 3567 1700 3640 reverende,

906 3664 1255 3725 vestraasanctissimae
1266 3679 1453 3740 conqueror
1469 3664 1585 3739 pietati
1602 3681 1703 3741 super

906 3760 1009 3822 tratre
1023 3762 1138 3822 nostro
1166 3760 1346 3822 Benedicto
1370 3760 1700 3837 Forosamproniensi

906 3857 1072 3934 episcopo,
1093 3857 1150 3934 qui
1177 3856 1351 3934 quamdam
1376 3856 1554 3918 ecclesiam
1576 3859 1700 3918 nostrae

906 3954 1071 4025 diocesis,
1099 3956 1195 4031 quus
1220 3953 1421 4015 vocabulum
1447 3953 1498 4015 est
1522 3952 1698 4027 lobannis,

906 4067 980 4128 quae
995 4051 1117 4113 dicitur
1129 4051 1164 4112 in
1178 4049 1357 4123 sorbitulo,
1373 4067 1448 4112 curn
1463 4051 1533 4112 suIs
1549 4052 1700 4115 ecclesiis

906 4148 1013 4210 eidem
1026 4163 1157 4221 massae,
1169 4164 1267 4225 quarn
1282 4148 1389 4221 nobis,
1403 4150 1436 4211 et
1448 4150 1570 4212 nostrae
1588 4150 1699 4212 eccle·

906 4244 966 4306 siae
977 4259 1073 4306 sacra
1086 4244 1266 4317 contendit,
1275 4247 1308 4307 et
1320 4244 1384 4306 sibi
1398 4246 1523 4307 temere
1537 4262 1700 4324 usurpare

905 4341 1165 4418 praesumpserit,
1192 4342 1279 4403 unde
1292 4342 1437 4404 uestram
1453 4343 1613 4421 deprecor
1626 4344 1701 4422 pie-

904 4440 1017 4511 tatem,
1034 4439 1071 4499 ut
1084 4442 1206 4501 nostrae
1222 4439 1372 4501 ecclesiae
1394 4441 1558 4517 Justitiam
1588 4442 1699 4505 tacere

905 4535 1098 4612 dignemini.
1110 4538 1202 4599 'func
1219 4536 1373 4598 dominus
1383 4540 1501 4600 Petrus
1518 4540 1699 4603 Damianos

905 4633 1005 4710 ooepit
1018 4648 1196 4710 exponere,
1222 4634 1385 4711 quatenus
1411 4635 1565 4697 dominus
1583 4636 1699 4700 Victor

905 4733 1028 4793 sanctae
1055 4733 1214 4795 Romanae
1235 4732 1393 4793 Ecclesiae
1421 4732 1570 4805 antistes,
1588 4735 1696 4795 Foro-

905 4827 1147 4905 samproniensi
1162 4827 1323 4901 ecclesiae,
1336 4831 1445 4891 motus
1464 4830 1590 4907 pietate
1608 4848 1695 4908 pau-

905 4926 1043 5001 pertatis
1058 4925 1216 5003 ejusdem,
1234 4942 1308 4988 cum
1324 4926 1473 5000 decimis,
1483 4928 1697 4990 etoblationi·

904 5015 966 5083 bus
977 5022 1144 5084 uniuersis
1153 5023 1342 5085 miserando
1350 5025 1562 5097 concesserit,
1571 5041 1697 5101 suoque

905 5118 1051 5180 dominio
1071 5119 1310 5196 mancipaverit
1323 5121 1471 5199 ejusdem
1500 5138 1619 5183 massae
1632 5126 1697 5184 Ec·

904 5216 1025 5279 clesias
1038 5215 1226 5289 universas,
1243 5218 1362 5279 ilsdem
1379 5218 1562 5280 redditibus
1582 5220 1697 5295 praeli·

902 5314 1000 5376 batis.
1018 5316 1089 5386 Quo
1103 5314 1379 5383 relerenteidem
1399 5316 1511 5377 caeteri
1521 5318 1694 5392 protestati

903 5411 989 5484 sunt,
1006 5410 1092 5489 quod
1114 5410 1186 5473 baec
1209 5428 1288 5474 vera
1312 5416 1399 5474 esset
1423 5413 1575 5476 assertio.
1602 5415 1694 5486 Quod

902 5509 1042 5571 audiens
1057 5509 1212 5570 dominus
1239 5525 1324 5587 papa
1349 5511 1539 5573 Alexander
1566 5515 1695 5578 cunctis

902 5605 1125 5679 audientibus,
1153 5606 1283 5683 placido
1312 5622 1370 5669 ore
1396 5607 1503 5685 lnquit
1529 5612 1645 5685 :Quod
1675 5630 1695 5675 a

903 5704 1147 5782 praedecessore
1171 5705 1285 5769 nostro
1310 5702 1405 5770 bonae
1434 5710 1602 5775 memoriae
1630 5711 1694 5773 de·
