3930 6206
109 305 171 365 alr

109 461 238 525 tatibus
257 462 395 541 provide
418 465 601 543 coaptatur.
618 468 699 530 (tum
720 485 800 547 ergo
822 471 906 533 duo-

111 560 288 622 denarium
303 563 539 625 canonicorum
553 581 727 629 numerum
740 567 776 628 in
792 568 903 629 eccle—

111 657 162 719 sia
177 660 303 731 vestra,
316 662 463 736 pensatis
476 665 548 738 ejus
561 662 784 735 facultatibus,
799 665 906 725 dune-

106 755 186 816 ritis
203 757 437 818 statuendum:
461 774 522 820 1103
545 761 665 821 vestris
680 761 832 837 precibus
847 763 903 822 in-

110 851 240 925 clinati,
262 854 419 917 statutum
443 855 644 932 hariusmodi,
664 858 750 920 sicut
768 859 905 935 provide

109 947 320 1022 factumest,
346 953 543 1014 auctoritate
561 955 752 1030 apostolica
776 957 904 1017 conflr-

108 1062 261 1120 mamm,
296 1050 330 1109 et
356 1051 529 1125 praeseutis
570 1053 685 1128 scripti
720 1052 904 1129 patrocinio

108 1144 365 1217 communimus,
383 1144 582 1217 inhibentes,
597 1163 639 1207 ne
650 1148 724 1225 quis
737 1148 778 1210 ad
794 1151 903 1225 majo·

106 1254 181 1300 rem
207 1257 383 1302 numerum
402 1258 461 1303 vos
479 1244 656 1320 compellat
675 1245 807 1317 invitos,
837 1247 902 1306 nisi

105 1335 224 1398 forsan
252 1339 335 1400 adeo
356 1342 588 1403 excrescerent
615 1342 720 1418 ipsius
753 1343 903 1405 ecclesiae

106 1432 298 1508 facultates
322 1436 407 1514 quod
432 1437 533 1498 etiam
558 1454 715 1499 numerus
738 1455 902 1515 persona·

105 1546 182 1592 rum
196 1531 367 1594 videretur
385 1534 503 1596 merito
522 1535 744 1612 ampliandus,
760 1537 853 1598 salvo
868 1539 903 1599 in

106 1616 264 1690 omnibus
287 1630 486 1706 Apostolicae
511 1632 605 1693 Sedis
630 1633 796 1695 mandato.
811 1634 903 1695 Nulli

105 1740 202 1801 ergo,
216 1727 293 1799 010,
310 1727 572 1790 confirmationis
589 1730 622 1791 et
637 1730 845 1791 inhibitionis
856 1731 904 1792 in·

105 1822 267 1898 ningere,
278 1825 339 1885 etc.
357 1825 392 1886 Si
408 1826 482 1902 quis
497 1828 619 1899 autem,
634 1828 696 1888 etc.
709 1830 905 1890 1101111110-

103 1920 229 1991 101001,
255 1922 299 1981 VI
328 1937 433 1983 nonas
453 1923 543 1997 maii,
562 1924 774 2001 pontificatus
798 1927 902 1987 nostri

105 2017 340 2081 aanooctavo.

444 2218 567 2305 dclii

125 2367 180 2427 Aa
202 2367 410 2436 conradum,
428 2368 659 2429 Poriuccsem
675 2372 881 2444 episcopum.

410 2497 428 2555 l
442 2497 601 2556 1110111221.

120 2618 332 2685 [8000001100.
345 2619 389 2670 des
401 2620 475 2679 ilist,
489 2621 557 2679 xlx,
568 2620 614 2671 lua
621 2640 628 2680 ;
643 2622 753 2686 1100031,
764 2621 811 2674 1111.
821 2622 888 2681 Vlli,

431 2699 505 2763 epist.
522 2700 589 2761 lli]

103 2807 144 2864 Ut
156 2804 321 2862 almaricus
335 2804 371 2862 de
383 2804 545 2863 Monteforti
557 2814 586 2864 et
600 2816 717 2879 patruus
729 2807 902 2880 0103110110,

141 2893 311 2951 0110001010
327 2907 378 2965 010
397 2892 463 2951 fidei
478 2896 595 2967 negotio
609 2897 732 2968 gravati,
750 2896 902 2953 subleven-

141 2988 199 3050 tur,
210 2981 290 3054 jubet
306 2982 448 3039 Honorius
462 2981 564 3038 iisdem
578 2982 747 3056 adjuvandis
762 2984 911 3061 provideri·

141 3084 178 3127 ex
191 3071 378 3127 ecclesiarum
393 3071 529 3128 vicesima
543 3071 664 3131 triennio
676 3072 822 3143 superiore
833 3087 904 3129 nou·

141 3158 213 3216 dum
233 3159 361 3216 00110010.

144 3285 317 3347 Ηο001103
339 3286 564 3362 0013000113...,
594 3284 780 3347 venerabili
807 3285 904 3349 fratri

101 3382 673 3460 0013000οΡ011001131,18100010,
683 3383 901 3455 salutemetc.

145 3483 198 3541 Ex
210 3481 305 3556 parte
320 3481 431 3542 dilecti
444 3481 504 3541 filii
518 3479 639 3542 nobilis
653 3480 825 3549 Amalrici,
841 3497 904 3541 co-

100 3577 199 3639 mitis
213 3578 370 3638 Tolosani
382 3576 443 3640 fuit
453 3577 657 3654 propositum
669 3594 781 3639 coram
796 3576 901 3651 nobis,

101 3675 195 3754 quod
210 3674 374 3737 liebertus
389 3675 428 3735 de
440 3677 530 3735 Bova
540 3678 573 3736 et
587 3675 719 3751 quidam
735 3676 795 3736 alii
809 3675 902 3736 mili-

100 3776 167 3844 tes,
200 3772 257 3849 qui
281 3771 344 3831 sibi
374 3786 432 3847 pro
459 3772 548 3833 certo
577 3772 684 3848 pretio
711 3772 746 3832 in
771 3773 903 3848 negotio

101 3869 232 3930 Christi
261 3869 388 3929 servire
411 3870 602 3942 juramento
631 3868 778 3944 praestito
804 3870 903 3929 tene·

98 3965 240 4039 bantur,
265 3966 360 4041 quasi
387 3964 448 4025 tilii
473 3965 595 4025 Effrem
610 3965 645 4025 in
661 3964 714 4025 die
728 3964 805 4029 belli
823 3981 904 4025 con-

99 4063 208 4134 versi,
224 4062 333 4139 posito
348 4062 383 4121 in
396 4064 487 4123 arcto
501 4063 615 4123 eodem
640 4063 770 4131 comite,
788 4063 903 4122 contra

95 4162 332 4237 jnramentum
355 4176 450 4219 suum
476 4159 539 4220 hoc
554 4158 686 4220 efficere
712 4158 900 4233 noluerunt,

99 4257 212 4318 donec
239 4256 418 4333 unicuique
442 4256 550 4318 dictus
573 4271 682 4316 comes
698 4256 732 4316 in
757 4256 904 4332 quinque

99 4354 224 4415 solidis
252 4368 312 4429 per
340 4352 429 4413 diem
461 4353 662 4430 promissum
702 4353 901 4428 stipendium

98 4450 346 4526 augmentavit.
364 4451 458 4511 Unde
484 4448 615 4511 anobis
641 4465 715 4509 cum
742 4450 901 4511 instantia

97 4547 291 4625 petebatur,
322 4549 359 4608 ut
385 4547 517 4608 eosdem
550 4546 673 4607 milites
701 4546 743 4606 ab
767 4546 900 4607 illorum

97 4645 254 4724 quinque
278 4642 459 4705 solidorum
488 4644 662 4704 exactione
689 4659 832 4715 cessare,
862 4658 902 4704 ac

91 4744 171 4820 jam
188 4741 363 4818 perceptos
377 4741 562 4812 restituere,
575 4740 820 4801 mandaremus.
836 4743 901 4802 Pro

95 4837 266 4916 praedicto
281 4853 413 4913 quoque
425 4837 575 4899 comitea
591 4836 687 4897 nobis
702 4838 764 4898 fuit
778 4838 902 4899 instan-

94 4937 156 4997 ter
169 4936 310 5012 petitum
334 4935 380 5006 ut,
404 4934 547 5010 qualiter
567 4935 638 5011 ipse
653 4934 757 5011 003311
772 4936 901 4995 solvere

95 5033 216 5095 debita
232 5032 439 5109 prolegom
453 5030 589 5108 praefato
605 5033 784 5103 contracta,
802 5033 835 5092 et
848 5047 904 5091 re-

93 5131 234 5192 dimere
261 5128 406 5189 maxime
434 5127 578 5188 nobilem
608 5128 717 5189 virum
750 5128 901 5189 comitem

94 5226 293 5289 ouidonam
307 5226 509 5286 avunculum
535 5240 643 5292 suum,
660 5225 717 5300 qui
733 5240 792 5300 pro
815 5240 854 5284 eo
868 5223 902 5283 in

92 5327 252 5403 quatuor
273 5321 419 5383 millibus
433 5321 593 5382 librarum
606 5321 693 5397 apud
706 5320 904 5382 ambianen·

92 5437 176 5483 sem
190 5419 360 5481 civitatem
376 5419 472 5480 obses
485 5419 606 5480 dicitur
620 5435 694 5479 cum
707 5417 904 5494 quibusdam

93 5519 184 5581 aliis
194 5515 351 5587 detineri,
372 5516 547 5599 providere
573 5515 834 5577 misericorditer
848 5515 904 5575 di·

88 5626 300 5693 gnaremur.
317 5616 397 5674 Cum
421 5614 532 5676 autem
560 5612 691 5690 plenius
720 5627 819 5689 quam
844 5627 906 5672 nos

712 305 942 373 EPISTOLAE.
965 315 1044 376 Lus.
1068 316 1153 378 VIII.

1694 324 1756 385 clu

959 476 1092 537 noveris
1105 476 1184 540 dicti
1197 478 1323 555 negotii
1337 479 1603 546 circumstantias
1618 483 1756 545 univer-a

960 588 1025 645 sas,
1041 575 1143 650 tuque
1158 575 1193 635 in
1207 578 1322 639 nostra
1343 579 1376 639 et
1400 578 1540 641 fratrum
1564 581 1754 642 nostrorum

959 672 1136 745 praesentia
1163 675 1388 751 proposueris,
1409 677 1496 753 quod
1517 678 1551 738 in
1568 679 1753 739 senonensi

959 768 992 827 et
1006 767 1202 843 quibusdam
1218 772 1293 832 aliis
1306 774 1487 849 provinciis
1500 775 1600 836 trium
1627 778 1751 851 praete-

959 865 1098 927 ritorum
1109 882 1271 929 annorum
1282 870 1440 931 vicesima
1454 873 1614 948 01000110
1625 889 1754 934 reman-

959 964 1049 1022 serat
1061 964 1258 1039 colligenda,
1271 965 1470 1029 fraternitati
1486 971 1552 1031 tuae
1566 986 1626 1046 per
1639 974 1752 1047 Apos-

959 1058 1059 1120 101100
1094 1062 1217 1139 3011010
1255 1064 1461 1136 mandamus,
1510 1069 1672 1142 quatenus
1712 1069 1753 1129 de

958 1158 1117 1219 vicesima
1137 1159 1209 1235 ipsa
1232 1163 1423 1223 necessitati
1447 1164 1593 1239 ejusdem
1623 1166 1753 1228 comitis

958 1255 1113 1316 Tolosani
1128 1258 1295 1329 consulas,
1317 1260 1349 1319 et
1372 1276 1473 1336 super
1494 1262 1554 1322 tali
1577 1262 1754 1338 provideas

959 1354 1227 1428 augmentatione
1239 1354 1407 1432 stipendii.
1418 1360 1515 1433 prout
1527 1358 1617 1418 illius
1630 1360 1753 1420 indem-

959 1450 1055 1511 nitati
1083 1452 1264 1512 seoundum
1288 1456 1391 1514 Deum
1421 1454 1546 1515 videris
1582 1456 1750 1532 expedire.

960 1549 1076 1609 Datum
1092 1549 1260 1621 Laterani,
1286 1553 1331 1613 IV
1345 1567 1451 1613 nonas
1469 1552 1559 1625 maii,
1584 1569 1672 1615 anuo
1696 1570 1754 1621 oc-

958 1645 1046 1706 tavo.

1298 1809 1415 1896 cclv

1017 1950 1069 2009 Ad
1080 1949 1235 2011 abbatem
1250 1951 1284 2011 01
1294 1954 1450 2025 priorem
1466 1955 1693 2028 Pipaoicuses

1063 2046 1099 2108 01
1108 2048 1337 2121 praepositum
1351 2051 1393 2110 de
1406 2052 1646 2127 Broudcburp.

1252 2169 1269 2226 6
1288 2170 1356 2227 maii
1376 2171 1454 2228 lati.

1121 2282 1275 2348 [chronicon
1288 2287 1518 2351 11011113801001,0Ι
1531 2286 1597 2352 las]

984 2389 1100 2448 blandai
1113 2398 1142 2448 ut
1154 2392 1183 2448 in
1196 2393 1313 2465 negotio
1328 2395 1494 2451 monasterii
1511 2393 1546 2451 de
1561 2391 1730 2467 ilseneburg

999 2478 1078 2552 juxta
1094 2487 1223 2538 tenorem
1235 2481 1363 2539 mandati
1377 2481 1534 2555 Apostolici
1550 2481 1715 2555 procedant.

998 2597 1168 2658 Honorius
1206 2598 1391 2676 episcopus,
1426 2615 1542 2660 servus
1580 2614 1753 2661 servorum

959 2694 1034 2765 Dei,
1062 2695 1192 2756 dilectis
1218 2695 1297 2756 filiis
1320 2696 1432 2757 abbati
1459 2698 1491 2758 et
1526 2697 1630 2773 priori
1652 2697 1755 2772 Piga-

958 2791 1077 2863 viensi,
1091 2792 1399 2868 Mersenburgeusis
1413 2793 1566 2854 dioecesis
1581 2796 1615 2855 et
1628 2809 1755 2871 praepo·

958 2889 1022 2949 sito
1046 2889 1086 2949 de
1108 2889 1333 2965 brandeburg,
1360 2891 1512 2962 salutem,
1529 2894 1591 2953 010.

998 2986 1145 3047 Dilectus
1177 2987 1266 3047 filius
1300 2988 1535 3049 Rochmannus
1569 2988 1753 3050 monachus

960 3084 1152 3145 monasterii
1178 3084 1219 3145 de
1244 3084 1437 3161 ilseneburg
1457 3101 1518 3146 sua
1544 3084 1640 3146 nohis
1663 3084 1752 3160 peti·

958 3179 1049 3240 tione
1062 3181 1271 3249 monstravit,
1287 3196 1387 3258 quum
1404 3184 1481 3257 0031
1500 3181 1753 3243 commissiones

958 3277 1070 3338 varias
1084 3277 1179 3339 bonae
1194 3279 1362 3339 memoriae
1376 3278 1612 3356 praedecessori
1625 3278 1752 3349 inutili

958 3374 1071 3446 abbas,
1086 3376 1119 3437 et
1131 3374 1235 3446 vobis,
1252 3375 1300 3436 fili
1320 3377 1412 3452 prior
1431 3377 1464 3439 et
1484 3377 1672 3454 praeposite,
1694 3376 1753 3437 de-

958 3472 1106 3555 derimus
1119 3473 1154 3533 in
1169 3473 1292 3534 virtute
1307 3472 1547 3536 ohedientiaein
1564 3474 1750 3552 praecptis,

959 3570 995 3631 ut
1019 3570 1201 3631 monachos
1227 3570 1357 3647 praefati
1384 3573 1588 3644 monasterii,
1610 3573 1668 3650 qui
1693 3588 1755 3650 per

958 3667 1182 3749 venerabilem
1209 3667 1344 3730 fratrem
1374 3672 1524 3731 nostrum
1552 3669 1752 3746 1110010101-

958 3781 1093 3840 gensem
1118 3765 1416 3842 archiepiscopum,
1442 3766 1573 3826 durnin
1600 3766 1751 3842 partibus

958 3863 1026 3921 illis
1050 3862 1227 3938 legationis
1250 3862 1359 3923 officio
1384 3862 1588 3938 fungeretur,
1616 3864 1751 3939 propter

959 3973 1037 4019 suos
1053 3974 1174 4034 pravos
1197 3974 1356 4020 excessus
1379 3959 1658 4021 excommunicati
1673 3958 1750 4021 fue-

958 4056 1037 4127 rint,
1059 4071 1099 4117 ac
1115 4056 1248 4117 demum
1269 4058 1437 4118 crescente
1458 4057 1608 4133 ipsorum
1628 4059 1751 4119 contu·

958 4154 1066 4214 macia
1080 4153 1263 4229 degradati,
1279 4154 1406 4215 tamdiu
1421 4153 1561 4230 pulsatis
1580 4155 1752 4241 campanis

958 4252 991 4313 et
1018 4250 1166 4311 candelis
1199 4250 1349 4313 accensis
1380 4252 1684 4314 excommunicatos
1713 4267 1753 4313 ac

957 4348 1155 4424 degradatos
1164 4349 1318 4410 nuntiare
1333 4348 1463 4429 publice
1475 4350 1648 4421 curaretis,
1657 4349 1751 4411 etla-

957 4446 1078 4507 ceretis
1099 4446 1225 4507 arotius
1251 4446 1382 4518 evitari,
1398 4446 1502 4507 donec
1517 4447 1654 4508 dimisso
1681 4462 1754 4508 mo-

958 4544 1104 4605 nasterio
1131 4542 1270 4618 praefato
1299 4558 1374 4604 cum
1402 4543 1523 4606 litteris
1553 4544 1675 4605 vestris
1710 4545 1753 4605 ad

956 4641 1179 4718 Apostolicam
1198 4640 1314 4701 Sedem
1337 4641 1544 4714 accederent,
1561 4642 1754 4702 misericor-

957 4738 1047 4799 diam
1077 4738 1224 4814 petituri,
1259 4740 1292 4798 et
1329 4737 1543 4800 defendentes
1578 4738 1752 4816 praefatum

957 4836 1207 4896 Rocbmannum
1220 4850 1240 4894 a
1255 4833 1540 4897 molestationibus
1550 4835 1751 4905 eorumdem,

959 4932 1112 4993 faceretis
1126 4931 1234 4992 eidem
1258 4932 1298 4993 de
1322 4931 1418 4993 bonis
1434 4933 1540 5010 ipsius
1558 4932 1752 4994 monasterii

959 5044 1105 5105 congrue
1119 5028 1300 5106 provideri,
1317 5031 1349 5089 et
1364 5030 1503 5106 praefata
1525 5029 1755 5091 excommuni-

959 5126 1100 5187 cationis
1122 5126 1287 5187 sentcntia
1310 5126 1467 5188 innovata
1487 5127 1587 5188 fuerit
1607 5128 1756 5203 postmo-

960 5224 1037 5285 dum
1062 5224 1095 5284 et
1115 5222 1284 5299 publicata
1312 5224 1348 5284 in
1375 5225 1524 5299 partibus
1549 5223 1753 5297 convicinis,

961 5319 1159 5397 praepositus
1179 5320 1257 5380 novi
1280 5321 1391 5397 operis
1402 5322 1437 5381 in
1450 5321 1546 5381 Halle
1561 5321 1756 5397 Magdebur·

961 5417 1075 5492 gensis
1103 5417 1257 5478 dioecesis
1278 5418 1335 5493 qui
1358 5433 1377 5477 a
1404 5417 1500 5477 nobis
1523 5419 1698 5495 acceperat
1721 5419 1761 5481 in

962 5514 1139 5584 mandatis,
1156 5518 1191 5577 ut
1212 5515 1368 5591 praefatas
1384 5515 1569 5576 sententias
1583 5515 1709 5579 faceret
1722 5517 1757 5579 in

962 5611 1116 5688 partibus
1139 5611 1209 5671 suis
1239 5611 1377 5673 firmiter
1396 5611 1578 5687 observari,
1606 5612 1760 5679 deserens
