3886 6214
268 291 329 357 soe
884 288 1060 369 nouonn
1082 288 1127 351 111
1147 288 1294 353 orrum
1816 299 1865 363 roo

227 450 396 523 evantes,
423 448 504 513 dicti
539 446 735 511 monasterii
766 446 948 513 monachos
976 462 1060 525 quo-
1114 444 1321 520 deslstentes,
1332 446 1466 525 injuriis
1476 449 1509 508 et
1519 449 1643 511 vestros
1657 450 1864 518 subditosarl·

267 546 441 613 dammodo
471 544 770 617 excommunicant,
795 544 873 605 dnm
896 545 947 607 eis
975 544 1060 609 elice
1114 543 1247 604 milibus
1256 544 1864 623 compescentes,fratrespraedictosnor

267 644 511 711 communicare
546 657 612 705 non
646 642 770 715 sinunt,
806 657 942 719 expuo
978 640 1059 703 illud
1114 640 1574 719 impediatisnecpatiamlni,
1591 645 1864 719 quantuminrobis

262 742 366 821 ,etiarn
381 742 493 803 evenit
506 740 757 811 inconveniens,
765 740 802 804 ut
812 739 876 816 ipsi
891 739 1058 811 monachi,
1116 736 1224 808 luerit,
1243 736 1285 799 ab
1305 737 1382 798 eliis
1401 738 1565 816 impediri,
1587 741 1750 816 quominus
1766 742 1865 806 Christi

267 837 481 916 quantumed
496 836 911 915 noo,J·udicenturjudicio
925 837 1061 901 ludaeo-
1115 833 1228 895 fideles
1261 850 1361 895 causa
1390 836 1562 907 orationis,
1595 853 1691 915 quum
1715 839 1863 912 voluerint

264 950 351 1006 rum,
367 936 402 998 ei
418 935 475 1012 qui
497 934 546 996 eis
568 934 814 995 communicant
833 934 869 999 io
892 934 1059 1011 praedictis
1114 946 1229 995 eorum
1240 931 1360 995 adeant
1369 933 1528 997 ecclesias
1538 935 1572 995 et
1581 933 1729 1010 capellas,
1737 938 1819 1010 grata
1827 937 1864 998 eis

243 1030 427 1109 'majorem
459 1030 837 1095 excommunicationem
869 1030 1056 1105 incurrunt,
1113 1026 1273 1111 subsidia·
1285 1031 1318 1090 et
1337 1029 1409 1106 pias
1430 1030 1656 1107 eleemosynas
1675 1031 1823 1106 erogando
1841 1034 1865 1094 et

260 1145 365 1207 ‚quam
377 1130 478 1192 otiam
492 1129 771 1191 excommunicati
783 1128 1058 1191 communicando
1112 1124 1266 1199 eligendo
1282 1126 1316 1187 in
1338 1127 1537 1195 senatoriis
1552 1128 1648 1205 Juxta
1661 1127 1779 1189 indulta
1792 1128 1865 1190 Sedis

264 1225 398 1288 inerant
412 1225 592 1288 incursuri.
608 1225 767 1289 Nolentes
779 1224 883 1302 igitur
897 1225 969 1289 hmo
983 1241 1059 1291 ore-
1112 1222 1310 1299 apostolicas
1339 1224 1555 1305 sepulturam.
1588 1224 1702 1287 Datum
1726 1224 1864 1293 Laterani,

263 1321 333 1386 bris
348 1323 389 1385 ad
403 1338 464 1389 nos
478 1322 680 1389 clamoribus
690 1325 761 1400 jam
776 1322 905 1400 perlata
917 1322 1058 1385 ulierrus
1112 1319 1262 1385 linones
1277 1321 1438 1401 januarii,
1459 1320 1667 1405 pontificatus
1686 1322 1783 1385 nostri
1798 1335 1865 1389 orno

264 1418 326 1483 sub
336 1419 601 1487 dissimulatione
611 1420 766 1495 transire,
784 1420 878 1485 robis
888 1420 1057 1487 universis
1112 1416 1263 1497 septimo.

264 1518 297 1585 et
318 1517 460 1597 singulis
481 1533 541 1597 per
560 1516 750 1595 apostolica
770 1518 895 1594 scripta
912 1518 1056 1583 menda·

262 1631 347 1691 mus,
381 1616 544 1695 quatenus
580 1614 771 1693 hujusmodi
805 1615 989 1681 sententias
1019 1616 1057 1679 in

261 1710 415 1779 irnudem
440 1711 692 1793 privilegiorum
715 1712 905 1779 nostrorum
926 1712 969 1779 de
990 1728 1058 1777 oae-
1454 1726 1563 1819 Xffl

261 1809 335 1874 tero
349 1825 415 1875 non
430 1809 558 1887 ieratis,
582 1809 660 1889 quin
679 1808 708 1875 si
730 1826 831 1888 super
849 1809 913 1875 boo
934 1810 976 1873 ad
996 1826 1057 1873 nos

263 1906 371 1975 denuo
396 1907 523 1971 clamor
554 1907 753 1981 ascenderit,
783 1922 850 1973 non
873 1908 1055 1984 poterimus
1238 1879 1291 1940 Ad
1304 1882 1487 1942 ²⁶⁷²²²³⁶Y⁸⁰⁸
1501 1881 1631 1944 ‘mu
1644 1881 1762 1955 fldem·

261 2004 515 2079 conniventibus
527 2004 634 2069 oculis
648 2003 866 2082 pertransire,
882 2005 963 2082 quin
977 2021 1057 2083 pro-
1380 2009 1533 2085 lijanuorii
1549 2011 1629 2070 liii.

261 2102 465 2179 mlllgatorffl
483 2101 602 2165 talium
621 2102 860 2167 mutentiarnm
878 2102 1056 2166 meritati)
1177 2132 1314 2197 [suam.
1327 2132 1390 2187 ω.
1402 2134 1458 2189 οω,
1473 2135 1615 2195 mmm,
1626 2150 1653 2202 p·
1666 2135 1720 2195 ῃ,
1731 2133 1823 2199 ΜΝ]

261 2198 373 2261 debita
387 2199 599 2275 castigemus.
612 2199 732 2263 Datum
747 2198 914 2273 Laterani,
932 2202 978 2263 ill
992 2199 1057 2265 lra-

260 2295 376 2357 10nd33
397 2296 558 2373 januam,
589 2295 801 2374 pontificatus
829 2296 935 2361 nostri
964 2312 1054 2360 anno
1110 2257 1252 2314 Honorius
1275 2256 1458 2316 commendat
1480 2258 1611 2318 ordinem
1639 2257 1866 2318 l'heutonicumln

1145 2345 1339 2419 recuperanda
1360 2348 1445 2405 dorm
1466 2348 1570 2407 Sancto
1593 2347 1764 2406 laborantem
1776 2344 1866 2404 munil-

262 2392 414 2471 ⁸⁹Pfi¹¹¹⁰·
1143 2435 1246 2493 erue
1259 2434 1511 2508 moenianum,
1526 2438 1670 2512 proporro
1685 2434 1848 2509 iringerur.
1915 2438 1919 2487 ;

613 2617 701 2704 XLI
1148 2570 1316 2633 Honorius
1324 2571 1510 2651 episcopus,
1520 2589 1638 2639 servus
1648 2568 1867 2639 serrorumllei,

1108 2667 1275 2733 universis
1290 2667 1414 2733 christi
1430 2669 1596 2747 fidelibus,
1616 2671 1658 2735 ed
1679 2685 1757 2749 quos
1774 2668 1868 2731 littere

260 2767 313 2827 Ad
325 2768 607 2843 archiepiscopos,
622 2770 811 2844 episcopos,
824 2770 972 2843 abbotcs,
988 2770 1051 2832 etc.
1107 2764 1182 2827 istae
1207 2765 1431 2844 pervenerint,
1457 2767 1600 2833 salutem
1624 2770 1657 2835 et
1678 2764 1868 2847 Apostolicam

533 2897 687 2973 ‘janum‘
703 2899 782 2959 Μ
1106 2860 1381 2927 benedictionem.

1147 2959 1196 3021 Ad
1224 2960 1270 3022 e'
1297 2960 1430 3025 leudam
1453 2961 1494 3024 de
1631 2979 1650 3025 0
1744 2957 1869 3024 manibus

337 3020 474 3086 [sum
483 3020 548 3077 ω’
562 3021 617 3073 ⁰¹⁶·
631 3022 731 3083 ruent..
744 3037 771 3087 Ρ·
785 3021 841 3085 ³²³⁹
855 3037 882 3077 '¹'
897 3022 967 3091 ‘m
1107 3057 1231 3119 terram
1243 2976 1348 3127 irllllnm,
1362 3074 1462 3136 qnam
1475 2978 1639 3125 nmis
1651 2979 1746 3125 {legans
1760 3057 1869 3119 umatus

259 3144 402 3207 Honorius
416 3153 494 3205 versi
514 3144 705 3218 parochianos
726 3145 881 3220 prohiberi,
901 3148 1053 3220 quominus
1107 3153 1241 3232 proprio
1257 3156 1421 3233 sanguine
1435 3159 1656 3231 consecrarit,
1675 3158 1762 3221 tanto
1775 3152 1870 3217 lortius

293 3231 402 3291 ordinis
411 3232 578 3295 rneutoniei
590 3234 728 3293 ecclesius
740 3232 929 3309 frequeniem,
944 3237 972 3297 el
985 3237 1052 3297 sub·
1107 3252 1139 3312 01
1166 3251 1324 3314 libentius
1347 3252 1468 3317 debent
1499 3255 1675 3318 intendem
1705 3248 1868 3317 Christiani,

293 3320 366 3379 ⁸⁵d¹⁸
393 3328 524 3396 ⁰f⁰fl²⁰¹2
541 3322 570 3380 ¹¹¹
593 3323 766 3383 meteri&
791 3323 854 3398 Ψ*
876 3326 1052 3399 “mmmm
1107 3350 1229 3427 quanto
1252 3350 1388 3428 propius
1418 3353 1451 3413 et
1476 3352 1614 3427 certius,
1648 3354 1685 3417 ut
1709 3360 1867 3430 speramus,

296 3416 433 3482 qum·
1106 3446 1254 3525 eiusdem
1264 3447 1363 3510 terrae
1373 3446 1528 3511 liberatio
1538 3450 1788 3529 appropinquet.
1799 3442 1871 3517 ouis

298 3544 466 3609 Honorius
474 3543 661 3623 episcopos,
671 3562 788 3609 servus
796 3562 968 3613 serrorum
978 3551 1049 3624 oei,
1106 3542 1180 3621 (luis
1201 3544 1291 3606 enim
1314 3545 1349 3606 11¹
1372 3544 1518 3609 adventu
1540 3548 1664 3610 summi
1688 3546 1782 3622 Redis
1803 3538 1872 3604 desi·

257 3640 504 3707 venerabilibus
512 3641 670 3707 iratribus
681 3643 953 3724 archiepiscopis,
966 3648 1052 3726 epis
1105 3641 1201 3703 derat
1214 3657 1288 3703 esse
1302 3642 1403 3715 tutus,
1419 3643 1455 3705 ut
1469 3642 1510 3704 an
1525 3659 1565 3706 oo
1582 3647 1715 3707 aetornae
1728 3635 1870 3707 felicitatis

257 3739 360 3817 copis,
396 3741 430 3803 ei
464 3739 595 3804 dilectis
626 3740 706 3805 flliis
740 3742 927 3817 abbatibus,
953 3747 1049 3824 prio-
1105 3737 1243 3817 proemio
1260 3742 1493 3817 consequatur,
1513 3740 1549 3803 in
1573 3741 1730 3805 instantio
1749 3731 1873 3803 necessi·

256 3836 361 3910 ribus,
378 3837 440 3900 eto.
1105 3836 1184 3898 tatis
1198 3836 1340 3900 articulo
1360 3853 1430 3899 suae
1449 3835 1546 3899 debet
1565 3837 1751 3903 devotionis
1771 3830 1871 3897 indicio

296 3934 801 4002 oraremdiieotorumniiorum
815 3937 956 4003 fratrum
969 3942 1050 4005 iios
1105 3931 1346 4004 demonstrare,
1363 3947 1500 3995 securus
1515 3934 1642 4015 utique,
1666 3933 1761 4013 quod,
1774 3931 1800 3994 si
1817 3929 1872 4004 ipso

256 4031 371 4107 pitalis
389 4033 519 4095 sancus
538 4032 655 4094 Marire
675 4033 956 4099 Tneutonicorum
974 4039 1050 4101 Hie-
1105 4029 1290 4107 opportuno
1305 4029 1634 4095 bonorumomninm
1652 4025 1871 4095 servieritis·

251 4127 487 4207 rosolymitani
509 4127 696 4205 recepimus
712 4132 941 4207 qnaestionem,
962 4136 1049 4212 quod
1103 4126 1615 4204 ilii0r1211¹111<lfl³msibidess⁸⁵0
1635 4128 1755 4206 Ρῡῒθΐῑῖ
1767 4132 1873 4186 merces

257 4224 391 4304 quidam
406 4226 555 4287 restrum
567 4225 789 4307 parochianos
804 4244 882 4291 suos
892 4230 934 4299 nd
947 4232 1050 4299 ecole-
1104 4239 1236 4300 magna,
1255 4239 1355 4301 quum
1368 4223 1411 4285 sit
1424 4225 1634 4301 omnipotens
1650 4226 1802 4288 Dominus
1818 4219 1874 4279 lar·

256 4321 325 4385 sias
340 4323 373 4384 et
385 4320 530 4399 capellas
545 4321 684 4387 fratrum
699 4323 847 4400 ipsorum
859 4341 963 4393 causa
977 4345 1050 4392 ora·
1103 4321 1259 4398 pissimus
1269 4320 1461 4393 retributor,
1475 4322 1532 4398 qui
1545 4338 1605 4399 pro
1619 4323 1760 4385 terrenis
1772 4316 1873 4381 coeles·

255 4419 358 4485 tionis
370 4418 540 4491 accedere,
550 4435 590 4481 ao
602 4419 652 4481 eis
667 4420 723 4497 pia
736 4421 872 4499 elargiri
886 4423 1049 4491 beneflcio
1105 4418 1162 4490 tia,
1179 4419 1212 4479 et
1225 4432 1285 4494 pro
1298 4417 1501 4479 transituriis
1513 4418 1569 4481 dat
1582 4421 1720 4482 aeterna.
1738 4420 1778 4478 Ut
1790 4413 1874 4489 igitur

256 4530 324 4578 non
336 4517 542 4595 permittunt,
556 4517 637 4594 quin
650 4516 728 4589 imo,
741 4518 826 4597 quod
837 4522 974 4596 gravius
985 4524 1046 4598 est,
1103 4530 1163 4577 ros
1173 4513 1307 4592 possitis
1317 4512 1416 4591 hujus
1426 4513 1657 4579 retributionis
1669 4514 1802 4594 praemia
1811 4521 1874 4587 pro·

257 4614 419 4691 eligentes
433 4614 468 4674 in
487 4629 604 4676 eorum
623 4615 822 4677 coemeteriis
846 4618 1047 4695 sepulturas,
1104 4610 1236 4684 mereri,
1252 4610 1294 4672 od
1312 4611 1508 4675 mittendum
1529 4614 1651 4677 voslrae
1668 4602 1874 4674 subiosstwssss

254 4713 289 4775 et
302 4710 452 4773 caritatis
466 4710 516 4772 eis
530 4709 678 4775 subsidia
692 4711 889 4776 exhibentes
907 4715 1050 4779 interdi-
1103 4706 1288 4769 subsidium
1302 4710 1413 4769 Terrae
1427 4709 1557 4771 Sonotae
1570 4710 1698 4772 hilaros
1710 4724 1768 4772 ros
1782 4704 1875 4767 osteu-

255 4824 331 4873 oers
345 4824 385 4871 ac
399 4807 689 4873 excommunicare
703 4814 910 4886 praesumunt
928 4812 963 4877 in
978 4813 1050 4878 dio-
1102 4804 1181 4866 dore
1196 4804 1333 4877 debetis,
1353 4807 1396 4877 ot,
1413 4807 1469 4883 qui
1485 4806 1526 4866 ad
1541 4808 1693 4885 ejusdem
1706 4809 1801 4869 terrea
1813 4812 1875 4860 snc-

254 4907 364 4968 torum
381 4904 521 4965 fratrum
536 4918 603 4964 ron
622 4904 787 4967 modicum
802 4905 1046 4975 detrimentum.
1102 4918 1236 4965 rursum
1254 4901 1409 4967 laborare
1423 4904 1647 4979 personaliter
1662 4919 1730 4967 nor
1743 4895 1873 4979 poturus

255 5004 340 5079 Qiria
358 5001 461 5077 igitur
476 4998 710 5076 predictorum
729 5000 870 5065 fratrum
889 5005 1046 5083 iniuriam
1102 5002 1175 5077 oioo
1201 4999 1319 5060 sallom
1342 4998 1576 5062 defensoribus
1604 5001 1639 5063 ot
1665 4995 1874 5077 propussfflw·

253 5098 346 5165 tanto
363 5098 474 5160 minus
493 5096 705 5163 dissimulare
720 5115 907 5176 possumus,
924 5106 1046 5180 quanto
1101 5097 1193 5157 ribus
1208 5111 1326 5156 manus
1340 5096 1442 5157 vestri
1457 5097 1577 5159 auxilii
1596 5096 1789 5175 porrigatis.
1803 5088 1875 5153 Uni·

254 5196 397 5277 amplius
418 5192 541 5255 Christi
560 5192 773 5271 pauperibus,
791 5211 931 5273 quorum
944 5198 1045 5261 iidem
1101 5194 1292 5256 versitatem
1307 5194 1452 5256 vestram
1469 5194 1581 5272 itaque
1596 5195 1780 5271 rogandam
1793 5185 1876 5251 duxi·

253 5291 399 5358 ministri
410 5290 569 5362 existunt
586 5290 619 5354 et
631 5292 743 5353 Terrae
761 5293 891 5356 Sanctae
905 5310 1046 5359 succur-
1100 5306 1174 5355 mus
1195 5292 1228 5352 et
1249 5289 1458 5364 monendam,
1479 5307 1539 5370 per
1556 5292 1749 5370 Apostolica
1770 5282 1876 5362 scripu

254 5391 307 5453 sui
330 5389 381 5451 est
403 5387 578 5460 damnosa;
608 5388 819 5450 universitati
840 5391 961 5452 restrae
987 5408 1046 5469 per
1099 5388 1194 5450 robis
1207 5387 1402 5453 mandantes
1422 5391 1455 5451 et
1470 5389 1505 5449 in
1525 5389 1759 5452 remissionem
1771 5395 1874 5463 pecoo·

252 5484 442 5565 spostoiira
458 5483 583 5563 scripta
600 5482 795 5548 mundamus
809 5486 1043 5564 praecipiendo,
1100 5485 1225 5546 minum
1245 5485 1468 5563 injungentes,
1485 5488 1651 5563 qnatenus
1669 5483 1798 5549 dilectis
1811 5476 1876 5542 liliis

253 5582 417 5658 qnatenus
431 5582 464 5642 et
483 5595 543 5643 ros
564 5580 629 5657 ipsi
648 5581 780 5658 penitus
798 5581 840 5643 ab
855 5583 1045 5662 hujusmodi
1100 5580 1258 5643 remmus
1277 5581 1394 5643 domus
1417 5583 1548 5645 Sanctae
1568 5582 1688 5645 Mariae
1710 5574 1875 5642 Theutoni·
