3972 6204
209 279 271 339 927

208 437 327 502 lationi
356 438 451 514 cinus
484 435 607 498 dicitur
639 433 810 498 detulisse.
847 434 1007 498 Nolentes

208 537 323 614 igitur,
341 538 378 597 ut
396 534 595 612 saepedictus
609 532 751 595 clericus
768 533 817 595 sic
829 534 1007 597 frustratus

210 651 231 697 a
250 634 345 697 vobis
363 634 549 696 litterarum
563 633 752 695 nostrarum
767 632 938 694 commodo
954 632 1008 692 ul-

207 732 313 796 terius
351 730 582 808 suspsndatur‚
608 730 703 791 vobis
730 729 870 792 tirmiter
893 728 1008 807 praeci·

209 830 330 910 piendo
345 829 553 901 mandamus,
574 830 736 905 qnatenus
755 828 931 889 occasione
943 827 1008 888 hu-

171 992 177 1005 ,
205 927 375 1008 jusmodi,
402 942 501 1004 quam
526 927 720 1004 reputamus
746 925 912 998 frivolam,
940 941 1006 986 non

209 1028 372 1095 obstante,
403 1025 595 1087 mandatum
617 1026 768 1086 nostrum
797 1024 838 1085 ad
860 1039 920 1085 vos
947 1038 1006 1101 pro

208 1128 281 1203 ipso
297 1125 459 1186 directum
471 1123 584 1185 taliter
602 1122 675 1184 sine
688 1120 883 1184 difficultate
898 1121 1008 1199 quali·

209 1223 264 1286 bet
278 1222 510 1301 exsequimini,
531 1222 617 1298 quod
641 1223 674 1283 et
694 1221 766 1298 ipse
790 1221 926 1298 propter
944 1219 1007 1280 boc

209 1323 251 1384 ad
262 1304 328 1384 'nos
351 1320 494 1382 ulterius
509 1335 576 1381 non
597 1322 761 1391 recurrat,
782 1334 844 1380 nac
857 1334 916 1379 vos
930 1333 1008 1395 pos·

210 1421 285 1482 sitis
301 1420 341 1481 de
351 1417 577 1480 inobedientia
589 1417 801 1495 reprehendi,
814 1432 887 1494 quae
900 1415 1009 1478 idolo·

209 1518 317 1580 latriae
330 1518 551 1594 comparatur.
569 1516 661 1587 Quod
674 1516 701 1576 si
714 1532 780 1577 non
800 1531 925 1586 omnes,
943 1516 1005 1575 etc.

210 1617 330 1678 Datum
355 1617 468 1687 Reate,
494 1614 603 1676 idibus
621 1613 829 1691 septembris,
852 1624 939 1675 anno
954 1612 1008 1673 de·

210 1715 306 1777 simo.

526 1822 692 1908 XXXIII

208 1957 262 2018 Act
273 1956 427 2018 obbawm
439 1957 558 2018 Sancti
575 1959 763 2018 Godordt...
776 1953 1008 2029 proeposllum

248 2059 439 2127 Aliensem,
452 2058 654 2116 Gerlrlensls
678 2054 711 2114 et
741 2053 1008 2127 Vesprlmlensts

249 2154 429 2214 dioecesum
447 2152 480 2213 et
493 2153 704 2228 manistram
715 2155 820 2222 Enoc,
831 2150 1008 2211 orcbldto-

248 2265 373 2312 conum
386 2251 614 2313 Nitrlensem.

459 2373 492 2432 td
513 2372 654 2445 septemb.
674 2371 753 2430 ttae.

342 2486 471 2553 [Thainen
488 2487 555 2537 Iton.
568 2486 661 2551 Hnng„
673 2486 692 2544 l,
703 2486 743 2543 oi,
754 2500 780 2536 n.
793 2485 860 2551 lan]

208 2594 355 2656 iudicibus
375 2593 538 2662 mandatur,
562 2601 594 2650 ut
616 2591 652 2650 de
680 2594 729 2651 lite
744 2593 817 2651 inter
840 2592 1007 2667 episcopum

243 2675 486 2748 vesprimiensem
501 2680 529 2731 et
542 2671 641 2730 lratres
651 2673 806 2746 Hospitalis
817 2673 970 2745 inquirant.

248 2791 428 2859 Honorius,
456 2793 558 2863 etc...,
585 2790 714 2852 dilectis
737 2789 867 2850 tiliis...
895 2789 1007 2853 abbati

211 2890 324 2954 Sancti
347 2888 530 2959 (leodardi,
551 2887 729 2965 praeposito
755 2886 902 2959 Albensi,
925 2890 1008 2949 Geu-

212 2988 336 3051 rieusis
362 2989 396 3050 et
410 2985 667 3064 vesprimiensis
683 2984 873 3056 dioecesum,
894 2987 927 3048 et
941 3002 1008 3047 ma.

208 3086 313 3165 gistro
343 3089 432 3147 Enoc
460 3084 698 3146 archidiacono
725 3082 899 3155 Nitriensi,
920 3082 1007 3144 salu·

210 3186 368 3253 temeto.

249 3279 442 3343 Venerabili
468 3279 565 3342 tratri
589 3280 741 3351 nostro,
767 3278 1006 3355 vesprimiensi

209 3379 384 3456 episcopo,
419 3379 453 3440 et
480 3377 600 3439 dilecto
628 3376 697 3437 illio
724 3379 763 3439 R.
796 3376 1007 3453 procuratori

210 3475 387 3553 hospitalis
422 3475 715 3552 Hierosolymitani
755 3474 790 3535 in
821 3473 1004 3550 Hungaria,

209 3573 383 3635 innostra
408 3572 588 3649 praesentia
610 3571 808 3644 constitutis,
835 3571 1008 3633 venerabi·

211 3671 279 3733 lem
295 3670 430 3732 tratrem
451 3672 601 3731 nostrum
621 3672 658 3730 P.
685 3668 906 3731 albanensem
922 3669 1008 3746 epis·

210 3784 329 3846 copum
354 3764 505 3829 dedimus
520 3767 718 3836 auditorem,
735 3782 924 3844 coramque
941 3766 1008 3827 dic·

208 3865 263 3926 tus
286 3864 382 3941 petiit
400 3863 596 3939 procurator
615 3862 780 3940 quandam
795 3862 1004 3934 senteutiam,

209 3977 230 4023 a
245 3960 352 4022 felicis
370 3961 538 4022 memoriae
551 3960 746 4021 innocentio
760 3974 857 4036 papa,
872 3958 1004 4036 praede-

186 4073 345 4120 *cessore
374 4059 488 4120 nostro
516 4073 577 4135 pro
603 4057 676 4134 ipso
705 4056 861 4134 episcopo
889 4058 1006 4118 contra

213 4154 336 4218 fratres
360 4155 655 4232 Hierosolymitani
679 4154 863 4232 Hospitalis
892 4155 1007 4216 Sancti

212 4253 370 4330 Stephani
395 4252 558 4324 albensis,
582 4252 839 4329 vesprimiensis
854 4251 1006 4313 dioecesis

211 4366 311 4428 super
325 4351 521 4428 quibusdam
542 4349 680 4413 decimis
700 4351 954 4428 promulgatam,
971 4351 1005 4411 in

210 4449 330 4511 melius
356 4449 563 4520 commutari,
585 4451 657 4510 tum
676 4449 762 4526 quod
786 4463 887 4510 causa
907 4464 1007 4526 super

210 4545 359 4625 praetatis
378 4545 516 4608 decimis
536 4561 648 4608 coram
673 4547 746 4624 ipso
761 4546 1006 4623 predecessore

135 4680 140 4691 ·
210 4646 326 4706 nostro
355 4659 414 4721 per
450 4644 570 4705 falsum
599 4646 847 4721 procuratorem
880 4644 1006 4720 agitata

830 273 1006 336 HONORII
1029 274 1073 335 111
1095 275 1242 339 OPERA.

1800 288 1860 348 9¹28

1062 451 1146 510 sum,
1159 438 1214 500 vel
1227 438 1344 501 saltem
1359 456 1460 503 unum
1476 442 1516 505 de
1530 442 1691 506 iratribus
1703 445 1776 506 suis
1794 449 1860 509 sia·

1061 533 1109 596 tui
1147 537 1294 613 ejusdem
1322 538 1497 615 hospitalis
1524 543 1699 620 syndicum
1723 545 1859 606 nomine

1062 634 1220 696 Romanae
1240 635 1409 708 Ecclesiae,
1432 638 1584 716 adquam
1600 642 1739 718 spectat,
1755 647 1790 704 et
1804 644 1859 704 cui

1061 730 1112 792 est
1127 731 1163 792 in
1178 748 1243 793 una
1265 749 1378 795 marca
1398 736 1474 797 auri
1490 738 1588 798 annis
1609 739 1752 815 singulte
1779 756 1860 801 cen-

1062 828 1166 890 suale.
1190 831 1353 894 Praelatns
1367 850 1447 896 vero
1468 836 1644 913 episcopus
1658 838 1858 914 excipiendo

1062 927 1251 1003 respondit,
1288 931 1375 1007 quod
1415 948 1517 1009 super
1563 933 1617 995 bis
1655 935 1859 1012 respondere

1060 1040 1128 1086 non
1156 1027 1331 1091 tenebatur
1344 1031 1553 1106 procuratori
1575 1033 1746 1109 praedicto,
1771 1034 1858 1111 quod

1062 1137 1137 1183 cum
1161 1140 1257 1200 per...
1286 1126 1327 1187 de
1349 1128 1476 1189 Tichon
1499 1131 1570 1191 et...
1592 1130 1632 1191 de
1647 1131 1783 1192 Bochan
1799 1132 1859 1192 ab·

1061 1219 1166 1294 bates,
1189 1239 1270 1301 quos
1289 1225 1361 1301 ipse
1383 1225 1610 1302 predecessor
1624 1231 1740 1291 noster
1754 1229 1859 1307 depu-

1062 1318 1145 1381 tavit
1152 1323 1347 1384 executores
1357 1324 1531 1387 sententiae
1548 1326 1762 1402 supradictae,
1775 1327 1860 1388 fuis·

1062 1418 1170 1480 setin
1194 1420 1429 1495 praedictarum
1444 1423 1647 1485 decimarum
1671 1426 1859 1500 possessio-

1062 1530 1138 1577 nem
1158 1517 1323 1590 inductus,
1350 1518 1469 1581 iratres
1489 1519 1568 1583 dicti
1588 1521 1766 1598 hospitalis
1781 1521 1858 1585 licet

1062 1614 1103 1674 ad
1123 1619 1252 1692 tempus
1271 1616 1336 1693 ipsi
1352 1619 1526 1680 sententiae
1541 1619 1746 1696 paruissent,
1769 1623 1860 1696 post-

1062 1711 1195 1773 modnm
1210 1715 1322 1775 tamen
1348 1714 1456 1791 ipsum
1478 1716 1708 1792 spoliaverant
1721 1717 1859 1779 decimis

1062 1810 1258 1873 antedictis:
1273 1827 1376 1888 quare
1406 1812 1546 1883 dicebat,
1568 1814 1655 1891 quod
1676 1817 1768 1876 stare
1792 1832 1858 1877 non

1062 1906 1202 1970 debebat
1218 1909 1253 1970 in
1271 1910 1400 1986 jndicio
1422 1911 1592 1989 spoliatus.
1609 1912 1669 1973 His
1681 1913 1789 1989 igitur
1802 1929 1859 1990 per

1061 2006 1258 2068 relationem
1269 2008 1376 2085 ipsius
1394 2009 1556 2071 auditoris
1566 2010 1698 2087 planius
1712 2012 1861 2074 intellec·

1061 2104 1115 2176 tis,
1145 2105 1231 2182 qnod
1255 2108 1374 2167 neutra
1401 2123 1479 2184 pars
1505 2123 1632 2180 eorum,
1652 2125 1728 2187 quae
1744 2126 1858 2172 coram

1062 2203 1135 2279 ipso
1159 2204 1310 2266 auditore
1325 2206 1508 2281 proposuit,
1532 2207 1638 2283 potuit
1652 2207 1766 2269 facere
1785 2208 1858 2285 ple-

1063 2316 1139 2362 nam
1159 2300 1266 2374 iidem,
1290 2302 1331 2363 de
1344 2301 1483 2364 fratrum
1503 2306 1692 2366 nostrorum
1716 2305 1858 2367 consilio

1062 2397 1255 2460 discretioni
1276 2400 1396 2462 vestras
1411 2400 1452 2462 de
1475 2400 1649 2478 utriusque
1672 2403 1780 2478 partis
1799 2419 1856 2463 as-

1063 2510 1163 2557 sensu
1190 2512 1250 2573 per
1273 2497 1463 2573 apostolica
1488 2499 1611 2576 scripta
1647 2502 1855 2573 mandamns,

1063 2597 1226 2673 quatenus
1245 2594 1334 2657 dicto
1349 2597 1505 2673 episcopo
1526 2598 1618 2674 prius
1640 2598 1859 2675 integrares-

1062 2693 1170 2765 tituto,
1187 2694 1216 2754 si
1227 2709 1263 2754 se
1273 2693 1463 2770 probaverit
1477 2696 1665 2773 spoliatum,
1683 2699 1717 2758 et
1732 2713 1859 2775 posses·

1062 2792 1189 2852 sionem
1204 2791 1376 2869 pacificam
1392 2795 1554 2866 assecuto,
1573 2793 1720 2856 audiatis
1732 2812 1772 2856 ea
1785 2812 1857 2872 quae

1062 2904 1138 2966 pars
1166 2889 1343 2967 hospitalis
1365 2906 1465 2968 snper
1487 2892 1571 2953 salso
1592 2894 1811 2969 procuratore
1825 2896 1858 2955 et

1062 2987 1311 3063 probationibus
1325 2987 1468 3060 omissis,
1492 3004 1621 3051 necnon
1636 3004 1677 3050 ea
1697 3006 1772 3066 quae
1787 2989 1856 3051 dic·

1061 3087 1114 3145 tus
1140 3085 1316 3162 episcopus
1340 3101 1400 3162 pro
1423 3101 1459 3146 se
1481 3085 1614 3148 duxerit
1629 3087 1852 3164 proponenda,

1061 3198 1261 3260 cansamque
1283 3198 1382 3259 super
1405 3183 1597 3260 praenotat'rs
1619 3184 1772 3245 articulis
1787 3183 1855 3245 sni-

1061 3280 1212 3342 licienter
1225 3280 1422 3343 instructam
1444 3280 1484 3342 ad
1506 3282 1656 3342 nostrum
1680 3281 1854 3347 remittatis

1061 3392 1222 3451 examen,
1252 3378 1461 3455 praefigentes
1494 3377 1644 3456 partibus
1677 3380 1853 3441 terminum

1061 3476 1311 3553 competentem,
1328 3491 1392 3553 quo
1408 3476 1521 3537 nostro
1536 3492 1573 3537 se
1588 3477 1783 3554 conspectui
1797 3492 1851 3538 re·

1061 3574 1273 3651 praesentent,
1288 3572 1373 3650 quod
1389 3573 1517 3650 jnntnm
1532 3572 1643 3646 luerit,
1660 3576 1850 3652 recepturas.

1061 3671 1152 3744 Quod
1168 3670 1278 3732 sinon
1293 3686 1418 3742 omnes,
1432 3672 1495 3733 etc.
1519 3673 1637 3733 Datum
1652 3672 1768 3745 Reate,
1783 3672 1852 3732 XVI

1062 3769 1222 3830 kalendas
1236 3767 1392 3841 octobris,
1408 3783 1497 3830 anno
1515 3768 1655 3830 decimo.

1378 3992 1541 4079 XXXIV

1101 4147 1153 4206 Ad
1165 4144 1321 4205 abbatem
1339 4145 1374 4205 et
1396 4144 1603 4205 concentum
1617 4145 1812 4207 Giuslontoe.

1313 4275 1346 4332 {8
1360 4273 1499 4347 septemb.
1517 4273 1595 4332 tana.

1200 4398 1332 4467 [Bagdata
1343 4400 1449 4450 Monast.
1461 4399 1568 4463 anglic,
1577 4398 1598 4459 1,
1610 4398 1650 4458 38,
1664 4398 1718 4464 tn]

1061 4525 1244 4598 privilegium
1260 4524 1376 4583 lionorii
1388 4539 1470 4598 papa
1486 4526 1526 4585 111
1543 4524 1618 4597 quod
1633 4524 1743 4590 clanei,
1755 4523 1852 4583 oblatis
1973 4574 1974 4605 ,

1219 4614 1357 4683 ecclesiis,
1369 4614 1518 4685 resignent
1530 4613 1694 4686 pensiones.

210 4741 331 4814 inerat,
345 4745 382 4803 ut
392 4741 609 4815 dicebat‚tum
622 4743 708 4820 qnod
721 4757 765 4803 ex
779 4744 872 4818 parte
885 4741 1005 4818 hospi·
1101 4740 1267 4800 Honorius
1278 4739 1464 4816 episcopus,
1475 4753 1775 4799 servassemorum
1782 4737 1849 4808 Dei,

209 4840 288 4901 talis
301 4841 500 4902 necessariae
515 4841 724 4902 narrationes
747 4843 780 4901 et
795 4837 1006 4915 probationes
1061 4837 1191 4898 dilectis
1207 4836 1284 4897 tiliis
1299 4834 1410 4898 abbati
1425 4839 1458 4897 et
1468 4836 1644 4897 conventui
1658 4836 1848 4903 Glastoniae‚

212 4937 357 5010 inerant,
394 4939 481 4999 sicut
508 4937 688 5009 asserebat,
711 4937 855 5008 omissae,
877 4953 950 5013 quae
977 4937 1006 4997 si
1061 4935 1201 4995 salutem
1216 4934 1485 5011 etitpostolicam
1499 4932 1777 4995 benedictionem.

210 5050 279 5097 non
301 5034 433 5096 omissae
452 5036 575 5107 essent,
601 5034 669 5095 lata
690 5049 757 5095 non
783 5037 871 5096 esset
890 5036 1006 5096 contra

1101 5030 1268 5108 Experto
1294 5032 1405 5091 vestra
1431 5029 1492 5091 tuit
1515 5029 1723 5106 propositum
1742 5046 1851 5091 coram
1971 5008 1972 5023 ¹

211 5131 322 5209 ipsum
332 5131 498 5209 hospitale
507 5132 670 5194 sententia
682 5131 884 5209 supradicta.
897 5135 1007 5204 Quare
1060 5129 1167 5201 nobis,
1184 5127 1358 5206 quodcum
1371 5126 1566 5205 quibusdam
1581 5126 1715 5188 clericis
1725 5143 1852 5189 annuas

211 5228 354 5308 petebat,
371 5229 401 5290 si
415 5228 673 5292 torsandeialso
686 5230 903 5306 procuratore
918 5229 1006 5291 alle·
1061 5226 1294 5288 concesseritis
1320 5226 1498 5302 pensiones
1520 5226 1589 5286 tam
1612 5224 1671 5286 diu
1695 5225 1759 5286 sibi
1787 5225 1852 5286 sol-

210 5327 289 5404 gato
312 5341 379 5387 non
404 5327 586 5404 prodesset,
620 5325 786 5403 hospitale
820 5326 928 5403 ipsum
964 5327 1006 5388 ad
1060 5323 1196 5395 vendas,
1212 5323 1315 5384 donec
1335 5322 1386 5384 eis
1405 5321 1639 5400 aequivalentia
1653 5323 1707 5383 val
1728 5325 1851 5400 majora

211 5424 387 5501 praedictas
402 5425 612 5486 narrationes
627 5424 660 5486 et
675 5422 887 5502 probationes
899 5424 1005 5500 perin
1061 5421 1222 5484 beneficia
1250 5421 1451 5491 conseratur,
1477 5420 1554 5482 licet
1577 5434 1636 5481 vos
1656 5421 1806 5482 volentes
1829 5433 1849 5479 a

212 5519 378 5595 integrum
395 5521 638 5584 restitutionem
657 5521 799 5593 admitti,
820 5521 1006 5597 praesertim
1061 5519 1226 5582 solutione
1234 5519 1432 5597 pensionum
1442 5516 1632 5594 hujusmodi
1643 5515 1780 5578 liberari
1794 5531 1850 5577 eos

213 5629 288 5674 cum
303 5630 347 5675 ex
357 5630 472 5678 earum
487 5619 668 5681 omissione
684 5619 729 5680 sit
745 5618 926 5680 enormiter
947 5617 1008 5679 lae-
1061 5617 1102 5680 ad
1113 5618 1267 5680 vacantia
1281 5614 1454 5684 beneficia,
1468 5630 1542 5693 qua
1556 5613 1598 5676 ad
1608 5614 1846 5692 vospertinent,
