3930 6206
103 330 164 391 cle
280 318 288 329 '
710 339 938 399 nrrsrcnrn.
963 340 1041 399 nra.
1065 340 1150 401 vlu.
1690 339 1751 400 aaa

106 489 670 566 proprietatemEcclesiaeRcmanae
681 497 900 572 suscepimus,
957 495 1146 557 turbatione
1161 494 1349 566 didicimus,
1371 495 1456 572 qnod
1473 495 1519 555 ita
1535 495 1569 553 iu
1585 494 1751 571 plerisque

105 587 320 649 etnonnullis
329 588 539 650 libertatibus
550 591 741 654 curavimus
755 608 904 654 commu·
957 591 1105 668 partibus
1131 592 1359 653 ecclesiastica
1381 580 1530 652 'censura
1557 591 1751 652 dissolvitur

105 684 183 755 niri,
197 685 287 746 sicut
295 687 493 763 spostolicae
504 687 623 749 litterae
640 702 722 764 quas
738 704 838 765 super
849 689 902 749 his
957 690 990 750 et
1002 688 1172 749 canonicae
1191 689 1364 749 sententiae
1381 688 1542 748 severitas
1558 688 1749 759 enervatur,

107 780 327 843 dilectistlliis
339 784 497 859 magistro
510 785 542 845 et
553 784 712 845 fratribus
721 786 902 862 Hospitalis
957 787 994 845 ut
1009 785 1074 845 viri
1087 784 1237 860 religiosi
1253 786 1286 845 et
1305 784 1342 843 hi
1355 785 1500 844 maxime
1513 784 1568 860 qui
1582 798 1641 860 per
1657 784 1751 844 Sedis

107 878 240 939 Sanctae
263 879 380 941 Mariae
403 878 690 942 'theutonicorum‘
706 881 902 958 Hierosoly·
956 881 1155 957 apostolicae
1188 880 1454 957 majoridonati
1490 882 1567 941 sunt
1599 880 1752 943 libertate

104 975 237 1046 mitani,
254 974 397 1036 dominis
411 977 508 1038 dictae
529 981 639 1050 terrae,
663 979 900 1050 concessimus,
957 978 1111 1054 passima
1126 977 1396 1039 malefactoribus
1408 977 1479 1039 suis
1490 977 1629 1054 injurias
1644 978 1749 1038 susti-

104 1086 166 1133 vos
192 1072 373 1147 potuerunt
399 1073 530 1149 plenius
544 1088 547 1095 “
561 1074 712 1136 edocere.
730 1077 902 1137 Monemus
957 1076 1060 1136 neant
1091 1076 1125 1136 et
1153 1075 1301 1151 rapinas,
1321 1074 1398 1135 dum
1426 1076 1484 1137 vix
1505 1075 1673 1136 invenitur
1694 1077 1751 1152 qui

103 1168 211 1243 igitur
222 1167 474 1231 universitatem
502 1172 658 1239 vestram,
683 1173 717 1234 et
730 1172 903 1233 hortamur
957 1187 1104 1247 congrua
1129 1170 1196 1232 illis
1219 1172 1424 1247 protectione
1440 1170 1622 1242 subveniat,
1641 1173 1672 1232 et
1692 1187 1751 1248 pro

105 1263 142 1324 in
176 1264 329 1333 Domino,
359 1281 420 1342 per
441 1267 634 1343 apostolica
660 1268 753 1329 vobis
780 1270 902 1345 scripta
957 1267 1097 1328 fovenda
1124 1284 1306 1347 pauperum
1341 1268 1530 1329 innocentia
1557 1284 1592 1328 se
1620 1284 1750 1327 murum

104 1361 316 1434 mandantes,
337 1364 511 1439 quatenus,
539 1364 627 1426 sicut
648 1365 807 1426 Ecclesiae
831 1367 901 1427 Ro·
957 1362 1158 1427 defensionis
1174 1365 1327 1443 opponat.
1355 1364 1551 1442 specialiter
1567 1367 1676 1425 autem
1696 1365 1749 1425 di-

102 1458 315 1531 maurentii,
344 1460 506 1535 speciales
534 1461 576 1522 de
603 1463 712 1537 gratia
738 1463 903 1525 nostrast
957 1460 1050 1522 lectae
1073 1462 1108 1522 in
1128 1462 1260 1524 Christo
1289 1461 1405 1522 filiae...
1438 1461 1607 1523 abbatissa
1635 1463 1669 1523 et
1690 1478 1749 1522 so-

103 1553 222 1615 favore
232 1556 416 1628 securi,his
426 1573 501 1634 quae
511 1558 552 1619 ad
566 1558 670 1621 divini
681 1559 825 1621 nominis
836 1559 903 1621 cul·
956 1574 1050 1620 rores
1083 1559 1276 1621 monasterii
1306 1559 1346 1620 de
1370 1560 1474 1620 Fonte
1499 1558 1605 1620 beatae
1635 1560 1750 1621 Maria

101 1653 176 1713 tum
189 1656 225 1714 et
239 1652 467 1715 dilatationem
478 1655 644 1731 pertinent
662 1656 775 1732 populi
788 1656 903 1717 Chris-
957 1656 1189 1718 Cisterciensis
1213 1656 1353 1727 ordinis,
1376 1658 1444 1717 tarn
1466 1655 1506 1715 de
1523 1655 1750 1732 frequentibus

103 1749 203 1821 tiani,
220 1749 290 1811 tota
312 1749 547 1824 sollicitudine,
572 1753 642 1814 toto
657 1751 765 1813 studio
789 1752 901 1814 interr·
956 1752 1089 1829 injuriis
1112 1768 1212 1829 quarn
1238 1753 1280 1813 de
1302 1753 1376 1828 ipso
1401 1751 1594 1829 quotidiano
1619 1752 1751 1814 defectu

103 1846 234 1917 dentes,
246 1846 405 1909 intervos
427 1849 566 1911 servetis
585 1849 756 1911 vinculum
779 1851 902 1912 mutuae
952 1849 1093 1926 jnstitiee
1116 1852 1368 1927 conquerentes,
1383 1849 1645 1910 universitatem
1673 1864 1752 1910 ves-

104 1944 259 2005 caritatis
271 1945 305 2005 et
324 1946 428 2020 pacis,
457 1961 516 2021 per
530 1961 628 2023 quarn
650 1946 683 2008 et
708 1961 820 2023 parvae
847 1962 902 2009 res
957 1946 1042 2008 tram
1077 1942 1197 2008 litteris
1234 1946 1401 2023 petierunt
1427 1945 1627 2021 apostolicis
1657 1948 1752 2007 exci-

103 2042 274 2112 crescunt,
302 2042 336 2103 et
362 2056 492 2118 magnae
522 2043 559 2104 in
585 2058 646 2104 sua
675 2043 902 2120 magnitudine
956 2038 1033 2114 tari,
1049 2045 1086 2105 ut
1106 2044 1153 2104 lta
1174 2043 1332 2105 videlieet
1349 2043 1399 2104 eis
1422 2040 1458 2103 ln
1480 2041 1750 2104 tribulationibus

103 2140 360 2201 conservantur.
376 2142 483 2210 Quum
494 2142 604 2203 autem
613 2140 902 2218 aliquaeintervos
957 2139 1027 2200 suis
1040 2141 1158 2201 contra
1184 2139 1415 2202 malefactores
1436 2138 1584 2215 ipsarum
1599 2125 1750 2215 prompta

103 2235 310 2312 quaestiones
338 2237 547 2305 emerserint,
573 2254 646 2314 quae
671 2238 902 2301 auctoritatem
957 2236 1104 2297 debeatis
1133 2236 1406 2313 magnanimitate
1434 2250 1634 2311 consurgere
1663 2236 1750 2313 quod

103 2332 371 2395 ecclesiasticam
405 2333 612 2410 judiciumve
648 2335 832 2412 requirunt,
860 2336 901 2397 ad
956 2332 998 2392 ab
1023 2333 1198 2409 angustiis,
1215 2348 1299 2410 quas
1322 2333 1498 2404 sustinent,
1514 2332 1547 2395 et
1571 2330 1748 2408 pressuris,

102 2429 436 2507 archipresbyterum
463 2433 622 2503 vestrum,
653 2432 816 2509 quemad
839 2432 902 2493 hoc
956 2429 1067 2490 vestro
1088 2430 1218 2505 possint
1241 2428 1398 2506 praesidio
1421 2423 1750 2506 respirareldeoque

100 2527 217 2602 ipsum
230 2527 355 2603 praefici
365 2526 515 2600 fecimus,
527 2529 722 2599 recurratis,
740 2530 777 2590 ut
792 2544 903 2606 quaes-
957 2524 1169 2586 universitati
1194 2526 1315 2586 vestrae
1339 2539 1399 2602 par
1418 2524 1608 2600 apostolica
1627 2527 1751 2603 scripta

100 2620 255 2685 tionibus
268 2623 417 2700 istis-per
437 2624 695 2687 sollicitudinem
719 2628 792 2703 ejus
816 2642 901 2688 con·
957 2621 1153 2682 mandamus
1175 2622 1273 2698 atque
1297 2623 1510 2699 praecipimus
1532 2625 1693 2698 quatenus
1714 2622 1751 2682 il·

101 2720 232 2792 cordia,
245 2721 415 2797 judiciove
426 2722 543 2798 sopitis
557 2723 663 2798 parret
676 2722 902 2800 tranquillitas
956 2718 1018 2786 los,
1042 2719 1098 2796 qui
1120 2719 1360 2794 possessiones,
1382 2718 1435 2779 vel
1463 2735 1530 2789 ree,
1556 2734 1616 2780 seu
1635 2718 1750 2780 domos

99 2820 218 2879 vestra
245 2818 464 2879 inconcussas
485 2822 649 2881 servetur.
684 2819 778 2881 Unde
802 2816 901 2880 volu-
957 2815 1190 2891 praedictarum
1217 2830 1370 2876 sororum
1393 2816 1447 2876 rel
1474 2814 1644 2876 hominum
1671 2831 1752 2877 suo-

100 2930 192 2986 mus,
208 2914 244 2976 et
257 2913 351 2976 vobis
365 2914 571 2992 injungimus
584 2915 782 2979 auctoritate
796 2931 903 2992 praes·-
956 2926 1030 2971 rum
1045 2910 1269 2973 irreverenter
1282 2911 1478 2982 invaserint,
1494 2912 1551 2972 aut
1565 2926 1605 2971 ea
1623 2911 1751 2988 injuste

100 3011 225 3088 cripta,
242 3010 279 3071 ut
289 3011 395 3071 eidem
415 3011 717 3089 archipresbytero,
730 3013 784 3073 cui
795 3014 903 3073 corri—
957 3008 1126 3070 detineant
1137 3023 1210 3085 quae
1224 3007 1391 3084 praedictis
1406 3007 1575 3068 sororibus
1591 3023 1634 3069 ex
1646 3010 1751 3070 testa-

99 3107 207 3184 gendi
219 3109 535 3170 excessusomnium
545 3112 705 3180 vestrum,
719 3111 751 3171 et
772 3110 903 3185 specia—
933 3120 934 3123 ’
957 3106 1067 3166 mento
1079 3104 1309 3166 decedentium
1324 3103 1636 3180 rellnquuntur,seu
1651 3104 1686 3167 in
1700 3121 1751 3166 so·

98 3205 183 3267 liter
212 3205 410 3268 derisorum
439 3207 664 3268 concessimus
693 3206 899 3282 potestatem,
956 3199 1494 3277 roresipsas,contraApostolicae
1502 3200 1596 3260 Sedis
1609 3201 1748 3274 indulta,

97 3306 266 3380 tanquam
287 3303 413 3379 pastori
437 3303 548 3365 vestro
570 3305 793 3367 reverentiam
816 3320 900 3366 con-
957 3299 1154 3360 sententiam
1175 3296 1540 3368 excommunicationis,
1563 3299 1622 3359 aut
1644 3298 1751 3360 inter-

97 3415 224 3475 gruam
257 3399 463 3471 exhibentes,
492 3399 683 3461 salubribus
702 3400 847 3472 monitis,
869 3403 903 3463 et
957 3395 1036 3457 dicti
1057 3395 1331 3471 praesumpserint
1345 3394 1567 3470 immistibile,
1584 3395 1637 3456 vel
1658 3396 1751 3458 deci·

97 3495 273 3558 mandatis
286 3496 391 3571 ipsius
401 3496 583 3559 intendatis
602 3499 635 3558 et
647 3496 809 3559 obediatis
832 3499 900 3559 hu·
956 3508 1027 3553 mas
1042 3492 1194 3554 laborum
1209 3491 1250 3553 de
1263 3492 1364 3556 terris
1389 3490 1513 3552 habitis
1533 3493 1611 3554 ante
1632 3494 1751 3555 Conci-

96 3594 231 3656 militer
245 3594 280 3654 et
299 3593 428 3654 devote.
455 3595 572 3655 Datum
589 3593 757 3665 Laterani,
773 3596 802 3656 V
830 3594 900 3656 kal.
956 3590 1037 3651 lium
1063 3588 1219 3666 generale
1242 3604 1324 3666 quos
1346 3588 1491 3665 propriis
1514 3589 1666 3651 manibus
1693 3595 1749 3653 aut

97 3690 198 3763 maii,
216 3705 306 3751 anno
321 3691 450 3752 octava.
956 3686 1139 3764 sumptibus
1168 3685 1336 3756 excolunt,
1374 3701 1433 3746 seu
1457 3685 1669 3748 nutrimentis
1691 3689 1747 3765 lp-

956 3800 1068 3845 sarum
1087 3784 1206 3861 spretis
1230 3781 1540 3859 apostolicaesedis
1562 3783 1747 3861 privilegiis

956 3883 1165 3958 extorquere,
1192 3879 1375 3940 monitione
1401 3879 1585 3956 praemissa,
1608 3881 1638 3941 si
1670 3881 1748 3944 laici

476 3966 535 4053 CC
957 3978 1090 4045 fuerint,
1108 3974 1241 4054 publice
1263 3974 1411 4037 candelis
1437 3976 1597 4048 accensis,
1615 3993 1752 4041 excom-

956 4074 1191 4136 municationis
1214 4072 1379 4134 sententia
1404 4066 1603 4149 percellatis,
1621 4075 1650 4136 si
1670 4094 1748 4141 vero

956 4164 1069 4234 clerici
1089 4172 1143 4233 vel
1166 4170 1318 4231 canonici
1332 4170 1507 4245 regulares
1520 4173 1577 4234 aut
1594 4176 1748 4236 monachi

956 4269 1092 4341 fuerint,
1106 4283 1220 4329 eorum
1236 4266 1460 4345 appellatione
1474 4269 1600 4330 remota
1622 4270 1664 4337 au)
1679 4273 1749 4334 ofq.

382 4352 417 4410 28
436 4352 532 4425 ilfiliss
548 4353 626 4410 Μ
957 4367 1008 4428 cio
1028 4367 1061 4428 et
1085 4364 1248 4426 beneflcio
1277 4364 1497 4440 suspendatis,
1515 4369 1667 4429 neutram
1689 4387 1747 4433 re-

145 4475 250 4543 [vends
268 4477 379 4533 norun,
399 4475 456 4526 uss.
470 4474 556 4532 latins,
573 4480 592 4523 t.
610 4475 732 4533 cxxxv,
757 4491 784 4540 p.
801 4476 854 4536 123,
957 4463 1103 4525 laxaturi
1125 4462 1326 4523 sententiam
1343 4461 1448 4522 donec
1462 4462 1609 4538 praefatis
1625 4471 1752 4529 sorori·

380 4545 633 4610 311)ῙῙο“Ῑ·Ν““0“·]
956 4561 1017 4622 bns
1037 4560 1186 4636 plenarie
1201 4557 1410 4621 satisfaciant
1429 4561 1461 4620 et
1475 4560 1543 4620 tam
1556 4561 1634 4623 laici
1649 4581 1747 4641 quam

89 4653 223 4715 blandai
237 4660 268 4709 ut
283 4651 458 4709 abbatissam
472 4659 502 4709 et
519 4667 632 4709 sorores
651 4651 686 4709 dc
702 4657 791 4710 Fonte
810 4655 903 4711 beate
957 4659 1071 4719 elerici
1085 4657 1265 4718 saeeulares
1287 4655 1344 4732 qul
1359 4671 1418 4731 pro
1431 4656 1576 4719 violenta
1591 4677 1747 4724 manuum

130 4742 250 4809 Maria,
266 4740 462 4797 fflsterciensis
490 4739 605 4807 millib
632 4756 648 4797 Β
675 4742 903 4799 molestatoribus
959 4756 1136 4832 injectione
1156 4753 1378 4815 anathematis
1395 4754 1530 4816 vinculo
1551 4756 1674 4820 fuerint
1694 4761 1749 4820 in-

130 4845 192 4904 W
207 4829 533 4892 ⁰5⁰⁰¹¹¹ffl⁰⁰i⁰³u⁰¹¹⁶m
548 4827 712 4889 defffldflm·
958 4852 1081 4924 nudati,
1104 4867 1179 4913 cum
1195 4851 1377 4912 diecesani
1399 4851 1546 4929 episcopi
1567 4854 1686 4916 litteris
1706 4859 1746 4918 ad

134 4954 326 5024 Honorius,
352 4956 428 5023 etc,
465 4952 712 5014 venerabilibus
747 4953 902 5016 iratribus
959 4951 1075 5011 Sedem
1101 4949 1324 5025 apostolicam
1351 4949 1534 5021 venientes,
1560 4950 1601 5011 ab
1634 4954 1748 5016 eodem

85 5056 334 5119 cameracen,
348 5052 545 5121 Tornacen„
562 5050 797 5112 et...Leodien.
813 5053 903 5127 epis·
957 5046 1091 5108 vinculo
1110 5046 1303 5107 mereantur
1316 5045 1453 5106 absolvi.
1468 5048 1573 5107 Villas
1587 5052 1696 5111 autem
1713 5051 1748 5112 in

86 5148 212 5225 copis,
229 5149 263 5208 et
279 5145 410 5207 dilectis
425 5146 504 5206 filiis
522 5146 706 5217 abbatibus,
723 5147 900 5224 prioribus,
958 5143 1076 5221 quibus
1091 5141 1178 5203 bona
1191 5156 1343 5203 sororum
1358 5142 1589 5218 praedictarum
1608 5146 1661 5206 vel
1682 5147 1748 5210 ho-

85 5245 256 5315 decanis,
272 5243 519 5305 archidiaconis
534 5245 567 5305 et
590 5243 666 5305 allis
686 5245 902 5305 ecclesiarum
957 5240 1082 5301 minum
1096 5240 1242 5316 ipsorum
1255 5255 1314 5315 per
1323 5240 1515 5300 violentiam
1530 5241 1662 5305 detenta
1678 5245 1751 5307 lue-

86 5342 269 5425 praelatis,
290 5356 351 5417 per
375 5356 490 5402 eorum
520 5340 680 5403 dioeceses
704 5342 900 5413 constitutis,
957 5337 1025 5398 rint
1048 5336 1206 5414 quamdiu
1224 5336 1271 5396 ibi
1293 5338 1369 5397 sunt
1392 5336 1557 5398 interdicti
1577 5342 1750 5407 senense

84 5440 251 5504 salutem
267 5440 301 5499 et
315 5437 541 5514 apostolicam
554 5437 827 5502 benedictionem.
959 5434 1165 5511 supponatis.
1179 5433 1297 5495 Datum
1313 5433 1480 5507 Laterani,
1497 5435 1542 5494 ΙΙΙ
1554 5435 1621 5498 kal.
1638 5443 1751 5504 martli

132 5540 224 5601 Non
251 5535 377 5613 absque
400 5536 515 5597 dolore
553 5536 661 5599 cordis
701 5539 733 5598 et
759 5538 902 5613 plurima
959 5533 1062 5611 (sorte
1078 5529 1210 5609 .·maii),
1227 5530 1406 5607 pontificat.
1425 5532 1530 5592 nostri
1546 5549 1747 5603 annonono.

223 4129 275 4187 Ad
292 4128 465 4200 epncopos
483 4127 777 4199 cameracensem,

125 4229 396 4294 remacensem,
413 4222 447 4282 et
462 4224 684 4284 Laouiansene
695 4227 879 4297 episcopos.
