3916 6204
263 336 323 397 531

158 518 163 525 ·
263 510 349 565 mus,
372 494 488 555 contra
513 493 581 554 tam
595 490 688 569 pium
706 489 830 553 166166
851 494 977 556 temere
997 510 1058 557 ve-

263 593 393 654 nientes
421 607 465 652 ex
492 606 531 652 66
558 591 689 665 sumpta
706 591 882 652 occasione
895 592 981 668 6661
998 607 1058 668 per

261 705 386 753 annum
397 688 526 760 debent,
539 689 576 749 61
586 688 718 759 1161166,
731 687 941 764 praebendam
954 690 1056 750 dece·

262 788 373 849 dentis
395 786 548 847 canonici
567 787 786 847 carnotenses
804 784 937 857 babere,
955 786 1056 847 dece·

260 885 360 946 dente
372 884 544 955 canonico,
558 884 610 944 vel
624 884 752 944 vicario
763 883 818 960 qui
832 884 965 945 tertiam
976 898 1058 960 prae·

260 981 377 1043 bendae
391 985 514 1043 vestrae
525 976 772 1057 consequuntur
780 981 977 1057 portionem,
991 996 1057 1042 non

261 1082 369 1141 solum
384 1080 534 1141 eamdem
545 1080 689 1150 tertiam,
702 1078 760 1139 sed
784 1078 886 1140 totam
900 1078 1057 1140 61161666-

261 1178 403 1240 1661661
425 1176 617 1254 huJ‘usmodi
637 1175 809 1237 vindicare
832 1175 1055 1252 praebendam,

261 1291 328 1337 non
337 1275 587 1336 considerantes
598 1274 731 1350 quantae
746 1273 790 1335 611
801 1275 954 1335 avaritiae
965 1290 1059 1335 men-

261 1371 448 1435 dicantibus
466 1371 663 1433 subtrahere
680 1371 890 1433 necessitatis
910 1371 1057 1432 subsidia

880 333 1058 396 HONORII
1079 337 1125 397 111
1145 338 1295 400 OPERA.
1817 350 1859 411 532

1112 497 1201 558 saria
1227 497 1460 575 praeberemus.
1485 499 1554 560 Nos
1578 499 1679 576 igitur
1695 504 1771 579 juris
1786 518 1860 584 snper

1111 594 1175 655 hoc
1189 596 1334 672 rigorem
1353 595 1562 673 providentia
1584 598 1798 675 temperantes,
1809 604 1859 667 dis-

1112 693 1253 754 cretioni
1263 693 1383 755 vestrae
1394 709 1454 771 per
1467 696 1655 772 1666161166
1663 698 1774 774 scripta
1785 717 1858 762 man·

1112 789 1240 863 damus,
1256 793 1419 868 quatenus
1434 792 1462 852 si
1473 792 1567 853 vobis
1579 795 1860 875 constiteritdspra

1112 887 1247 959 missis,
1291 889 1443 950 eumdem
1486 890 1676 967 episcopum
1710 894 1860 968 prandistis
1917 950 1918 955 ,

1112 985 1309 1047 auctoritate
1336 988 1451 1048 nostra
1485 988 1662 1063 Upsalensi
1686 990 1815 1053 ecclesia
1834 994 1860 1054 in

1113 1085 1292 1158 pastorem,
1304 1083 1511 1146 absolventes
1526 1085 1632 1162 ipsum
1646 1101 1667 1146 a
1683 1087 1860 1165 vinculaque

1113 1181 1307 1256 strangensi
1326 1181 1501 1243 tenebatur
1524 1183 1685 1255 ecclesiae,
1705 1186 1861 1246 transeundi

1112 1277 1153 1337 ad
1169 1277 1361 1354 praedictam
1373 1280 1548 1341 ecclesiam
1559 1281 1862 1359 Upsalensemtribua-

1111 1374 1155 1435 tis
1177 1372 1395 1455 [licentiaml.
1430 1379 1549 1440 Datum
1573 1378 1737 1450 Laterani,
1756 1381 1794 1441 lv
1809 1380 1860 1441 idus

261 1470 469 1542 mendicatas,
504 1485 566 1530 nec
598 1468 685 1546 6661
720 1468 885 1544 hospitale
910 1469 1057 1530 vestrum

262 1568 379 1629 mortis
402 1568 570 1655 ‘picturam
589 1582 656 1627 non
680 1566 816 1643 patitur,
837 1566 1056 1627 attendentes.

1112 1471 1284 1546 februarii,
1300 1489 1388 1536 anno
1405 1475 1533 1536 octavo.

262 1664 419 1727 Veientes
436 1664 549 1742 itaque
569 1662 664 1725 vobis
688 1664 723 1724 in
743 1663 859 1725 eadem
880 1662 1057 1740 praebenda

255 1766 314 1840 jus
328 1764 479 1824 vestrum
494 1763 624 1838 integre
640 1761 843 1833 conservari,
860 1761 1058 1823 auctoritate

259 1859 474 1937 praesentium
497 1858 681 1921 districtius
694 1857 897 1928 inhibemus,
914 1872 956 1918 ne
971 1872 1058 1934 prae-

259 1956 319 2018 1611
331 1956 434 2017 abbas
449 1960 482 2018 et
498 1956 679 2018 conventus
694 1971 795 2031 super
809 1953 937 2015 duabus
953 1954 1058 2031 parti·

259 2054 320 2115 bns
354 2054 541 2131 praebendae
578 2053 747 2129 praedictae
787 2052 851 2113 bac
882 2052 1057 2114 occasione

258 2152 406 2228 aliquam
420 2150 516 2212 vobis
535 2150 721 2211 molestiam
741 2149 915 2216 interrant,
937 2149 990 2210 vel
1007 2147 1058 2211 ia·

259 2249 360 2310 ciant.
373 2248 464 2309 Nulli
475 2264 565 2323 ergo,
575 2249 650 2320 etc,
659 2247 814 2324 paginam
826 2248 949 2308 nostrae
966 2245 1058 2313 inhi-

259 2345 396 2407 bitionis
413 2345 608 2420 intringere,
625 2347 687 2406 616.
715 2344 750 2405 Si
763 2343 837 2420 quis
852 2345 975 2415 autem,
992 2344 1054 2404 etc.

300 2444 418 2505 Datum
444 2442 612 2514 Laterani,
638 2441 735 2502 nonis
766 2440 937 2514 februarii,
967 2456 1056 2502 anno

261 2542 391 2601 octavo.

1438 1715 1579 1803 CXXII

1171 1858 1224 1919 Ad
1235 1859 1393 1933 priorem
1406 1859 1440 1919 et
1454 1859 1663 1921 concentum
1671 1862 1705 1922 s.
1718 1863 1824 1921 Marte

1299 1956 1336 2016 tn
1350 1956 1464 2016 Portu
1477 1958 1714 2019 nanetenatea.

1359 2086 1393 2143 11
1411 2085 1547 2144 februarii
1566 2088 1648 2145 1224.

1135 2198 1275 2259 [santensi.
1287 2200 1446 2251 blcnumenti
1461 2202 1614 2261 Ravennati,
1628 2204 1660 2261 ll,
1673 2216 1699 2267 p.
1712 2203 1761 2261 1118,
1772 2202 1849 2264 61111]

1163 2315 1405 2389 compositionem
1420 2332 1509 2390 super
1527 2317 1705 2390 subjectione
1719 2318 1827 2376 66616616

1305 2404 1417 2462 Sanctae
1432 2405 1529 2463 Marte
1547 2405 1709 2463 666116661.

1150 2522 1318 2583 Honorius
1330 2523 1516 2599 episcopus,
1527 2521 1861 2592 servusservorunbei,

1111 2618 1231 2681 dilecto
1246 2618 1315 2679 11116
1327 2618 1432 2696 priori
1445 2622 1478 2680 et
1493 2620 1675 2682 conventui
1690 2623 1722 2681 S.
1737 2617 1863 2681 11661616

1112 2718 1214 2778 Portu
1230 2717 1426 2788 Ravennati,
1444 2716 1598 2789 salutem,
1615 2718 1678 2779 etc.

1151 2816 1257 2887 Quum
1267 2815 1355 2876 iuter
1369 2830 1429 2876 vos
1444 2815 1592 2891 exparte
1601 2830 1669 2876 uua
1684 2811 1865 2877 6166666611-

1111 2911 1326 2973 1661661666
1340 2914 1491 2973 nostrum
1502 2912 1783 2990 archiepiscopum
1795 2911 1821 2971 61
1829 2923 1865 2970 ca·

1110 3008 1251 3085 pitulum
1266 3009 1511 3071 Ravennateex
1521 3011 1643 3083 altera,
1653 3010 1783 3088 quaestio
1793 3019 1866 3083 super

1111 3106 1315 3184 subjectione
1336 3106 1487 3168 ecclesiae
1502 3098 1627 3169 vestras
1641 3107 1754 3171 luisset
1771 3103 1865 3166 1161166

1111 3205 1235 3280 agitata
1250 3205 1283 3266 et
1293 3204 1487 3281 quibusdam
1501 3205 1724 3281 processibus,
1737 3204 1787 3281 661
1794 3213 1867 3276 super

1111 3300 1866 3377 16611611111666661166111666666661166666

1110 3399 1274 3460 initianda
1298 3398 1394 3475 66661
1418 3414 1461 3459 ex
1482 3399 1614 3474 integro
1629 3397 1866 3476 161166166166·

1110 3496 1184 3556 dem
1213 3511 1326 3556 coram
1354 3495 1475 3558 dilecto
1502 3495 1572 3556 11116
1597 3498 1712 3559 666166
1743 3487 1867 3567 1.,111611

1112 3595 1242 3655 Sanctae
1256 3592 1388 3654 sabinae
1408 3592 1602 3670 presbytero
1616 3592 1783 3662 cardinali,
1796 3599 1867 3666 6666

294 3694 473 3766 Η6666166,
484 3695 559 3765 etc,
572 3692 729 3769 episcopo
741 3690 898 3751 scarensi
906 3691 939 3751 et
949 3689 1056 3751 electo
1110 3690 1306 3752 dederamus
1314 3689 1379 3766 ipsi
1388 3690 1726 3767 archiepiscopoettl.
1735 3692 1806 3752 Rav.
1814 3698 1869 3745 ves·

260 3792 439 3854 Lundensi.
1112 3786 1868 3864 traeecclesiaesyndicisauditerem,talis,puun

296 3889 524 3952 Intelleximus
538 3886 624 3964 quod
640 3883 969 3963 Upsalensiecclesia
993 3884 1057 3946 du·
1110 3885 1210 3946 iidem
1233 3885 1363 3962 syndici
1385 3884 1578 3946 mandatum
1596 3886 1666 3946 tam
1688 3884 1728 3945 ad
1742 3879 1868 3959 agendum

259 3989 337 4050 dum
351 3987 489 4051 viduata
504 3988 649 4062 pastore,
661 3984 771 4045 clerus
787 3983 820 4044 at
830 3982 971 4060 populus
987 3984 1056 4058 Up-
1110 3998 1209 4060 quam
1226 3982 1267 4043 ad
1281 3982 1545 4058 componendum
1557 3981 1731 4053 baberent,
1746 3972 1869 4052 composi

256 4085 409 4156 salensis,
430 4083 589 4161 predicta
616 4081 760 4143 ecclesia
782 4081 963 4157 capitulum
988 4095 1055 4140 non
1109 4081 1156 4142 tio
1177 4079 1395 4142 intervenerit
1411 4079 1498 4156 quod
1513 4078 1672 4142 videlicet
1685 4079 1772 4156 prior
1786 4077 1813 4136 61
1826 4071 1870 4132 ira·

256 4178 712 4253 babente,sibivenerabilem
724 4177 1053 4239 tratremnostrum...
1109 4178 1340 4240 tresecclesiae
1355 4172 1870 4248 Portuensisteneanturrecipert

257 4281 492 4355 strangensem
505 4278 696 4354 episcopum
711 4275 746 4335 in
760 4274 959 4336 executione
975 4288 1056 4350 pon·
1110 4273 1243 4336 ordines
1257 4289 1277 4334 a
1291 4272 1495 4336 Ravennatis
1508 4271 1870 4350 6666166166666,61666

252 4376 387 4440 1111661116
398 4374 511 4447 cilicii,
524 4374 699 4444 utdicitur,
708 4372 936 4449 approbatum,
949 4372 1004 4432 661
1015 4371 1055 4432 16
1110 4371 1329 4433 sacrationem
1341 4370 1572 4442 ecclesiarum,
1582 4374 1617 4432 61
1632 4370 1782 4431 altarium
1791 4366 1821 4425 in
1829 4364 1871 4422 lta·

254 4478 325 4539 vita
335 4469 934 4537 61666111661661611161661166661166
946 4468 1056 4545 perbi·
1109 4468 1871 4544 vennatensidioecesipositorum,oleumquoptt

254 4573 409 4646 betur,in
424 4567 1056 4647 archiepiscopumunanimiteretcon·
1109 4568 1260 4630 sanctum
1279 4566 1312 4627 et
1332 4565 1400 4627 alia
1424 4564 1653 4627 ecclesiastica
1677 4557 1870 4626 6666666616,

254 4672 399 4735 corditer
420 4667 642 4746 postularunt.
676 4663 948 4741 supplicantibus
973 4678 1054 4740 ergo
1110 4680 1183 4742 6666
1200 4663 1242 4725 ab
1257 4664 1369 4741 611666
1384 4664 1497 4724 666661
1510 4648 1871 4739 episcoporeceptnri.si

255 4770 351 4833 nobis
360 4762 717 4830 carissimoincbristo
726 4761 1056 4823 iilionostro...illus-
1109 4766 1221 4824 16666
1231 4761 1302 4838 ipse
1316 4758 1776 4837 archiepiscopuscatbolicus
1786 4746 1868 4815 nent

254 4868 298 4932 tri
308 4883 388 4945 rege
404 4865 545 4935 sueciae,
560 4863 593 4924 et
604 4860 773 4922 universis
786 4858 934 4936 ejusdem
947 4858 1056 4920 eccle·
1109 4862 1142 4922 et
1151 4874 1190 4920 ea
1205 4858 1310 4935 gratis
1325 4858 1358 4919 et
1372 4856 1497 4934 absque
1511 4856 1581 4917 ulla
1605 4856 1768 4934 pravitate
1782 4849 1871 4913 velue

255 4957 814 5039 siaesuiiraganeis,accleroetiam
823 4956 1053 5032 Upsalensiut,
1109 4958 1155 5018 rit
1168 4956 1339 5026 exhibere,
1356 4954 1505 5032 alioquin
1525 4953 1712 5031 recipiendi
1725 4967 1764 5013 ea
1783 4956 1873 5022 6660·

477 2859 482 2868 ,
600 2761 719 2847 CXXI

232 3002 233 3005 Ἴ
261 2916 314 2974 Ad
335 2913 559 2973 Bevtedtotum
580 2914 776 2986 episcopam
791 2911 997 2972 scarensem
1022 2910 1056 2970 et

379 3010 528 3070 Petrum
549 3010 692 3070 electum
706 3010 934 3069 Leandenaem.

524 3140 558 3197 to
572 3114 705 3197 66666
719 3139 797 3197 isat.

342 3265 488 3330 [biljegrem
504 3263 620 3314 Swenskt
631 3263 749 3327 diplom,
763 3261 890 3320 1‚aav,n.
904 3260 972 3327 111]

260 3391 408 3450 [11016666
431 3390 636 3460 strangensem
655 3386 822 3459 episcopum
834 3385 988 3459 Upsalensi
1005 3400 1054 3443 ec·

292 3480 388 3537 clesiae
405 3476 576 3550 prendant,
601 3475 747 3533 solventes
768 3474 898 3547 ipsuma
928 3474 1054 3543 vinculo,

292 3582 349 3641 666
364 3566 533 3640 strangensi
543 3564 673 3623 ecclesiae
685 3572 824 3621 teneatur.

259 5080 360 5142 quum
369 5056 565 5139 Upsalensis
574 5054 766 5131 metropolis
775 5052 1056 5130 proptosindomi·
1110 5070 1250 5131 cumque
1276 5052 1457 5114 maluerint
1480 5052 1644 5113 catholico
1675 5050 1817 5128 episeopo
1830 5041 1874 5102 lta·

258 5164 301 5224 tae
316 5156 528 5223 consistentis
540 5154 575 5214 in
587 5168 626 5213 ea
641 5150 749 5228 gentis
760 5150 965 5222 induritiam,
978 5149 1054 5211 talis
1110 5151 1211 5212 beant
1237 5151 1443 5228 potestatem.
1469 5149 1656 5211 Decedente
1683 5161 1760 5209 vero
1788 5139 1873 5219 priore

256 5256 481 5320 sollicitudine
492 5250 636 5328 pastoris
647 5248 806 5323 indigeat.
816 5249 873 5324 661
883 5247 997 5308 vinum
1008 5249 1057 5308 in·
1110 5250 1216 5327 ipsius
1231 5248 1393 5318 ecclesiae,
1408 5247 1461 5309 vel
1481 5263 1581 5324 quum
1597 5246 1684 5309 alias
1696 5259 1766 5307 eam
1781 5245 1873 5300 vacate

255 5354 424 5418 fundendo
436 5354 470 5414 61
479 5346 722 5412 oleummederi
735 5346 868 5407 noverit
883 5345 1053 5417 sauciatis,
1111 5347 1297 5422 contigerit,
1311 5346 1492 5421 capitulum
1516 5344 1579 5404 sibi
1599 5344 1742 5420 priorem
1764 5330 1872 5411 eligant

257 5453 298 5513 ad
314 5451 400 5528 quod
420 5449 502 5511 satis
524 5446 681 5508 idoneum
708 5443 903 5521 praedictum
926 5443 1057 5519 661666-
1111 5457 1207 5518 6666
1223 5439 1405 5501 66666166
1419 5441 1533 5509 Deum,
1555 5438 1589 5498 et
1606 5432 1873 5499 canonicasetrs·

256 5562 335 5622 pum
362 5544 577 5615 asseverant,
615 5540 832 5619 postulationi
866 5539 1055 5617 hujusmodi
1111 5538 1245 5614 gulares
1260 5537 1491 5598 observantias
1500 5535 1646 5597 viderint
1660 5529 1842 5610 eligendum
1852 5518 1874 5578 11

257 5657 434 5702 assensum
447 5640 645 5703 benevolum
659 5655 701 5702 ex
724 5654 825 5701 causa
839 5641 915 5700 tam
935 5652 1055 5699 neces·
1111 5635 1253 5697 electum
1270 5634 1511 5711 repraesentent
1519 5632 1767 5709 archiepiscopo
1778 5618 1875 5687 confir·
