3972 6204
101 310 181 371 1017
693 303 822 364 INDEX
854 302 1148 364 MATERIARUM.
1669 303 1747 365 1018

100 528 145 587 Ad
161 526 401 598 archiepiscopos,
412 527 574 598 episcopos,
585 532 652 594 777,
669 523 704 581 77
718 538 789 596 quos
841 461 894 513 σοι’
950 523 993 581 Ad
1009 522 1283 650 archiepiscoposet
1294 521 1455 594 episcopos.
1690 462 1747 582 isitii

136 600 237 656 77777777
252 599 314 653 istae
326 597 515 669 pervenerint.
844 597 896 653 777
949 595 994 652 Ad
1006 608 1172 666 episcopum
1211 607 1390 650 7777777777.
1693 596 1747 653 770

99 668 145 728 Ad
158 670 290 725 abbatem
305 677 333 724 et
348 668 448 724 7777777
461 667 568 723 ordinis
583 666 788 724 cisterciensis.
845 668 895 724 773
951 665 1147 722 7777777777.
1694 667 1744 722 777

99 740 497 810 770777777777777777777
518 736 635 808 majoris
649 739 787 805 ecclesiae,
950 734 1147 793 7777777777.
1176 806 1180 811 ¹
1671 736 1742 793 lbid.

136 812 261 883 priorem
286 812 312 865 S.
339 811 420 867 777777
442 819 470 865 77
491 809 659 879 magistrum
671 807 787 879 ioseph,
950 805 993 863 Ad
1013 806 1156 863 andream
1172 819 1273 876 regem
1289 804 1455 877 ilungarite.
1693 807 1746 865 777

137 881 307 938 7777777777
325 882 567 936 Lausannensem.
823 877 893 936 lbid.
950 877 992 935 Ad
1017 877 1268 947 archiepiscopos,
1297 877 1466 947 episcopos,
1494 881 1560 943 777,
1586 889 1637 947 777

99 951 144 1009 Ad
161 952 371 1008 Lambertimun
388 952 477 1021 episc.
495 950 636 1006 Setovicn.
845 949 895 1007 777
985 962 1107 1020 regnum
1123 948 1237 1018 Angiiaa
1255 948 1433 1003 constitutos.
1693 948 1744 1006 773

100 1021 144 1080 lto
173 1022 322 1077 universos
342 1021 444 1078 christi
468 1020 566 1076 fideles
588 1036 638 1093 per
659 1020 789 1077 llussiam
950 1018 993 1075 Ad
1009 1020 1130 1091 priorem
1147 1019 1175 1074 S.
1198 1018 1352 1085 Laurentii,
1378 1016 1547 1073 Florentinis
1566 1016 1637 1074 civi·

136 1092 315 1148 constitutos.
844 1091 896 1147 775
985 1089 1061 1146 77777.
1693 1089 1745 1146 777

98 1162 143 1221 77
163 1164 263 1219 Yolem
280 1162 409 1233 reginam
426 1162 590 1232 hungariae.
844 1161 895 1216 776
950 1159 993 1217 Ad
1019 1157 1266 1231 archiepiscopum
1294 1158 1490 1226 senonensem
1519 1158 1639 1231 ejusque

100 1233 144 1290 Ad
158 1233 327 1304 magistrum
343 1239 372 1288 77
387 1230 487 1288 7777777
501 1232 655 1305 Hospitalis
670 1233 699 1288 in
715 1246 789 1289 novo
984 1230 1195 1301 suffraganeos.
1367 1237 1369 1240 ’
1433 1298 1439 1310 ·
1691 1232 1744 1286 777

2 1316 3 1319 ’
136 1303 272 1359 suburbio
288 1303 417 1359 liciensi.
604 1340 606 1344 »
822 1301 893 1359 7777.
949 1300 993 1358 Ad
1009 1301 1140 1356 abbatem
1162 1300 1328 1356 monasterii
1344 1300 1440 1357 Sancti
1454 1299 1552 1356 hilarii
1567 1299 1639 1371 ejus

98 1373 143 1432 77
159 1373 292 1430 77777777
306 1375 400 1431 Sancti
414 1373 526 1430 llartini
539 1373 575 1429 77
583 1380 679 1430 monte
694 1374 786 1432 viter·
985 1387 1040 1443 que
1058 1370 1167 1427 iratres.
1691 1372 1744 1429 778

133 1444 237 1501 iriensi.
844 1444 895 1500 777
949 1441 992 1498 Ad
1010 1446 1180 1508 itomanum,
1200 1441 1227 1498 S.
1251 1441 1356 1513 angeli
1375 1439 1527 1496 diaconum
1541 1441 1634 1498 cardi·

96 1513 141 1572 Ad
166 1515 299 1571 abbatem
327 1522 355 1571 et
380 1521 553 1571 conventum
574 1515 602 1571 S.
627 1513 736 1571 Nicoiai
753 1513 789 1570 de
985 1514 1090 1579 nalem,
1108 1512 1142 1569 Α.
1162 1513 1190 1568 S.
1207 1511 1333 1582 legatum
1353 1512 1383 1567 iu
1399 1512 1528 1568 Francia.
1691 1513 1745 1569 780

135 1585 409 1642 Pratishaudunen.
843 1584 894 1641 718
949 1580 1251 1654 Adarchiepiscopum
1265 1583 1410 1639 77777777.
1692 1584 1742 1640 787

98 1655 143 1713 Ad
158 1656 248 1728 episc.
261 1657 423 1721 87777777,
444 1656 476 1711 G.
494 1656 595 1711 Peurel
610 1654 786 1711 archidiaco·
949 1652 993 1711 Ad
1008 1653 1255 1725 archiepiscopos,
1276 1652 1427 1724 episcopos
1455 1660 1484 1709 et
1506 1653 1640 1724 praelatos

135 1742 205 1783 num
218 1734 248 1782 et
258 1728 427 1798 magistrum
436 1727 788 1782 Lauveruatzcanonicum
985 1725 1066 1797 regni
1082 1724 1219 1781 Francia.
1669 1723 1742 1781 ibid.

134 1797 274 1854 Parisien.
822 1795 893 1853 lbid.
949 1795 992 1852 Ad
1010 1794 1185 1852 Ludovicum
1198 1796 1370 1850 Francorum
1384 1807 1493 1865 regem.
1692 1795 1745 1852 785

98 1867 142 1927 hd
154 1867 324 1939 archiepisc.
340 1866 599 1949 liothomagen.,t3t
610 1865 644 1924 ad
653 1867 803 1939 episcopos
949 1866 992 1922 Ad
1007 1864 1151 1922 andream
1163 1879 1263 1936 regem
1277 1865 1442 1935 Hungariee.
1690 1867 1744 1923 786

136 1939 550 1995 inh'orrnaoniaconstitutos.
844 1937 895 1994 779
949 1936 992 1993 Α7
1007 1935 1252 2007 archiepiscopum
1266 1934 1454 2006 burdegalen.
1691 1938 1743 1994 787

98 2007 142 2066 hd
161 2010 313 2080 episcopos
333 2008 528 2080 agathensem
542 2015 570 2063 77
584 2008 748 2077 vicensem,
761 2015 790 2064 77
949 2008 992 2064 hd
1006 2007 1138 2063 abbatem
1153 2013 1181 2061 ct
1196 2012 1369 2062 7777777777
1389 2006 1416 2062 S.
1440 2006 1568 2079 Dionysii
1580 2007 1634 2063 Pa·

134 2078 369 2135 archidiaconum
385 2078 592 2151 agathensem.
844 2077 896 2134 770
985 2078 1122 2134 777777777.
1692 2077 1745 2134 788

97 2149 142 2207 Ad
164 2149 405 2231 archiepiscopos,
432 2151 592 2221 episcopos,
623 2149 740 2206 7777777
761 2155 790 2205 77
949 2149 992 2206 hd
1008 2148 1140 2205 abbatem
1155 2154 1183 2204 77
1197 2152 1370 2204 conventum
1388 2147 1468 2205 cnsae
1483 2149 1535 2204 Dei
1547 2148 1640 2205 claro·

132 2221 285 2279 universos
300 2221 327 2275 in
343 2221 462 2291 imperio
476 2220 622 2277 Romamne
641 2221 710 2276 eitra
726 2221 786 2277 lia·
985 2220 1143 2275 montensis
1154 2216 1295 2274 dioecesis.
1669 2216 1740 2275 ibid.

132 2304 212 2347 cram
228 2291 407 2347 constitutos.
842 2290 892 2346 777
949 2288 993 2346 hd
1008 2289 1125 2346 7777777
1137 2291 1166 2346 S.
1179 2290 1254 2345 Petri
1264 2288 1302 2344 de
1314 2288 1394 2347 Valle
1408 2295 1437 2345 77
1448 2286 1484 2345 de
1498 2287 1636 2361 iosaphat

97 2360 143 2418 Ad
165 2361 299 2428 barones,
324 2362 427 2416 mihies
442 2373 601 2429 omnesque
623 2361 738 2417 Latinos
758 2361 789 2416 77
984 2375 1019 2417 ac
1030 2359 1231 2416 cancellarium
1243 2359 1394 2416 carnoten.
1690 2359 1744 2417 790

134 2432 284 2489 Romania
304 2431 424 2503 imperio
448 2431 518 2487 citra
541 2433 665 2489 Macram
679 2430 786 2487 consti·
949 2430 992 2488 hd
1018 2430 1233 2508 Engelbertum,
1252 2428 1422 2501 archiepisc.
1445 2430 1591 2488 colonien.
1608 2436 1636 2487 77

132 2509 220 2559 tutos.
842 2502 894 2558 777
984 2501 1183 2574 suffraganeos
1197 2514 1269 2571 7777.
1690 2502 1741 2559 777

97 2570 311 2644 777777771777
326 2572 446 2629 7777777
461 2570 679 2629 Alexandrinos.
843 2571 895 2629 725
949 2572 1170 2645 hdepiscopum
1185 2569 1387 2627 777777777777.
1690 2573 1744 2629 797

97 2641 141 2700 Ad
157 2642 330 2700 liobhcrtum
353 2642 485 2699 abbatem
508 2642 535 2700 8.
550 2642 698 2701 Volusiani
716 2644 785 2698 Fus-
949 2644 992 2700 Ad
1006 2643 1173 2715 episcopum
1186 2639 1454 2699 cathalaunensem.
1691 2643 1744 2700 793
1823 2702 1827 2707 ,

97 2712 530 2840 7777777777777777777
841 2712 896 2839 iti
948 2713 992 2840 ll
1005 2710 1584 2840 lllllillithh‘ltllithwilt·
1668 2711 1743 2841 nili

95 2853 140 2911 77
155 2853 350 2911 Alexandrum
364 2854 460 2924 episeo
481 2824 782 2910 7777777777777777.
821 2853 892 2910 lbid.
948 2854 991 2912 Ad
1007 2856 1035 2912 S.
1052 2798 1156 2926 angeli
1179 2797 1332 2909 7777777777
1347 2824 1532 2923 cardinalem,
1549 2855 1583 2910 Α.
1606 2854 1635 2911 S.

98 2923 142 2981 Ad
166 2925 340 2997 magistrum
362 2926 441 3006 l.·et
461 2869 493 2979 R
517 2921 733 2979 archidiaconos
760 2929 789 2978 77
983 2925 1121 2997 legatum.
1668 2922 1740 2981 ibid.

134 2995 291 3052 Richerum
303 3008 474 3051 canonicum
489 2995 737 3052 catalaunensem.
843 2994 892 3051 737
949 2993 1148 3053 7777777777.
1687 2994 1740 3051 797

98 3064 141 3122 ho
155 3065 285 3122 eosdem.
844 3065 895 3121 732
949 3065 992 3123 hd
1007 3064 1150 3122 eumdem.
1666 3064 1738 3122 ibid.

95 3136 139 3193 Ad
156 3134 290 3193 abbatem
305 3143 333 3192 77
345 3135 784 3193 conventumSPetriPernsini.
842 3134 894 3192 777
948 3134 992 3194 Ad
1007 3135 1151 3192 eumdem.
1540 3172 1544 3179 ·
1686 3135 1739 3193 776

95 3206 139 3264 777
155 3208 362 3263 monasterium
378 3207 405 3263 S.
425 3205 603 3279 8777777777
611 3209 712 3274 licaeo,
724 3204 785 3262 ord.
947 3205 992 3263 Ad
1006 3206 1190 3278 praepositum
1219 3210 1247 3261 77
1269 3202 1415 3261 cantorem
1435 3205 1465 3262 S.
1491 3207 1588 3263 7777777
1606 3214 1635 3263 77

132 3277 299 3335 cistercien.
821 3274 891 3333 lbid.
983 3278 1153 3348 magistrum
1166 3273 1345 3344 llichaelem,
1362 3276 1532 3333 canonicum
1546 3278 1574 3333 S.
1588 3278 1634 3335 Ni·

98 3346 143 3405 777
158 3347 292 3403 abbatem
307 3354 334 3404 et
348 3353 521 3403 conventum
536 3347 701 3405 cistercien.
843 3348 895 3403 737
983 3347 1056 3404 77777
1070 3346 1242 3403 77777777.
1689 3347 1741 3404 797

97 3415 477 3490 supranominatorum.
843 3417 895 3473 770
948 3416 1250 3488 Adarchiepiseopum
1266 3417 1448 3474 Remensem.
1690 3417 1742 3475 798

99 3487 142 3545 Ad
157 3488 326 3560 episcopum
341 3489 513 3544 7717777777.
842 3488 892 3544 777
947 3488 992 3545 777
1005 3487 1250 3558 archiepiscopum
1265 3487 1471 3544 Senonensom.
1669 3487 1739 3546 lbid.

97 3557 141 3616 777
166 3558 300 3615 abbatem
327 3567 355 3615 77
378 3565 551 3616 conventum
578 3559 606 3616 S.
636 3558 728 3616 Pontii
751 3557 787 3615 de
948 3557 991 3617 Ad
1010 3558 1176 3640 episcopum
1196 3556 1389 3626 Valentinum,
1418 3558 1548 3615 abbatem
1576 3561 1631 3616 lia·

133 3627 296 3686 Themeriis
309 3629 474 3686 Narbonen.
842 3628 894 3685 777
983 3628 1080 3701 gnraei
1102 3634 1131 3683 et
1154 3627 1326 3700 magistrum
1343 3626 1524 3699 declamari,
1545 3643 1632 3687 cano·

97 3699 140 3758 hd
152 3705 327 3756 conventum
346 3700 557 3756 cassinensem.
821 3699 891 3758 ibid.
983 3700 1079 3756 uicum
1093 3697 1202 3754 Eduen.
1689 3701 1741 3758 799

97 3770 141 3829 777
155 3770 328 3843 magistrum
346 3777 375 3826 77
396 3768 498 3826 iratres
516 3767 625 3825 ordinis
644 3768 784 3827 77777777-
949 3768 992 3826 Ad
1004 3770 1170 3842 episcopum
1181 3770 1372 3825 Pennensem.
1686 3771 1741 3829 800

132 3848 236 3898 torum.
842 3840 893 3897 773
948 3839 1143 3898 Addecanum
1159 3839 1404 3895 suessionensem.
1686 3841 1738 3899 807

96 3910 140 3969 Ad
155 3911 389 3968 sanctimoniales
409 3911 526 3968 cisterc.
543 3908 603 3966 ord.
619 3911 649 3966 in
668 3925 784 3967 monas·
947 3910 991 3967 Ad
1006 3910 1176 3982 magistrum
1190 3917 1218 3965 et
1237 3907 1338 3966 iratres
1361 3908 1465 3966 domus
1490 3910 1518 3967 S.
1533 3910 1631 3969 7777777

132 3983 204 4038 77777
219 3981 348 4038 Ρ777777.
495 4012 498 4017 -
842 3981 894 4039 777
983 3979 1232 4037 Theutonicorum.
1686 3981 1740 4040 802

95 4050 141 4109 hd
165 4052 193 4108 S.
215 4052 338 4124 Remigii
365 4058 394 4108 77
417 4049 453 4107 77
478 4047 630 4109 llacheriis
651 4050 785 4121 7777777,
947 4049 1135 4109 7777777777
1155 4056 1183 4105 77
1206 4057 1378 4107 conventum
1399 4050 1427 4108 S.
1449 4051 1525 4108 Petri
1554 4051 1631 4110 Gan·

133 4123 254 4180 Remea.
271 4130 299 4178 et
313 4121 478 4178 atrebaten.
495 4120 611 4177 dioeces.
840 4122 892 4180 777
983 4120 1090 4178 777777.
1667 4120 1738 4180 ibid.

96 4191 142 4251 tid
169 4193 319 4249 universos
347 4191 593 4264 archiepiscopos,
623 4193 785 4265 episcopos,
947 4190 1102 4250 Adarchie
1123 4191 1182 4246 isco
1202 4204 1251 4246 um
1267 4188 1456 4262 Burdogalen.
1685 4193 1740 4250 863

133 4262 262 4330 7777777,
278 4269 332 4319 777.
657 4333 663 4346 ·
840 4263 892 4320 757
947 4205 1164 4343 7777777777
1177 4205 1499 4345 37777777777777777.
1685 4262 1740 4321 807

96 4331 142 4391 77
156 4332 276 4391 abbates
299 4332 335 4389 77
356 4335 444 4390 llorto
463 4333 575 4389 Sanctae
594 4333 692 4390 llarrae
705 4341 734 4390 et
750 4333 786 4390 de
946 4330 1239 4404 Adarcbreprseopos‚
1251 4338 1440 4404 episcoposet
1455 4332 1526 4388 altos
1536 4332 1629 4389 eccle·

133 4406 270 4470 77777777,
286 4402 347 4459 777.
363 4405 575 4459 7777777777.
840 4402 893 4460 tao
982 4404 1089 4460 siarum
1105 4402 1246 4473 prelatos.
1665 4403 1737 4460 lbid.

96 4472 142 4531 77
158 4475 201 4531 llu
225 4488 311 4530 onem
325 4474 470 4530 77777777.
484 4474 572 4544 episc.
819 4473 890 4532 lbid.
946 4473 990 4531 Ad
1011 4474 1189 4546 episcopum,
1211 4470 1351 4528 decanum
1373 4479 1402 4528 et
1422 4470 1633 4530 thesaurarium

97 4543 141 4602 hd
156 4488 331 4601 lingonicum
347 4545 519 4600 Francorum
535 4558 651 4617 regem·
840 4546 893 4602 776
983 4544 1143 4625 Lingones.
1160 4541 1301 4598 dioecesis.
1684 4543 1740 4601 807

96 4614 141 4672 ad
155 4615 322 4687 episcopum
337 4615 575 4671 Nemausensem.
840 4616 894 4672 766
947 4614 989 4672 hd
1003 4613 1248 4685 archiepiscopum
1262 4610 1452 4685 Burdegalen.
1685 4614 1738 4672 897

96 4685 140 4743 hd
157 4684 344 4742 Livonienses
354 4691 382 4742 et
392 4686 530 4742 Prntenos
539 4682 574 4742 ad
585 4682 670 4743 777777
682 4684 785 4743 Christi
946 4684 989 4743 Ad
1003 4684 1134 4740 abbatem
1145 4690 1174 4739 77
1187 4690 1359 4740 conventum
1375 4683 1541 4739 monasterii
1555 4684 1630 4740 Lau·

132 4770 297 4812 conversos.
819 4754 890 4813 lbid.
982 4754 1138 4813 reacensis.
1607 4786 1612 4795 ·
1684 4753 1738 4812 808

96 4825 140 4884 Ad
152 4827 319 4899 episcopum
334 4825 534 4882 Biterrensem.
840 4825 888 4883 767
946 4825 990 4883 Ad
1010 4825 1203 4897 prepositum,
1225 4819 1376 4879 7777777777
1398 4830 1427 4879 77
1448 4823 1630 4895 poenitentia·

97 4896 141 4954 Ad
155 4894 298 4953 eumdem.
840 4896 892 4954 787
980 4896 1055 4952 rium
1069 4892 1289 4951 ambianenses.
1685 4893 1739 4952 800

25 4968 29 4973 ’
96 4966 141 5025 77
155 4966 310 5039 magistros
325 4972 354 5022 et
372 4965 474 5023 iratres
488 4964 596 5023 ordinis
612 4965 783 5024 Praedicato·
818 5035 879 5094 Μ
946 4965 989 5024 Ad
1008 4965 1179 5037 magistrum
1194 4969 1223 5019 77
1240 4961 1342 5020 iratres
1356 4961 1463 5019 ordinis
1488 4962 1629 5021 Predica·
1664 5032 1725 5093 Μ

133 5052 205 5094 rum.
851 5052 889 5092 7.
982 5044 1085 5093 torum.
1697 5050 1737 5092 7.

96 5106 140 5166 77
152 5106 333 5165 cuiiieimum
349 5106 487 5163 77777777.
502 5108 590 5179 77777.
841 5107 891 5163 763
946 5106 989 5165 Ad
1004 5107 1170 5178 episcopum
1184 5102 1419 5161 ambianensem.
1683 5105 1739 5162 870

96 5178 141 5237 Ad
155 5178 313 5249 capitulum
326 5177 532 5235 cathalaunen.
840 5176 892 5233 767
946 5176 988 5233 hd
1004 5174 1144 5233 decanum
1160 5180 1188 5230 et
1202 5174 1357 5245 capitulum
1372 5174 1501 5230 ecclesiae
1515 5174 1543 5232 S.
1561 5174 1632 5233 Wil-

96 5247 141 5306 77
154 5248 307 5306 7777777777
327 5262 343 5304 7
365 5249 416 5305 isc.
430 5247 619 5321 vesprimien.
818 5246 889 5305 lbid.
981 5245 1076 5304 lehadi
1096 5246 1228 5302 Bremen.
1662 5244 1735 5303 lbid.

96 5316 141 5376 Ad
156 5318 279 5390 priorem
295 5326 322 5375 et
341 5264 442 5375 Fratres
455 5319 608 5390 Hospitalis
623 5318 784 5391 Hierosoly·
946 5312 1647 5395 Adabbatissametconvcntunrliontisllbraudi.·
1683 5317 1735 5374 877

132 5389 234 5445 mitani
250 5387 285 5444 de
300 5389 430 5446 Francia.
524 5404 526 5407 ’
840 5387 892 5444 765
945 5387 989 5446 77
1004 5389 1039 5444 ll.
1054 5385 1243 5457 Burdegalen.
1260 5391 1289 5441 et
1308 5391 1477 5456 magistrum
1500 5386 1525 5441 J.
1547 5386 1632 5442 Barat

97 5457 141 5515 ho
153 5459 320 5541 episcopum
335 5459 553 5516 Massiliensem.
840 5458 891 5516 766
980 5457 1185 5517 cathalaunen.
1202 5453 1434 5512 archidiaconum
1444 5460 1473 5511 et
1484 5461 1630 5512 cantorem

45 5551 48 5563 ·
97 5528 141 5587 777
160 5543 311 5601 episcopos
332 5531 429 5588 Galliae
453 5536 482 5586 et
500 5529 687 5589 ecclesiarum
710 5544 782 5603 pre·
981 5526 1187 5586 cathalaunen.
1683 5527 1737 5585 876

132 5600 216 5657 77777.
818 5597 888 5657 7777.
945 5596 1131 5656 7777777777
1144 5596 1388 5655 777777777777777
1401 5592 1628 5655 decemberone.
1684 5597 1738 5655 877
