3886 6214
203 298 264 371 215
815 298 992 361 HONORII
1012 298 1059 360 111
1081 298 1228 363 OPERA.
1780 304 1857 367 216

204 456 434 530 memoratum,
449 455 554 519 nobili
574 457 649 520 uiro
662 456 812 523 Walters
834 460 906 535 ejus
927 458 996 522 lilio
1049 460 1134 537 ipso,
1149 461 1324 538 pecuniam
1339 460 1562 538 supradictam
1577 462 1716 541 praeiato
1736 463 1857 527 Paulo

203 557 406 632 resignasse,
421 554 461 616 de
480 553 716 617 satisfaciendo
731 555 880 633 ejusdem
892 557 997 618 comi·
1050 558 1104 619 rel
1116 560 1189 635 ejus
1203 559 1412 636 procuratori
1424 561 1521 637 Juxta
1535 576 1629 622 suam
1640 563 1856 639 promissio-

205 653 249 715 tis
264 651 484 715 creditoribus
508 652 550 714 ab
573 669 612 714 eo
634 654 768 730 recepta
788 654 997 732 fidejussoria
1051 670 1126 716 uem
1150 655 1311 717 exsoluat.
1337 657 1480 734 Ideoque
1500 657 1695 720 discretioni
1720 662 1857 722 vestrae

206 750 371 812 cautione.
389 748 483 811 Unde
494 750 643 812 eamdem
655 751 860 814 comitissam
873 767 998 828 rogan·
1050 768 1110 829 per
1120 754 1310 829 apostolica
1323 755 1446 831 scripta
1457 755 1652 816 mandamus
1665 758 1858 833 quatenus,

204 847 282 909 dam
294 847 450 908 duximus
463 848 496 909 et
507 846 716 921 monendam,
726 848 791 925 ipsi
804 865 863 926 per
873 850 997 928 scripta
1049 846 1081 911 si
1102 850 1190 912 dicta
1208 850 1378 913 comitissa
1392 854 1594 929 praeceptum
1612 858 1765 915 nostrum
1780 869 1856 916 ne-

205 944 320 1006 nosira
335 943 530 1006 mandantes
550 946 597 1018 ut,
623 961 723 1022 quum
744 947 997 1022 promissionem
1049 944 1195 1023 glexerit
1207 948 1399 1024 adimplere,
1413 965 1475 1011 ros
1489 965 1563 1010 sam
1578 950 1620 1010 ad
1640 950 1673 1011 id
1688 967 1749 1028 per
1765 968 1860 1013 cen·

206 1057 302 1103 sunm
330 1056 404 1102 eam
431 1041 559 1103 uiolare
591 1057 659 1103 non
694 1042 821 1117 deceat,
852 1045 997 1105 maxime
1050 1060 1164 1106 suram
1179 1045 1452 1118 ecclesiasticam,
1467 1046 1688 1124 appellatione
1701 1052 1856 1119 remota,

206 1153 308 1216 quum
325 1138 429 1214 possit
441 1136 567 1200 habere
580 1154 753 1201 recursum
766 1141 807 1202 ad
822 1142 997 1219 praelatum
1051 1141 1188 1219 cogatis.
1207 1142 1326 1204 Datum
1350 1143 1517 1215 Laterani,
1542 1145 1573 1204 X
1591 1144 1754 1207 kalendas
1780 1164 1858 1209 au-

102 1298 109 1317 ,
206 1233 353 1297 nobilem
375 1234 410 1299 ot
434 1235 476 1299 ad
503 1235 717 1314 fidejussores
741 1237 807 1299 sibi
834 1237 929 1302 datos
955 1238 997 1300 ab
1049 1240 1151 1316 gusti,
1168 1239 1379 1318 pontificatus
1393 1240 1499 1303 nostri
1512 1256 1601 1306 auno
1615 1243 1721 1305 sexto.

663 1937 912 2064 LIBER
967 1937 1385 2067 SEPTIMUS

391 2481 458 2568 nii
495 2480 709 2569 serillib
747 2481 970 2570 bolionii
1005 2482 1068 2569 ΙΙΙ
1105 2481 1474 2629 robiii’ioaiiis
1509 2480 1666 2569 ANNO.

243 2709 308 2768 lion
322 2709 385 2767 sine
396 2710 576 2768 tribulatione
590 2717 618 2769 et
633 2711 726 2784 aliqua
752 2712 864 2770 tristitia
880 2711 931 2769 luit
954 2712 1001 2770 ille
1055 2721 1144 2771 verat,
1156 2714 1286 2771 liaculia
1296 2713 1348 2771 luit
1358 2712 1483 2771 Honorio
1493 2727 1579 2773 causa
1588 2709 1779 2781 tristitioe,sed
1791 2713 1859 2769 Deo

207 2796 503 2857 Pontificatusannus.
516 2802 600 2870 Nam,
622 2801 728 2859 amissa
742 2801 883 2870 beminis,
899 2800 936 2858 de
954 2816 999 2859 re·
1056 2801 1154 2871 iratus,
1175 2816 1229 2860 nec
1251 2803 1356 2870 animo,
1374 2816 1429 2859 nec
1446 2802 1567 2859 consilio
1585 2799 1684 2868 deluit,
1699 2808 1729 2857 et
1751 2800 1855 2858 budo-

207 2884 407 2960 dintegrandis
428 2887 513 2946 rebus
541 2888 725 2947 orientalibus
744 2889 892 2963 agebatur,
908 2897 937 2946 et
954 2891 1002 2948 illa
1056 2890 1149 2947 vicum
1165 2904 1274 2964 regem,
1289 2889 1412 2961 Philippi
1423 2896 1532 2955 numm,
1548 2887 1735 2945 vehementer
1748 2886 1856 2945 borta-

208 2989 275 3048 spes
294 2991 380 3048 quam
395 2976 424 3032 in
446 2977 597 3035 Frederico
621 2985 754 3050 posuerat
778 2977 917 3047 Pontiiex,
941 2978 1001 3052 jam
1049 2984 1101 3051 tus
1114 2977 1206 3036 estad
1221 2977 1459 3055 proficiscendum
1472 2975 1777 3034 contrahnsrebslies.

206 3062 477 3132 detumuisset,
504 3066 736 3125 nonsatisllrrua
751 3066 908 3124 videbatur.
925 3069 999 3135 Qua·
1091 3070 1215 3137 Interea,
1244 3066 1311 3123 dum
1340 3067 1438 3123 Rome
1457 3072 1534 3123 esset
1556 3064 1726 3131 Demetrius,
1751 3064 1861 3135 quiin

209 3159 324 3224 propter
348 3154 490 3212 Honorius
503 3155 653 3211 consilium
670 3155 829 3227 principum
850 3163 888 3223 et,
908 3163 940 3212 ut
963 3155 1001 3212 ita
1056 3153 1202 3213 Thessalia
1221 3154 1371 3227 regnabat,
1387 3152 1553 3211 Theodorus
1566 3153 1624 3221 ille,
1636 3153 1683 3224 qui
1698 3151 1861 3210 dicebatur

208 3238 314 3310 dicam,
334 3242 486 3299 concilium
524 3243 646 3299 militare
666 3242 838 3300 convocavit
860 3243 889 3298 ln
915 3243 998 3301 Cam·
1054 3242 1189 3314 Angelos,
1216 3243 1343 3315 regionis
1361 3242 1437 3300 illius
1457 3241 1563 3314 potitus
1577 3248 1647 3298 erat.
1667 3239 1857 3310 Guillelmus,

209 3328 304 3398 paula.
322 3328 619 3387 interfueruntautem
633 3331 886 3404 rexierosolyrnae,
900 3330 1003 3389 Frede
1056 3331 1183 3389 marchio
1198 3330 1392 3397 liontisicrati,
1415 3332 1456 3391 sic
1477 3329 1596 3403 depulso
1625 3329 1739 3402 proprio
1765 3327 1858 3387 tratri

207 3414 285 3471 ricus
310 3416 471 3488 imperator,
497 3420 697 3491 religiosorum
716 3419 999 3493 equitumliagistri,

208 3502 307 3559 etalii.

244 3594 374 3665 insuper,
387 3594 449 3666 ipse
460 3592 589 3652 Pontifex
603 3594 743 3653 mediator
754 3593 804 3652 luit
815 3596 889 3653 inter
903 3610 1002 3669 regem

209 3678 498 3754 hierosolymitanum
526 3690 555 3740 et
584 3684 786 3755 imperatorem
812 3685 877 3753 cui,
910 3696 1000 3740 uxore

208 3768 372 3827 Constantia
387 3778 507 3840 mortua,
525 3773 590 3829 data
606 3779 649 3829 est
670 3772 700 3828 in
712 3772 925 3830 matrimonium
940 3770 1001 3844 ipsa

206 3855 265 3915 illia
280 3858 407 3928 ioannis,
424 3874 480 3931 quo
495 3857 650 3917 ferventius
657 3859 824 3917 Fredericns
836 3858 1003 3916 detenderet

208 3945 244 4001 ab
254 3944 383 4004 hostibus
397 3955 506 4019 patrem
521 3947 664 4021 conjugis.
685 3950 727 4005 lie
737 3947 839 4020 quibus
852 3948 890 4004 ita
905 3946 1003 4004 scribit

208 4035 351 4091 lionorius
366 4052 373 4091 :
392 4055 405 4085 ι
421 4035 580 4109 Fastigium
594 4036 770 4093 excellentiae
785 4036 941 4107 imperialis
950 4034 999 4092 de·

208 4129 306 4179 center
316 4121 470 4179 humilians
482 4124 520 4179 ad
531 4124 681 4181 consilinm
690 4128 864 4192 nostramet
875 4125 1003 4194 (rerum

208 4215 383 4279 nostrornm,
403 4209 527 4268 nobilem
553 4211 702 4268 mulierem
721 4210 883 4280 isabellam,
906 4218 1002 4268 natam

209 4295 368 4355 charissimi
385 4300 415 4356 in
436 4298 546 4357 Christo
559 4298 609 4356 lilii
625 4300 715 4357 nostri
738 4300 870 4370 loannis,
885 4299 1003 4357 illustris

207 4386 285 4459 regis
322 4388 585 4462 hierosolymitani,
620 4386 782 4446 affidaveris
817 4388 928 4461 publice
973 4389 1002 4444 in

206 4488 337 4532 uxorem.
360 4497 371 4527 i

245 4565 277 4621 in
293 4564 382 4621 Gallia
395 4561 528 4634 decessit,
546 4563 602 4622 hoc
615 4580 701 4634 anno,
717 4580 768 4622 rex
782 4564 939 4637 Philippus,
955 4563 1003 4635 qui

208 4653 345 4710 Ecclesia
365 4652 456 4712 luerat
471 4653 604 4711 defensor
620 4661 650 4711 et
672 4660 826 4727 protector,
849 4653 955 4726 quique
974 4654 1002 4708 in

209 4755 260 4799 sua
271 4742 391 4815 juvenili
401 4749 486 4800 atate
497 4750 596 4799 contra
608 4744 782 4801 Sarracenos
795 4741 904 4800 sortiter
918 4740 1001 4799 dimi·

209 4839 334 4901 caverat,
356 4839 386 4890 et
408 4833 607 4906 albigensium
626 4833 774 4891 audaciam
796 4841 895 4906 postea
914 4830 1002 4889 reire·

209 4922 298 4981 navit.
322 4919 414 4993 liuius
427 4923 515 4994 igitur
535 4936 612 4980 mors
628 4921 795 4979 Pontificem
814 4921 1002 4990 contristavit,

209 5017 240 5068 ut
253 5011 315 5083 ipso
334 5017 454 5069 testatur
468 5011 497 5066 in
512 5011 573 5067 suis
586 5010 622 5068 ad
637 5009 823 5080 badericum,
839 5010 901 5084 eius
915 5009 1004 5068 illlum

209 5106 237 5157 et
247 5113 454 5167 successorem,
467 5099 577 5159 litteris.

245 5187 300 5246 Sed
310 5194 338 5245 et
348 5186 519 5260 albigenses
530 5202 565 5244 eo
575 5202 664 5259 usque
673 5186 848 5245 devenerunt
858 5189 1004 5259 utPapam

208 5275 262 5332 sibi
272 5277 405 5346 crearint,
418 5275 467 5348 qui
488 5274 627 5333 habitavit
642 5276 669 5331 in
685 5276 790 5334 linibus
802 5276 1002 5349 bulgarorum,

210 5366 328 5422 Croatiae
343 5373 373 5422 et
388 5364 546 5423 Dalmatiae.
562 5367 591 5421 ls
606 5363 790 5434 rescribebat,
806 5380 838 5422 se
857 5363 979 5421 dicendo
994 5380 1001 5420 :

210 5464 324 5509 servum
338 5467 485 5510 servorum
499 5460 607 5510 sauctae
632 5452 708 5510 ildei.
724 5452 769 5510 ild
790 5466 855 5510 enm
875 5452 1001 5511 conlim-

1056 3419 1085 3475 in
1099 3434 1265 3478 succursum
1280 3422 1378 3477 venire
1392 3427 1512 3476 conatus
1532 3426 1585 3487 est,
1608 3425 1640 3475 ut
1658 3417 1774 3474 familia
1787 3431 1861 3475 rem

1055 3509 1085 3563 in
1099 3509 1213 3566 Orieme
1232 3510 1401 3576 restitueret,
1417 3514 1445 3565 et
1463 3507 1547 3564 simul
1563 3506 1726 3564 Latinorum
1746 3512 1860 3577 poten·

1056 3598 1125 3654 tiam
1151 3597 1288 3655 stabiliret
1306 3595 1445 3654 adversus
1469 3597 1592 3654 Graecos.
1617 3597 1683 3666 ipsc
1705 3595 1862 3652 Hononus

1055 3686 1270 3758 crucesignatos
1281 3686 1450 3742 invitaverat
1473 3690 1502 3741 et
1520 3683 1714 3756 indulgentias
1727 3674 1859 3740 conces·

1056 3782 1141 3831 serat.
1154 3774 1217 3842 ast,
1232 3775 1261 3830 in
1286 3775 1349 3846 ipsa
1376 3772 1522 3831 Thessalia
1547 3778 1675 3828 mortuus
1698 3777 1742 3827 est
1770 3770 1859 3829 Guil·
1942 3761 1943 3780 ³

1056 3863 1168 3931 leimus,
1187 3862 1257 3920 dum
1279 3864 1404 3919 ioannes
1418 3864 1512 3919 bacas
1536 3859 1682 3927 Vatacins‚
1704 3873 1798 3930 gener
1825 3868 1861 3917 et

1056 3965 1204 4009 successor
1225 3949 1376 4019 Theodori,
1406 3948 1588 4020 imperatoris
1622 3948 1787 4004 Graeonrum
1825 3948 1858 4005 in
1942 3993 1943 4006 ,

1056 4039 1150 4096 Nicaea
1162 4038 1320 4110 regnantis,
1331 4039 1408 4096 auxit
1416 4053 1537 4111 regnum
1550 4049 1675 4094 asocero
1688 4042 1857 4106 acceptum,

1056 4125 1143 4182 otiam
1155 4140 1220 4183 cunt
1235 4126 1399 4182 Latinorum
1412 4121 1528 4180 damno.

1091 4210 1244 4271 Tribulatio
1259 4214 1346 4269 etiam
1362 4211 1454 4283 aliqua
1469 4219 1567 4268 exorta
1582 4217 1636 4279 est,
1648 4208 1729 4282 cuius
1744 4208 1856 4267 Frede-

1056 4304 1133 4361 ricus
1152 4302 1205 4359 luit
1231 4309 1337 4369 auctor,
1365 4299 1431 4357 dnm
1455 4300 1623 4357 electionem
1650 4299 1857 4371 episcoporum

1057 4391 1110 4450 sibi
1125 4397 1308 4464 arrogantem
1320 4389 1461 4446 Honorius
1475 4402 1633 4461 coarguere
1645 4388 1768 4460 cogitur.
1783 4389 1855 4445 Fre·

1056 4480 1144 4538 dorici
1167 4478 1293 4548 nuntius,
1315 4477 1514 4550 inpraesentia
1536 4476 1652 4533 lionorii
1667 4477 1855 4546 constitutus,

1057 4568 1166 4625 dixerat
1181 4565 1347 4624 Pontificem
1363 4564 1568 4637 protectionem
1584 4562 1777 4635 dedisseque
1796 4579 1858 4620 nou

1057 4665 1119 4714 erat
1132 4655 1279 4728 protectio,
1305 4652 1355 4710 sed
1375 4668 1439 4724 qun
1453 4651 1588 4709 tendebat
1609 4650 1646 4708 ad
1660 4649 1856 4724 perditionem

1057 4752 1086 4803 et
1099 4743 1278 4817 imperatoris
1297 4748 1326 4799 et
1342 4742 1434 4814 regni,
1460 4754 1553 4812 neque
1576 4741 1649 4797 velle
1670 4738 1859 4797 Fredericum

1057 4834 1130 4891 ullos
1153 4846 1170 4889 a
1192 4834 1268 4903 Papa
1293 4830 1465 4898 nominatos,
1481 4836 1512 4885 ut
1537 4828 1689 4901 episcopos
1712 4829 1857 4901 recipere,

1058 4919 1172 4995 quando
1198 4919 1359 4977 nominatos
1384 4932 1400 4974 a
1430 4916 1580 4975 Frederico
1604 4918 1682 4989 Papa
1711 4917 1857 4989 rejiceret.

1058 5007 1204 5083 Eiusmodi
1220 5008 1342 5080 querelae
1364 5020 1422 5063 non
1440 5011 1521 5062 erant
1541 5004 1703 5079 concordie
1717 5004 1857 5063 indicium
1941 5077 1942 5080 Ἴ

1058 5098 1259 5156 certissimum.
1288 5094 1343 5154 Sed
1368 5093 1405 5151 ad
1431 5093 1613 5166 appendices
1646 5092 1710 5150 libri
1739 5095 1797 5162 iv,
1828 5093 1858 5150 in

1058 5196 1126 5245 torn.
1143 5188 1195 5254 lli,
1211 5186 1347 5242 lectorem
1361 5182 1533 5240 remittimus
1547 5181 1733 5238 benevolum.

1093 5276 1199 5347 lingna
1217 5273 1244 5328 in
1260 5270 1426 5344 regionibus
1441 5268 1711 5343 septentrionalibus
1723 5283 1855 5326 minmo-

1059 5363 1098 5420 tio
1125 5362 1218 5419 civilis
1243 5360 1329 5417 eiiam
1344 5357 1417 5416 iacta
1434 5365 1488 5429 est,
1508 5357 1623 5430 quando
1637 5354 1857 5416 waldemarum

1057 5465 1157 5524 regem
1182 5449 1325 5523 principes
1353 5448 1448 5506 liaciae
1476 5447 1657 5503 vulneratum
1680 5454 1856 5518 captumque

210 5539 280 5597 bant
293 5540 429 5610 haeretici,
444 5549 475 5615 et
497 5542 535 5599 ita
555 5556 634 5599 error
659 5541 818 5600 invaluerat
840 5541 869 5597 in
892 5539 1005 5613 quibus
1058 5539 1214 5611 conjiciunt
1227 5537 1257 5593 in
1279 5549 1435 5603 carcerem,
1454 5547 1511 5591 una
1532 5547 1598 5590 cum
1612 5530 1680 5590 illio.
1696 5533 1751 5601 Qui
1766 5533 1854 5591 vecti-

212 5626 278 5685 dam
288 5629 360 5688 locis
370 5637 401 5717 qt
413 5631 498 5690 ctiam
511 5631 662 5706 episcopos
669 5628 809 5703 quosdam
823 5629 1002 5692 contamina·
1059 5629 1134 5702 galis
1148 5632 1209 5685 crat
1223 5625 1359 5683 Ecclesia
1372 5625 1509 5682 Romane
1525 5628 1555 5679 et
1567 5621 1854 5694 obsequentissimus.
