3886 6214
48 434 83 498 ad
112 430 248 510 triginta
275 445 453 494 aureorum
482 428 588 492 millia
620 429 822 503 facultatem,
877 410 1669 508 venerabilitratri...episcopoetdilectisdliir...

48 533 124 594 sicut
132 530 167 591 in
177 529 396 591 instrumento
411 527 561 591 contecto
577 527 697 589 exinde
712 527 824 589 conti·
878 524 1113 587 archidiacono
1141 525 1367 588 Nitriensibns
1396 528 1465 590 et...
1493 529 1672 606 praeposito

48 632 144 699 netur,
156 627 388 705 quae,pecunia
399 627 472 704 ipsa
485 625 550 702 piis
561 626 644 687 locis
658 625 693 685 in
708 624 824 686 ultima
880 621 1002 684 Sancti.
1023 622 1157 684 Thomas
1189 624 1443 699 strigoniensis,
1473 626 1613 691 salntem
1641 626 1675 687 et

47 742 99 787 sua
112 723 326 800 dispositione
338 722 508 799 legata,de
519 739 559 784 ea
575 722 666 783 mille
676 720 827 782 marabo·
878 719 1103 797 apostolicam
1117 718 1392 782 benedictionem.

45 825 122 885 linos
144 820 301 882 Ecclesiae
330 822 487 882 Romanae
511 818 657 897 reliquit.
680 820 723 881 Ut
746 833 824 893 ergo
919 816 1038 878 Dilecti
1061 812 1121 878 filii
1143 816 1294 891 magistri
1319 820 1356 878 G.
1379 821 1412 880 et
1435 820 1473 892 I.,
1498 819 1672 882 Veniensis

46 920 181 982 exbema
215 916 383 994 praedictae
413 917 539 992 reginae
573 916 742 988 uoluntas,
770 914 824 977 cni
879 914 1029 975 ecclesiae
1077 914 1251 987 canonici,
1306 914 1402 977 nobis
1448 916 1672 980 denuntiando

46 1016 192 1078 maxima'
212 1015 344 1092 piorum
375 1013 642 1076 consideratione
676 1013 824 1075 locorum
878 1011 1116 1083 monstrarunt,
1142 1011 1228 1088 qnod
1250 1013 1307 1084 M,
1338 1011 1393 1089 qni
1418 1029 1477 1089 pro
1499 1014 1672 1077 archidia-

46 1113 207 1175 lorendum
227 1114 290 1181 est,
304 1111 438 1174 effectui
450 1111 659 1188 mancipetur
673 1131 681 1170 ι
697 1111 825 1171 discre-
879 1123 961 1169 cono
990 1108 1140 1171 ecclesiae
1169 1108 1335 1185 praedictae
1362 1125 1398 1171 se
1425 1111 1520 1187 gerit,
1546 1111 1587 1172 ad
1616 1126 1674 1175 ec·

46 1211 116 1273 tioni
138 1211 258 1272 vestrae
283 1210 495 1287 praesentium
511 1207 709 1269 auctoritate
723 1223 823 1267 man·
879 1206 1084 1268 clesiastioas
1121 1206 1299 1281 dignitates
1342 1206 1492 1283 improbe
1523 1207 1673 1270 ambiens

46 1309 157 1379 damus,
174 1309 463 1384 quatenusregem
478 1306 587 1383 ipsum
605 1304 825 1382 personaliter
879 1302 1066 1375 sublimari,
1092 1304 1129 1365 nt
1154 1304 1350 1365 meritorum
1380 1303 1526 1366 delectus
1554 1307 1691 1367 saltem

14 1422 16 1425 ·
41 1406 201 1477 adeuntes,
214 1404 392 1482 pecuniam
403 1405 500 1481 Juxta
512 1402 705 1481 praedictam
718 1401 825 1479 dispo·
878 1416 990 1461 rernm
1005 1401 1101 1478 copia
1115 1401 1298 1464 enormiter
1312 1401 1533 1479 suppleretur,
1557 1402 1671 1464 archi*

46 1500 637 1579 sitionemipsinsreginaesoluendam
647 1498 822 1572 moneatis
878 1496 1088 1560 diaconatum
1119 1498 1276 1576 ejusdem'
1299 1498 1450 1560 ecclesiae
1476 1513 1535 1576 per
1568 1500 1673 1572 simo-

47 1600 198 1673 atteutius,
225 1601 259 1661 et
285 1598 454 1660 efficacius
483 1596 659 1659 inducatis.
684 1596 775 1669 Quod
795 1595 824 1657 si
878 1594 1009 1656 niaoam
1036 1595 1180 1657 obtinuit
1205 1595 1419 1673 pravitatem,
1445 1612 1512 1658 non
1538 1597 1677 1658 conten-

46 1697 165 1760 monitis
178 1696 220 1758 ad
234 1696 269 1757 id
281 1696 365 1759 torte
379 1712 445 1757 non
460 1695 582 1773 poterit
593 1692 750 1775 [adduci],
764 1708 824 1756 vos
877 1693 931 1754 tus
960 1693 1213 1770 quampluribus
1232 1692 1481 1769 parochialibus
1509 1694 1672 1768 eeclesiis,

47 1794 160 1855 eumad
174 1794 239 1855 boc
262 1793 460 1855 auctoritate
478 1793 592 1875 nostra
609 1791 669 1853 sub
683 1790 826 1869 Aposto-
879 1804 961 1865 quas
984 1789 1107 1865 praeter
1123 1788 1404 1866 dispensationem
1420 1789 1517 1851 Sedis
1530 1778 1674 1866 apostoss

47 1891 100 1952 lira
113 1891 300 1955 obedientia
315 1892 507 1953 coerceatis.
524 1890 643 1951 Datum
654 1889 821 1963 Laterani,
878 1885 952 1947 licae
965 1885 1090 1948 obtinet
1109 1887 1226 1947 contra
1255 1887 1378 1949 statuta
1404 1886 1545 1947 concilii
1566 1901 1673 1971 gene-

46 1989 140 2052 idibus
153 1989 352 2059 decembris,
368 2004 457 2051 anno
472 1988 622 2067 septimo.
641 1996 648 2004 '
877 1983 971 2045 ralis.
981 1984 1070 2045 idem
1082 1999 1212 2061 quoque
1225 1983 1398 2060 pronihilo
1408 1972 1566 2060 'reptrtaus
1576 1998 1674 2045 cano·

879 2081 972 2143 uicas
997 2078 1198 2153 sanctiones,
1210 2080 1385 2158 quemdam
1398 2081 1547 2158 spurium
1563 2096 1671 2154 suum,

879 2194 977 2256 quem
1000 2178 1040 2240 de
1067 2177 1209 2257 quadam
1233 2178 1373 2239 muliere
1397 2178 1553 2255 suscepit,
1574 2193 1673 2256 quam

879 2276 944 2338 sibi
959 2275 999 2338 de
1013 2275 1100 2338 lacto
1113 2274 1402 2337 matrimonialiter
1415 2275 1469 2338 vel
1486 2277 1673 2337 incestuose

879 2374 989 2452 potius
1008 2373 1221 2451 compulerit,
1237 2372 1398 2434 ineadem
1419 2360 1676 2434 ecclesiacano-

878 2472 993 2532 nicare
1005 2469 1240 2549 praesumpsit:
1261 2471 1294 2532 et
1306 2469 1343 2532 ut
1355 2485 1390 2531 se
1406 2472 1473 2531 Deo
1489 2468 1674 2531 detestabi-

878 2569 955 2640 lem,
980 2569 1014 2629 et
1038 2566 1229 2630 bominibus
1250 2567 1368 2628 reddat
1390 2582 1541 2640 exosum,
1572 2566 1675 2628 semi·

879 2681 964 2727 nans
984 2665 1168 2726 discordias
1192 2665 1280 2726 inter
1306 2663 1426 2726 iratres
1446 2664 1488 2725 ad
1513 2667 1674 2742 majorem

48 273 100 338 ao
636 269 865 333 nersroum.
888 269 967 332 urs.
989 252 1061 332 vu.

374 2266 481 2354 XXX

73 2422 116 2482 Ad
130 2420 285 2483 abbatem
298 2418 417 2568 δαὲιςίῑ
429 2417 596 2520 Dionem,
610 2416 789 2477 Peristeo.

368 2520 511 2569 eoeceszs.

278 2638 314 2696 ll
333 2635 463 2695 decemb.
494 2634 573 2693 lm.

74 2762 180 2827 insecat,
187 2761 234 2813 lib.
244 2762 305 2822 vll,
314 2760 389 2824 epist.
399 2758 439 2808 ol.
450 2758 508 2809 llas.
519 2758 556 2809 La
563 2757 640 2806 Porta
649 2755 684 2807 du
695 2753 791 2819 Tudi]

91 2886 212 2960 Indulget
229 2893 263 2944 ut
278 2884 369 2959 pallas
381 2883 478 2941 altaris
492 2880 662 2941 benedicere
674 2878 769 2937 liceat.

879 2762 1102 2825 damnationis
1118 2778 1187 2824 suae
1204 2762 1383 2834 cumulum,
1401 2762 1513 2823 causis
1525 2761 1671 2823 saecula-

878 2859 981 2933 ribus,
995 2860 1036 2921 de
1051 2858 1171 2936 quibus
1186 2859 1353 2921 interdum
1366 2859 1541 2935 sanguinis
1553 2858 1672 2920 effusio

81 3024 255 3095 Honorius,
287 3023 370 3092 etc,
397 3018 518 3080 dilecto
546 3015 616 3077 tilio
620 3058 681 3077 .....
709 3012 823 3075 abbati

51 3119 144 3182 saum
157 3117 321 3197 Dionysii,
333 3116 475 3178 salutem
486 3115 520 3177 et
530 3112 757 3191 apostolicam
765 3110 825 3172 be-

50 3217 265 3279 sedictionem.

81 3313 174 3384 anm
192 3327 213 3374 a
235 3309 336 3372 nobis
346 3309 471 3387 petitur
484 3304 571 3385 quod
584 3305 715 3383 justum
727 3303 779 3364 est
792 3301 825 3363 et

50 3407 213 3482 honestum,
235 3411 308 3471 tam
322 3406 419 3483 vigor
437 3403 615 3482 aequitatis,
628 3417 726 3479 quam
741 3399 823 3463 ordo

51 3506 137 3583 exigit
154 3506 309 3577 radonis,
342 3504 380 3565 ut
402 3503 436 3564 id
469 3517 529 3579 per
563 3498 824 3562 sollicitudinem

52 3603 134 3665 aldeli
153 3604 259 3667 nostri
285 3603 327 3664 ad
346 3600 493 3662 debiturn
506 3597 709 3676 perducatur
723 3594 826 3657 effee-

50 3700 116 3763 tum.
127 3703 326 3781 ldapropter,
350 3698 469 3761 dilecte
479 3697 515 3759 in
526 3695 665 3757 Domino
679 3693 740 3766 tili,
756 3693 825 3755 tuis

49 3799 131 3873 lurda
156 3796 435 3877 postulationibus
460 3796 555 3871 grato
588 3790 824 3854 concurrentes

51 3908 179 3970 assensu,
192 3898 229 3959 ut
242 3895 345 3957 liceat
357 3893 429 3965 tibi,
446 3891 479 3954 et
493 3888 743 3953 successoribus
757 3887 824 3951 tuis

52 3993 179 4056 ecclesia
192 3995 259 4056 tnae
273 3991 384 4069 pallas
394 3989 512 4052 altaris
526 3987 725 4049 benedicere
737 4000 823 4046 auc-

52 4088 163 4153 toritate
210 4088 428 4167 praesensum
470 4085 690 4160 indulgemus.
731 4081 825 4144 Nulli

51 4199 126 4262 ergo,
138 4189 209 4261 etc,
223 4188 313 4250 banc
327 4185 484 4263 paginam
498 4185 621 4245 nostrae
632 4180 825 4244 concessio-

50 4283 93 4345 nis
105 4283 290 4365 intringere,
307 4285 370 4345 etc.
391 4282 426 4343 Si
441 4281 518 4358 quis
530 4280 653 4352 antem,
677 4278 741 4340 etc.
756 4279 826 4338 Da-

50 4378 106 4440 tum
121 4383 284 4455 Laterani,
295 4381 373 4442 XIX
386 4377 547 4440 kalendas
557 4376 719 4455 januarii,
739 4388 825 4453 pon·

51 4474 172 4543 tldoatus
183 4479 290 4543 nostri
306 4492 394 4541 anno
409 4475 560 4553 septimo.

52 4892 92 4953 Ad
102 4897 258 4958 Iacobum
273 4896 469 4971 apocopum
485 4890 518 4953 et
541 4890 824 4952 archidiaconum

82 4984 265 5046 Numeres
299 4982 333 5045 et
359 4978 586 5058 praepositum
613 4980 650 5040 S·
687 4981 823 5040 Thomas

82 5070 330 5147 stripcnanso.

289 5164 323 5223 td
336 5162 466 5222 decemb.
483 5163 563 5223 1221.

185 5276 276 5344 [Iolen
284 5277 346 5330 (lod.
357 5276 474 5342 diplom„
484 5280 503 5325 t.
514 5274 558 5334 Ill,
571 5286 590 5333 1,
600 5272 669 5339 aba]

53 5377 150 5440 Inna
162 5392 194 5442 nt
206 5385 351 5458 inquirant
363 5385 393 5441 in
407 5384 458 5452 ld,
474 5382 523 5455 qni
542 5396 597 5454 pro
619 5378 823 5439 archidiacono

285 5464 417 5524 vaciensi
432 5476 465 5519 se
478 5462 564 5535 gerit.

84 5578 738 5658 Honoriusepiscopus,sernnsseruorum
748 5575 820 5648 Dei,

879 2957 1046 3035 provenit,
1075 2958 1199 3018 temere
1232 2972 1269 3018 se
1314 2957 1489 3029 immiscet,
1523 2957 1674 3033 aliasque

879 3054 974 3132 plura
989 3069 1150 3116 exercens
1162 3054 1313 3114 enormia
1327 3054 1363 3114 in
1377 3069 1448 3114 snae
1463 3053 1581 3114 salutis
1602 3052 1673 3112 dis-

878 3149 1074 3227 pendiumet
1084 3148 1333 3223 derogationem
1344 3147 1472 3209 ordinis
1483 3145 1669 3208 clericalis:

879 3246 1057 3310 canonicos
1093 3245 1293 3307 canonicare
1328 3241 1543 3325 [adscribere]
1578 3259 1671 3321 prae·

879 3344 980 3406 sumit
1002 3358 1072 3404 snae
1097 3342 1236 3403 arbitrio
1264 3341 1457 3403 uoluntatis.
1482 3341 1566 3414 Quia
1591 3356 1673 3403 vero

879 3441 975 3504 uobis
999 3456 1067 3502 non
1082 3439 1231 3502 constitit
1256 3438 1297 3500 de
1322 3438 1518 3516 praemissis,
1542 3439 1673 3500 discre-

877 3539 962 3601 tioni
982 3539 1085 3601 vestae
1103 3551 1163 3614 per
1180 3535 1369 3614 apostolica
1384 3536 1508 3613 scripta
1532 3534 1673 3597 manda-

878 3653 963 3708 mns,
991 3634 1173 3714 quatenus,
1198 3633 1326 3696 vocatis
1350 3634 1408 3710 qui
1436 3633 1561 3695 inerint
1586 3648 1672 3695 evo·

878 3733 987 3807 candi,
1004 3733 1038 3795 et
1052 3732 1174 3793 auditis
1190 3731 1267 3792 hinc
1287 3730 1366 3792 inde
1380 3729 1569 3807 propositls,
1584 3729 1671 3807 qnod

879 3831 1077 3895 canonicum
1111 3828 1224 3900 luerit,
1254 3828 1390 3889 auctore
1419 3826 1570 3898 Domino,
1593 3826 1669 3897 etc„

878 3929 1021 4001 faciatis,
1041 3927 1103 3989 etc.
1116 3924 1249 3998 Quodsi
1264 3939 1331 3986 non
1344 3939 1469 3995 omnes,
1480 3923 1542 3984 etc.
1552 3924 1671 3984 Datum

878 4025 1045 4097 Laterani,
1063 4025 1170 4085 XVIII
1188 4021 1350 4084 kalendas
1360 4020 1521 4099 januarii,
1536 4019 1672 4097 pontiti-

878 4124 972 4187 catus
994 4122 1101 4186 nostri
1116 4136 1205 4183 anno
1227 4119 1379 4196 septimo.

1202 4342 1350 4430 XXXII

877 4500 930 4560 Ad
952 4501 1116 4560 Innocens
1138 4496 1336 4569 episcopum
1355 4489 1671 4568 analemmatos

996 4596 1103 4670 Eorta
1117 4592 1150 4653 et
1168 4593 1204 4652 S·
1220 4589 1387 4652 &ethardi
1401 4588 1550 4651 conates.

1136 4720 1170 4779 lli
1184 4716 1314 4777 decemb.
1332 4717 1412 4776 lm.

1032 4845 1123 4911 [aaa
1134 4843 1218 4896 codex
1231 4838 1516 4905 biplom.,111,1‚³ed.]

877 4971 1003 5041 Mandat,
1011 4968 1184 5043 utpopulum
1197 4965 1323 5034 inducat,
1337 4979 1375 5022 ua
1388 4962 1455 5036 quid
1462 4971 1559 5021 contro
1571 4976 1669 5035 regem

987 5058 1033 5115 vel
1046 5056 1155 5115 nobiles
1168 5061 1276 5112 amere
1290 5059 1431 5110 attentare
1445 5050 1558 5110 audeat.

917 5183 1084 5245 Honorius
1094 5180 1405 5258 episcopusservus
1415 5189 1586 5238 seruorum
1596 5174 1667 5247 Dei,

877 5278 1061 5344 venerabili
1075 5276 1208 5340 tratri...
1220 5275 1375 5353 episcopo
1389 5272 1554 5348 agnensi,
1566 5272 1599 5332 et
1613 5270 1669 5330 di-

876 5378 972 5442 lectis
987 5376 1105 5438 tiliis...
1122 5374 1163 5436 de
1176 5373 1272 5450 Egris
1287 5375 1358 5434 et...
1382 5368 1496 5432 Sancti
1510 5366 1669 5430 Gothardl

877 5474 1062 5547 abbatibus,
1076 5464 1291 5533 cenadiensis
1305 5469 1339 5531 et
1348 5464 1565 5528 Gueuriensis
1580 5463 1668 5527 dioe-

877 5587 1001 5645 cesum,
1018 5570 1170 5641 salutem,
1187 5568 1249 5629 etc.
