<?xml version="1.0" encoding="UTF-8"?>
<!DOCTYPE html PUBLIC "-//W3C//DTD XHTML 1.0 Transitional//EN"
    "http://www.w3.org/TR/xhtml1/DTD/xhtml1-transitional.dtd">
<html xmlns="http://www.w3.org/1999/xhtml" xml:lang="en" lang="en">
 <head>
  <title>
</title>
<meta http-equiv="Content-Type" content="text/html;charset=utf-8" />
  <meta name='ocr-system' content='tesseract 3.04.00' />
  <meta name='ocr-capabilities' content='ocr_page ocr_carea ocr_par ocr_line ocrx_word'/>
</head>
<body>
  <div class='ocr_page' id='page_1' title='image "./mediiaevibiblio04bottgoog_0086.png"; bbox 0 0 4014 6224; ppageno 0'>
   <div class='ocr_carea' id='block_1_1' title="bbox 133 285 182 355">
    <p class='ocr_par' dir='ltr' id='par_1_1' title="bbox 133 285 182 355">
     <span class='ocr_line' id='line_1_1' title="bbox 133 285 182 355; baseline 0 -10"><span class='ocrx_word' id='word_1_1' title='bbox 133 285 182 355; x_wconf 78' lang='lat' dir='ltr'><strong>tlt</strong></span> 
     </span>
    </p>
   </div>
   <div class='ocr_carea' id='block_1_2' title="bbox 121 438 948 1482">
    <p class='ocr_par' dir='ltr' id='par_1_2' title="bbox 121 438 948 1482">
     <span class='ocr_line' id='line_1_2' title="bbox 134 438 948 531; baseline -0.001 -25"><span class='ocrx_word' id='word_1_2' title='bbox 134 438 905 531; x_wconf 75' lang='lat' dir='ltr'><strong>elredderecontradicunt.ldeoquediscrctioni</strong></span> <span class='ocrx_word' id='word_1_3' title='bbox 943 486 948 495; x_wconf 79' lang='lat'><em>-</em></span> 
     </span>
     <span class='ocr_line' id='line_1_3' title="bbox 132 537 907 619; baseline 0.005 -17"><span class='ocrx_word' id='word_1_4' title='bbox 132 542 190 603; x_wconf 79' lang='lat' dir='ltr'><strong>tua</strong></span> <span class='ocrx_word' id='word_1_5' title='bbox 202 553 257 616; x_wconf 92' lang='lat' dir='ltr'><strong>per</strong></span> <span class='ocrx_word' id='word_1_6' title='bbox 263 537 452 615; x_wconf 81' lang='lat' dir='ltr'><strong>Apostolica</strong></span> <span class='ocrx_word' id='word_1_7' title='bbox 467 540 591 616; x_wconf 87' lang='lat' dir='ltr'><strong>scripta</strong></span> <span class='ocrx_word' id='word_1_8' title='bbox 607 539 813 615; x_wconf 84' lang='lat' dir='ltr'><strong>mandamus,</strong></span> <span class='ocrx_word' id='word_1_9' title='bbox 827 557 907 619; x_wconf 85' lang='lat' dir='ltr'><strong>qua-</strong></span> 
     </span>
     <span class='ocr_line' id='line_1_4' title="bbox 129 634 903 711; baseline 0.006 -16"><span class='ocrx_word' id='word_1_10' title='bbox 129 638 216 698; x_wconf 82' lang='lat' dir='ltr'>tenus</span> <span class='ocrx_word' id='word_1_11' title='bbox 233 634 380 711; x_wconf 87' lang='lat' dir='ltr'><strong>partibus</strong></span> <span class='ocrx_word' id='word_1_12' title='bbox 402 636 593 697; x_wconf 89' lang='lat' dir='ltr'><strong>convocatis</strong></span> <span class='ocrx_word' id='word_1_13' title='bbox 619 636 741 701; x_wconf 81' lang='lat' dir='ltr'>audias</span> <span class='ocrx_word' id='word_1_14' title='bbox 757 649 903 706; x_wconf 84' lang='lat' dir='ltr'><strong>caueam.</strong></span> 
     </span>
     <span class='ocr_line' id='line_1_5' title="bbox 129 730 902 808; baseline 0.003 -14"><span class='ocrx_word' id='word_1_15' title='bbox 129 732 158 794; x_wconf 90' lang='lat' dir='ltr'><strong>et</strong></span> <span class='ocrx_word' id='word_1_16' title='bbox 169 730 385 808; x_wconf 78' lang='lat' dir='ltr'>appellatione</span> <span class='ocrx_word' id='word_1_17' title='bbox 398 732 538 804; x_wconf 87' lang='lat' dir='ltr'><strong>remota,</strong></span> <span class='ocrx_word' id='word_1_18' title='bbox 553 732 661 799; x_wconf 86' lang='lat' dir='ltr'><strong>debito</strong></span> <span class='ocrx_word' id='word_1_19' title='bbox 676 733 743 795; x_wconf 82' lang='lat' dir='ltr'><strong>dne</strong></span> <span class='ocrx_word' id='word_1_20' title='bbox 758 734 902 807; x_wconf 80' lang='lat' dir='ltr'>decidas,</span> 
     </span>
     <span class='ocr_line' id='line_1_6' title="bbox 126 827 905 907; baseline 0.004 -18"><span class='ocrx_word' id='word_1_21' title='bbox 126 828 252 901; x_wconf 84' lang='lat' dir='ltr'><strong>taciens,</strong></span> <span class='ocrx_word' id='word_1_22' title='bbox 269 827 356 904; x_wconf 92' lang='lat' dir='ltr'><strong>quod</strong></span> <span class='ocrx_word' id='word_1_23' title='bbox 378 828 567 890; x_wconf 81' lang='lat' dir='ltr'><strong>decreveris</strong></span> <span class='ocrx_word' id='word_1_24' title='bbox 587 845 648 907; x_wconf 91' lang='lat' dir='ltr'><strong>per</strong></span> <span class='ocrx_word' id='word_1_25' title='bbox 666 846 841 891; x_wconf 85' lang='lat' dir='ltr'><strong>censuram</strong></span> <span class='ocrx_word' id='word_1_26' title='bbox 854 847 905 903; x_wconf 61' lang='lat' dir='ltr'><strong>ec:</strong></span> 
     </span>
     <span class='ocr_line' id='line_1_7' title="bbox 127 923 904 989; baseline 0.003 -3"><span class='ocrx_word' id='word_1_27' title='bbox 127 923 335 986; x_wconf 88' lang='lat' dir='ltr'><strong>clesiasticam</strong></span> <span class='ocrx_word' id='word_1_28' title='bbox 348 923 492 986; x_wconf 86' lang='lat' dir='ltr'><strong>tirmiter</strong></span> <span class='ocrx_word' id='word_1_29' title='bbox 515 923 698 987; x_wconf 88' lang='lat' dir='ltr'><strong>observari.</strong></span> <span class='ocrx_word' id='word_1_30' title='bbox 714 928 827 989; x_wconf 86' lang='lat' dir='ltr'><strong>Testes</strong></span> <span class='ocrx_word' id='word_1_31' title='bbox 843 943 904 988; x_wconf 87' lang='lat' dir='ltr'><strong>au-</strong></span> 
     </span>
     <span class='ocr_line' id='line_1_8' title="bbox 124 1019 903 1100; baseline 0.004 -17"><span class='ocrx_word' id='word_1_32' title='bbox 124 1022 191 1092; x_wconf 90' lang='lat' dir='ltr'><strong>tem,</strong></span> <span class='ocrx_word' id='word_1_33' title='bbox 205 1020 259 1097; x_wconf 91' lang='lat' dir='ltr'><strong>qui</strong></span> <span class='ocrx_word' id='word_1_34' title='bbox 269 1019 397 1083; x_wconf 84' lang='lat' dir='ltr'><strong>tuerint</strong></span> <span class='ocrx_word' id='word_1_35' title='bbox 409 1022 584 1094; x_wconf 87' lang='lat' dir='ltr'><strong>nominati,</strong></span> <span class='ocrx_word' id='word_1_36' title='bbox 598 1023 627 1083; x_wconf 93' lang='lat' dir='ltr'><strong>si</strong></span> <span class='ocrx_word' id='word_1_37' title='bbox 640 1038 678 1083; x_wconf 86' lang='lat' dir='ltr'><strong>se</strong></span> <span class='ocrx_word' id='word_1_38' title='bbox 694 1024 815 1100; x_wconf 74' lang='lat' dir='ltr'><strong>gratia,</strong></span> <span class='ocrx_word' id='word_1_39' title='bbox 827 1024 903 1086; x_wconf 91' lang='lat' dir='ltr'><strong>odio</strong></span> 
     </span>
     <span class='ocr_line' id='line_1_9' title="bbox 124 1116 900 1193; baseline 0.001 -13"><span class='ocrx_word' id='word_1_40' title='bbox 124 1116 169 1180; x_wconf 88' lang='lat' dir='ltr'><strong>vel</strong></span> <span class='ocrx_word' id='word_1_41' title='bbox 193 1117 311 1178; x_wconf 88' lang='lat' dir='ltr'><strong>timore</strong></span> <span class='ocrx_word' id='word_1_42' title='bbox 343 1117 581 1185; x_wconf 71' lang='lat' dir='ltr'><strong>subtraxerint,</strong></span> <span class='ocrx_word' id='word_1_43' title='bbox 611 1132 753 1181; x_wconf 89' lang='lat' dir='ltr'><strong>censura</strong></span> <span class='ocrx_word' id='word_1_44' title='bbox 782 1120 900 1193; x_wconf 82' lang='lat' dir='ltr'><strong>simili,</strong></span> 
     </span>
     <span class='ocr_line' id='line_1_10' title="bbox 124 1212 902 1293; baseline 0 -17"><span class='ocrx_word' id='word_1_45' title='bbox 124 1212 336 1290; x_wconf 81' lang='lat' dir='ltr'><strong>appellatione</strong></span> <span class='ocrx_word' id='word_1_46' title='bbox 372 1215 533 1285; x_wconf 87' lang='lat' dir='ltr'><strong>cessante,</strong></span> <span class='ocrx_word' id='word_1_47' title='bbox 562 1215 742 1293; x_wconf 89' lang='lat' dir='ltr'><strong>compellas</strong></span> <span class='ocrx_word' id='word_1_48' title='bbox 768 1217 902 1279; x_wconf 88' lang='lat' dir='ltr'><strong>veritati</strong></span> 
     </span>
     <span class='ocr_line' id='line_1_11' title="bbox 122 1309 902 1386; baseline 0.005 -16"><span class='ocrx_word' id='word_1_49' title='bbox 122 1309 337 1371; x_wconf 89' lang='lat' dir='ltr'><strong>testimouium</strong></span> <span class='ocrx_word' id='word_1_50' title='bbox 367 1309 553 1386; x_wconf 86' lang='lat' dir='ltr'><strong>perhibere.</strong></span> <span class='ocrx_word' id='word_1_51' title='bbox 570 1314 687 1372; x_wconf 88' lang='lat' dir='ltr'><strong>Datum</strong></span> <span class='ocrx_word' id='word_1_52' title='bbox 711 1313 829 1381; x_wconf 80' lang='lat' dir='ltr'><strong>Alatri,</strong></span> <span class='ocrx_word' id='word_1_53' title='bbox 858 1314 902 1374; x_wconf 91' lang='lat' dir='ltr'><strong>Vl</strong></span> 
     </span>
     <span class='ocr_line' id='line_1_12' title="bbox 121 1406 899 1482; baseline 0.004 -15"><span class='ocrx_word' id='word_1_54' title='bbox 121 1421 215 1467; x_wconf 91' lang='lat' dir='ltr'><strong>nonas</strong></span> <span class='ocrx_word' id='word_1_55' title='bbox 229 1406 320 1480; x_wconf 89' lang='lat' dir='ltr'><strong>maii,</strong></span> <span class='ocrx_word' id='word_1_56' title='bbox 339 1406 551 1482; x_wconf 79' lang='lat' dir='ltr'><strong>pontificatus</strong></span> <span class='ocrx_word' id='word_1_57' title='bbox 564 1408 670 1471; x_wconf 89' lang='lat' dir='ltr'><strong>nostri</strong></span> <span class='ocrx_word' id='word_1_58' title='bbox 690 1425 778 1472; x_wconf 92' lang='lat' dir='ltr'><strong>anno</strong></span> <span class='ocrx_word' id='word_1_59' title='bbox 794 1411 899 1472; x_wconf 86' lang='lat' dir='ltr'><strong>sexte.</strong></span> 
     </span>
    </p>
   </div>
   <div class='ocr_carea' id='block_1_3' title="bbox 317 1708 583 1867">
    <p class='ocr_par' dir='ltr' id='par_1_3' title="bbox 317 1708 583 1867">
     <span class='ocr_line' id='line_1_13' title="bbox 317 1708 583 1867; baseline 0 0"><span class='ocrx_word' id='word_1_60' title='bbox 317 1708 319 1717; x_wconf 28' lang='grc' dir='ltr'>Ι</span> <span class='ocrx_word' id='word_1_61' title='bbox 430 1779 583 1867; x_wconf 83' lang='lat' dir='ltr'>CLXVI</span> 
     </span>
    </p>
   </div>
   <div class='ocr_carea' id='block_1_4' title="bbox 146 1928 867 2109">
    <p class='ocr_par' dir='ltr' id='par_1_4' title="bbox 146 1928 867 2109">
     <span class='ocr_line' id='line_1_14' title="bbox 146 1928 867 2006; baseline 0.001 -16"><span class='ocrx_word' id='word_1_62' title='bbox 146 1929 193 1990; x_wconf 74' lang='lat' dir='ltr'><strong>Ad</strong></span> <span class='ocrx_word' id='word_1_63' title='bbox 208 1928 407 2003; x_wconf 66' lang='lat' dir='ltr'><strong>Goid’icinm</strong></span> <span class='ocrx_word' id='word_1_64' title='bbox 420 1930 461 1990; x_wconf 83' lang='lat' dir='ltr'><strong>cic</strong></span> <span class='ocrx_word' id='word_1_65' title='bbox 473 1931 664 2005; x_wconf 81' lang='lat' dir='ltr'><strong>Apmundoe</strong></span> <span class='ocrx_word' id='word_1_66' title='bbox 677 1928 712 1991; x_wconf 86' lang='lat' dir='ltr'><strong>et</strong></span> <span class='ocrx_word' id='word_1_67' title='bbox 724 1930 867 2006; x_wconf 79' lang='lat' dir='ltr'><strong>Repim-</strong></span> 
     </span>
     <span class='ocr_line' id='line_1_15' title="bbox 205 2026 801 2109; baseline 0.003 -23"><span class='ocrx_word' id='word_1_68' title='bbox 205 2026 344 2087; x_wconf 82' lang='lat' dir='ltr'><strong>tcrtum</strong></span> <span class='ocrx_word' id='word_1_69' title='bbox 358 2027 400 2087; x_wconf 85' lang='lat' dir='ltr'><strong>dc</strong></span> <span class='ocrx_word' id='word_1_70' title='bbox 415 2027 561 2088; x_wconf 75' lang='lat' dir='ltr'><strong>daretem</strong></span> <span class='ocrx_word' id='word_1_71' title='bbox 575 2026 722 2109; x_wconf 77' lang='lat' dir='ltr'><strong>abbatae,</strong></span> <span class='ocrx_word' id='word_1_72' title='bbox 738 2028 801 2089; x_wconf 85' lang='lat' dir='ltr'><strong>cic.</strong></span> 
     </span>
    </p>
   </div>
   <div class='ocr_carea' id='block_1_5' title="bbox 233 2154 767 2342">
    <p class='ocr_par' dir='ltr' id='par_1_5' title="bbox 233 2154 767 2342">
     <span class='ocr_line' id='line_1_16' title="bbox 392 2154 599 2224; baseline -0.005 -13"><span class='ocrx_word' id='word_1_73' title='bbox 392 2154 504 2224; x_wconf 52' lang='lat' dir='ltr'><strong>‚eman</strong></span> <span class='ocrx_word' id='word_1_74' title='bbox 519 2154 599 2213; x_wconf 74' lang='lat' dir='ltr'><strong>itii.</strong></span> 
     </span>
     <span class='ocr_line' id='line_1_17' title="bbox 233 2275 767 2342; baseline 0.002 -15"><span class='ocrx_word' id='word_1_75' title='bbox 233 2275 318 2340; x_wconf 81' lang='lat' dir='ltr'><strong>[lissb</strong></span> <span class='ocrx_word' id='word_1_76' title='bbox 333 2275 551 2336; x_wconf 78' lang='lat' dir='ltr'><strong>llrknndenbnch,</strong></span> <span class='ocrx_word' id='word_1_77' title='bbox 568 2276 684 2337; x_wconf 74' lang='lat' dir='ltr'><strong>mlii,</strong></span> <span class='ocrx_word' id='word_1_78' title='bbox 699 2276 767 2342; x_wconf 72' lang='lat' dir='ltr'><strong>let]</strong></span> 
     </span>
    </p>
   </div>
   <div class='ocr_carea' id='block_1_6' title="bbox 117 2397 942 4114">
    <p class='ocr_par' dir='ltr' id='par_1_6' title="bbox 117 2397 942 4114">
     <span class='ocr_line' id='line_1_18' title="bbox 118 2397 900 2467; baseline 0.001 -11"><span class='ocrx_word' id='word_1_79' title='bbox 118 2397 265 2458; x_wconf 73' lang='lat' dir='ltr'><strong>landetur</strong></span> <span class='ocrx_word' id='word_1_80' title='bbox 278 2414 401 2458; x_wconf 85' lang='lat' dir='ltr'><strong>causam</strong></span> <span class='ocrx_word' id='word_1_81' title='bbox 424 2404 498 2457; x_wconf 88' lang='lat' dir='ltr'><strong>luter</strong></span> <span class='ocrx_word' id='word_1_82' title='bbox 523 2399 655 2467; x_wconf 84' lang='lat' dir='ltr'><strong>abbatem</strong></span> <span class='ocrx_word' id='word_1_83' title='bbox 679 2408 708 2459; x_wconf 90' lang='lat' dir='ltr'><strong>ct</strong></span> <span class='ocrx_word' id='word_1_84' title='bbox 726 2407 900 2458; x_wconf 88' lang='lat' dir='ltr'><strong>conventum</strong></span> 
     </span>
     <span class='ocr_line' id='line_1_19' title="bbox 148 2486 901 2563; baseline 0 -18"><span class='ocrx_word' id='word_1_85' title='bbox 148 2488 320 2563; x_wconf 77' lang='lat' dir='ltr'><strong>spunsteten</strong></span> <span class='ocrx_word' id='word_1_86' title='bbox 338 2503 374 2545; x_wconf 89' lang='lat' dir='ltr'><strong>ex</strong></span> <span class='ocrx_word' id='word_1_87' title='bbox 389 2494 469 2560; x_wconf 87' lang='lat' dir='ltr'><strong>parte</strong></span> <span class='ocrx_word' id='word_1_88' title='bbox 479 2502 547 2557; x_wconf 88' lang='lat' dir='ltr'><strong>una,</strong></span> <span class='ocrx_word' id='word_1_89' title='bbox 556 2496 585 2546; x_wconf 90' lang='lat' dir='ltr'><strong>et</strong></span> <span class='ocrx_word' id='word_1_90' title='bbox 598 2486 797 2546; x_wconf 86' lang='lat' dir='ltr'><strong>lleinhardum</strong></span> <span class='ocrx_word' id='word_1_91' title='bbox 810 2490 901 2560; x_wconf 84' lang='lat' dir='ltr'><strong>Repo·</strong></span> 
     </span>
     <span class='ocr_line' id='line_1_20' title="bbox 146 2575 900 2648; baseline 0.001 -16"><span class='ocrx_word' id='word_1_92' title='bbox 146 2582 291 2648; x_wconf 86' lang='lat' dir='ltr'><strong>leuemque</strong></span> <span class='ocrx_word' id='word_1_93' title='bbox 305 2575 346 2634; x_wconf 86' lang='lat' dir='ltr'><strong>de</strong></span> <span class='ocrx_word' id='word_1_94' title='bbox 360 2576 540 2648; x_wconf 84' lang='lat' dir='ltr'><strong>Prunspercb</strong></span> <span class='ocrx_word' id='word_1_95' title='bbox 554 2590 590 2632; x_wconf 89' lang='lat' dir='ltr'><strong>ex</strong></span> <span class='ocrx_word' id='word_1_96' title='bbox 603 2577 702 2646; x_wconf 86' lang='lat' dir='ltr'><strong>alters,</strong></span> <span class='ocrx_word' id='word_1_97' title='bbox 716 2592 803 2648; x_wconf 85' lang='lat' dir='ltr'><strong>super</strong></span> <span class='ocrx_word' id='word_1_98' title='bbox 816 2577 900 2633; x_wconf 88' lang='lat' dir='ltr'><strong>terris</strong></span> 
     </span>
     <span class='ocr_line' id='line_1_21' title="bbox 146 2662 897 2736; baseline -0.001 -15"><span class='ocrx_word' id='word_1_99' title='bbox 146 2663 226 2736; x_wconf 80' lang='lat' dir='ltr'><strong>sylvis</strong></span> <span class='ocrx_word' id='word_1_100' title='bbox 238 2671 267 2721; x_wconf 88' lang='lat' dir='ltr'><strong>ct</strong></span> <span class='ocrx_word' id='word_1_101' title='bbox 286 2664 377 2721; x_wconf 86' lang='lat' dir='ltr'><strong>rebus</strong></span> <span class='ocrx_word' id='word_1_102' title='bbox 398 2663 462 2721; x_wconf 87' lang='lat' dir='ltr'><strong>eliis</strong></span> <span class='ocrx_word' id='word_1_103' title='bbox 475 2672 642 2735; x_wconf 82' lang='lat' dir='ltr'><strong>vertentem,</strong></span> <span class='ocrx_word' id='word_1_104' title='bbox 660 2664 718 2722; x_wconf 87' lang='lat' dir='ltr'><strong>tine</strong></span> <span class='ocrx_word' id='word_1_105' title='bbox 732 2662 826 2721; x_wconf 87' lang='lat' dir='ltr'><strong>debito</strong></span> <span class='ocrx_word' id='word_1_106' title='bbox 842 2672 897 2722; x_wconf 91' lang='lat' dir='ltr'><strong>ter·</strong></span> 
     </span>
     <span class='ocr_line' id='line_1_22' title="bbox 147 2752 257 2809; baseline 0.018 -2"><span class='ocrx_word' id='word_1_107' title='bbox 147 2752 257 2809; x_wconf 73' lang='lat' dir='ltr'><strong>minmt</strong></span> 
     </span>
     <span class='ocr_line' id='line_1_23' title="bbox 151 2875 896 2954; baseline 0.001 -18"><span class='ocrx_word' id='word_1_108' title='bbox 151 2877 312 2937; x_wconf 88' lang='lat' dir='ltr'><strong>Honorius</strong></span> <span class='ocrx_word' id='word_1_109' title='bbox 322 2876 513 2954; x_wconf 89' lang='lat' dir='ltr'><strong>episcopus,</strong></span> <span class='ocrx_word' id='word_1_110' title='bbox 521 2892 638 2938; x_wconf 87' lang='lat' dir='ltr'><strong>servus</strong></span> <span class='ocrx_word' id='word_1_111' title='bbox 646 2892 818 2939; x_wconf 88' lang='lat' dir='ltr'><strong>servorum</strong></span> <span class='ocrx_word' id='word_1_112' title='bbox 826 2875 896 2950; x_wconf 88' lang='lat' dir='ltr'><strong>Dei,</strong></span> 
     </span>
     <span class='ocr_line' id='line_1_24' title="bbox 119 2970 899 3049; baseline 0.003 -18"><span class='ocrx_word' id='word_1_113' title='bbox 119 2970 233 3034; x_wconf 87' lang='lat' dir='ltr'><strong>dilectis</strong></span> <span class='ocrx_word' id='word_1_114' title='bbox 258 2973 393 3034; x_wconf 77' lang='lat' dir='ltr'><strong>liliis...</strong></span> <span class='ocrx_word' id='word_1_115' title='bbox 424 2973 464 3034; x_wconf 92' lang='lat' dir='ltr'><strong>de</strong></span> <span class='ocrx_word' id='word_1_116' title='bbox 501 2973 697 3049; x_wconf 82' lang='lat' dir='ltr'><strong>Agmundae,</strong></span> <span class='ocrx_word' id='word_1_117' title='bbox 723 2977 825 3035; x_wconf 82' lang='lat' dir='ltr'><strong>etc...</strong></span> <span class='ocrx_word' id='word_1_118' title='bbox 858 2973 899 3034; x_wconf 93' lang='lat' dir='ltr'><strong>de</strong></span> 
     </span>
     <span class='ocr_line' id='line_1_25' title="bbox 119 3069 898 3159; baseline 0.003 -31"><span class='ocrx_word' id='word_1_119' title='bbox 119 3069 242 3130; x_wconf 76' lang='lat' dir='ltr'><strong>dorsten</strong></span> <span class='ocrx_word' id='word_1_120' title='bbox 269 3069 449 3132; x_wconf 88' lang='lat' dir='ltr'><strong>abbatibus</strong></span> <span class='ocrx_word' id='word_1_121' title='bbox 473 3071 760 3159; x_wconf 43' lang='lat' dir='ltr'><strong>et....3praeposito</strong></span> <span class='ocrx_word' id='word_1_122' title='bbox 786 3070 898 3131; x_wconf 80' lang='lat' dir='ltr'><strong>Sancti</strong></span> 
     </span>
     <span class='ocr_line' id='line_1_26' title="bbox 118 3166 897 3244; baseline 0.003 -18"><span class='ocrx_word' id='word_1_123' title='bbox 118 3166 460 3244; x_wconf 69' lang='lat' dir='ltr'><strong>Florianisaltzburg.</strong></span> <span class='ocrx_word' id='word_1_124' title='bbox 471 3168 683 3243; x_wconf 86' lang='lat' dir='ltr'><strong>etPatavien.</strong></span> <span class='ocrx_word' id='word_1_125' title='bbox 692 3167 897 3240; x_wconf 87' lang='lat' dir='ltr'><strong>dioecesium,</strong></span> 
     </span>
     <span class='ocr_line' id='line_1_27' title="bbox 118 3262 830 3341; baseline 0.004 -20"><span class='ocrx_word' id='word_1_126' title='bbox 118 3262 242 3325; x_wconf 66' lang='lat' dir='ltr'><strong>alutem</strong></span> <span class='ocrx_word' id='word_1_127' title='bbox 257 3266 291 3327; x_wconf 90' lang='lat' dir='ltr'><strong>et</strong></span> <span class='ocrx_word' id='word_1_128' title='bbox 305 3264 533 3341; x_wconf 63' lang='lat' dir='ltr'><strong>apostolicam</strong></span> <span class='ocrx_word' id='word_1_129' title='bbox 556 3264 830 3326; x_wconf 86' lang='lat' dir='ltr'><strong>benedictionem.</strong></span> 
     </span>
     <span class='ocr_line' id='line_1_28' title="bbox 150 3360 942 3437; baseline 0.003 -19"><span class='ocrx_word' id='word_1_130' title='bbox 150 3361 274 3423; x_wconf 87' lang='lat' dir='ltr'><strong>Dilectii</strong></span> <span class='ocrx_word' id='word_1_131' title='bbox 288 3361 393 3421; x_wconf 87' lang='lat' dir='ltr'><strong>filii...</strong></span> <span class='ocrx_word' id='word_1_132' title='bbox 411 3360 513 3421; x_wconf 90' lang='lat' dir='ltr'><strong>abbas</strong></span> <span class='ocrx_word' id='word_1_133' title='bbox 528 3362 562 3422; x_wconf 87' lang='lat' dir='ltr'><strong>et</strong></span> <span class='ocrx_word' id='word_1_134' title='bbox 574 3360 755 3422; x_wconf 86' lang='lat' dir='ltr'><strong>conventus</strong></span> <span class='ocrx_word' id='word_1_135' title='bbox 768 3361 808 3421; x_wconf 90' lang='lat' dir='ltr'><strong>de</strong></span> <span class='ocrx_word' id='word_1_136' title='bbox 836 3362 899 3437; x_wconf 79' lang='lat' dir='ltr'><strong>Sp·</strong></span> <span class='ocrx_word' id='word_1_137' title='bbox 937 3360 942 3367; x_wconf 83' lang='lat'>&#39;</span> 
     </span>
     <span class='ocr_line' id='line_1_29' title="bbox 119 3453 942 3534; baseline 0.002 -19"><span class='ocrx_word' id='word_1_138' title='bbox 119 3453 267 3531; x_wconf 84' lang='lat' dir='ltr'><strong>iansteteu</strong></span> <span class='ocrx_word' id='word_1_139' title='bbox 280 3474 380 3519; x_wconf 86' lang='lat' dir='ltr'><strong>suam</strong></span> <span class='ocrx_word' id='word_1_140' title='bbox 396 3457 436 3518; x_wconf 89' lang='lat' dir='ltr'><strong>ad</strong></span> <span class='ocrx_word' id='word_1_141' title='bbox 453 3473 513 3518; x_wconf 89' lang='lat' dir='ltr'><strong>nos</strong></span> <span class='ocrx_word' id='word_1_142' title='bbox 529 3457 771 3534; x_wconf 90' lang='lat' dir='ltr'><strong>querimoniam</strong></span> <span class='ocrx_word' id='word_1_143' title='bbox 795 3457 900 3519; x_wconf 88' lang='lat' dir='ltr'><strong>desti·</strong></span> <span class='ocrx_word' id='word_1_144' title='bbox 939 3454 942 3493; x_wconf 73' lang='lat'><em>³</em></span> 
     </span>
     <span class='ocr_line' id='line_1_30' title="bbox 119 3553 898 3633; baseline 0.005 -22"><span class='ocrx_word' id='word_1_145' title='bbox 119 3556 240 3628; x_wconf 84' lang='lat' dir='ltr'><strong>nerunt,</strong></span> <span class='ocrx_word' id='word_1_146' title='bbox 269 3554 362 3633; x_wconf 86' lang='lat' dir='ltr'><strong>qnod</strong></span> <span class='ocrx_word' id='word_1_147' title='bbox 388 3554 607 3615; x_wconf 89' lang='lat' dir='ltr'><strong>Meinhardus</strong></span> <span class='ocrx_word' id='word_1_148' title='bbox 634 3554 668 3615; x_wconf 92' lang='lat' dir='ltr'><strong>et</strong></span> <span class='ocrx_word' id='word_1_149' title='bbox 698 3554 826 3630; x_wconf 85' lang='lat' dir='ltr'><strong>Repeto</strong></span> <span class='ocrx_word' id='word_1_150' title='bbox 858 3553 898 3615; x_wconf 91' lang='lat' dir='ltr'><strong>de</strong></span> 
     </span>
     <span class='ocr_line' id='line_1_31' title="bbox 119 3646 902 3729; baseline 0.001 -20"><span class='ocrx_word' id='word_1_151' title='bbox 119 3648 328 3729; x_wconf 86' lang='lat' dir='ltr'><strong>Prunsperch,</strong></span> <span class='ocrx_word' id='word_1_152' title='bbox 348 3651 520 3727; x_wconf 77' lang='lat' dir='ltr'><strong>Patavien.</strong></span> <span class='ocrx_word' id='word_1_153' title='bbox 537 3649 702 3723; x_wconf 88' lang='lat' dir='ltr'><strong>dloecesis,</strong></span> <span class='ocrx_word' id='word_1_154' title='bbox 714 3666 816 3726; x_wconf 86' lang='lat' dir='ltr'><strong>super</strong></span> <span class='ocrx_word' id='word_1_155' title='bbox 829 3646 902 3711; x_wconf 76' lang='lat' dir='ltr'><strong>ter-</strong></span> 
     </span>
     <span class='ocr_line' id='line_1_32' title="bbox 118 3740 895 3825; baseline 0 -18"><span class='ocrx_word' id='word_1_156' title='bbox 118 3746 167 3818; x_wconf 88' lang='lat' dir='ltr'><strong>ris,</strong></span> <span class='ocrx_word' id='word_1_157' title='bbox 178 3747 276 3825; x_wconf 82' lang='lat' dir='ltr'><strong>sylvis</strong></span> <span class='ocrx_word' id='word_1_158' title='bbox 291 3749 327 3811; x_wconf 89' lang='lat' dir='ltr'><strong>et</strong></span> <span class='ocrx_word' id='word_1_159' title='bbox 341 3747 439 3808; x_wconf 87' lang='lat' dir='ltr'><strong>rebus</strong></span> <span class='ocrx_word' id='word_1_160' title='bbox 455 3740 531 3808; x_wconf 89' lang='lat' dir='ltr'><strong>aliis</strong></span> <span class='ocrx_word' id='word_1_161' title='bbox 541 3744 745 3824; x_wconf 89' lang='lat' dir='ltr'><strong>injuriantur</strong></span> <span class='ocrx_word' id='word_1_162' title='bbox 760 3740 895 3808; x_wconf 87' lang='lat' dir='ltr'><strong>eisdem.</strong></span> 
     </span>
     <span class='ocr_line' id='line_1_33' title="bbox 118 3843 896 3921; baseline 0.001 -18"><span class='ocrx_word' id='word_1_163' title='bbox 118 3844 263 3915; x_wconf 81' lang='lat' dir='ltr'><strong>Quocirca</strong></span> <span class='ocrx_word' id='word_1_164' title='bbox 278 3844 476 3907; x_wconf 89' lang='lat' dir='ltr'><strong>discretioni</strong></span> <span class='ocrx_word' id='word_1_165' title='bbox 492 3846 615 3906; x_wconf 87' lang='lat' dir='ltr'><strong>vestrae</strong></span> <span class='ocrx_word' id='word_1_166' title='bbox 634 3858 695 3921; x_wconf 88' lang='lat' dir='ltr'><strong>per</strong></span> <span class='ocrx_word' id='word_1_167' title='bbox 706 3843 896 3921; x_wconf 77' lang='lat' dir='ltr'><strong>Apostonca</strong></span> 
     </span>
     <span class='ocr_line' id='line_1_34' title="bbox 117 3939 895 4019; baseline 0 -19"><span class='ocrx_word' id='word_1_168' title='bbox 117 3941 224 4017; x_wconf 86' lang='lat' dir='ltr'><strong>scripta</strong></span> <span class='ocrx_word' id='word_1_169' title='bbox 238 3941 450 4013; x_wconf 86' lang='lat' dir='ltr'><strong>mandamus,</strong></span> <span class='ocrx_word' id='word_1_170' title='bbox 467 3941 624 4019; x_wconf 85' lang='lat' dir='ltr'><strong>quatinus</strong></span> <span class='ocrx_word' id='word_1_171' title='bbox 640 3939 790 4016; x_wconf 88' lang='lat' dir='ltr'><strong>partibus</strong></span> <span class='ocrx_word' id='word_1_172' title='bbox 810 3956 895 4014; x_wconf 89' lang='lat' dir='ltr'><strong>con-</strong></span> 
     </span>
     <span class='ocr_line' id='line_1_35' title="bbox 118 4037 897 4114; baseline 0 -16"><span class='ocrx_word' id='word_1_173' title='bbox 118 4038 229 4099; x_wconf 88' lang='lat' dir='ltr'><strong>vocatis</strong></span> <span class='ocrx_word' id='word_1_174' title='bbox 256 4038 405 4100; x_wconf 88' lang='lat' dir='ltr'><strong>audiatis</strong></span> <span class='ocrx_word' id='word_1_175' title='bbox 431 4052 576 4110; x_wconf 89' lang='lat' dir='ltr'><strong>causam,</strong></span> <span class='ocrx_word' id='word_1_176' title='bbox 602 4039 646 4107; x_wconf 87' lang='lat' dir='ltr'><strong>et,</strong></span> <span class='ocrx_word' id='word_1_177' title='bbox 673 4037 897 4114; x_wconf 88' lang='lat' dir='ltr'><strong>appellatione</strong></span> 
     </span>
    </p>
   </div>
   <div class='ocr_carea' id='block_1_7' title="bbox 116 4133 978 4207">
    <p class='ocr_par' dir='ltr' id='par_1_7' title="bbox 116 4133 978 4207">
     <span class='ocr_line' id='line_1_36' title="bbox 116 4133 978 4207; baseline 0.001 -14"><span class='ocrx_word' id='word_1_178' title='bbox 116 4135 239 4207; x_wconf 90' lang='lat' dir='ltr'><strong>remota,</strong></span> <span class='ocrx_word' id='word_1_179' title='bbox 275 4134 347 4196; x_wconf 86' lang='lat' dir='ltr'><strong>tine</strong></span> <span class='ocrx_word' id='word_1_180' title='bbox 374 4133 484 4197; x_wconf 91' lang='lat' dir='ltr'><strong>debito</strong></span> <span class='ocrx_word' id='word_1_181' title='bbox 508 4135 706 4205; x_wconf 88' lang='lat' dir='ltr'><strong>terminetis,</strong></span> <span class='ocrx_word' id='word_1_182' title='bbox 736 4134 896 4195; x_wconf 82' lang='lat' dir='ltr'><strong>iacientes</strong></span> <span class='ocrx_word' id='word_1_183' title='bbox 972 4139 978 4145; x_wconf 84' lang='grc'>·</span> 
     </span>
    </p>
   </div>
   <div class='ocr_carea' id='block_1_8' title="bbox 116 4228 942 5085">
    <p class='ocr_par' dir='ltr' id='par_1_8' title="bbox 116 4228 942 5085">
     <span class='ocr_line' id='line_1_37' title="bbox 117 4228 895 4308; baseline 0 -18"><span class='ocrx_word' id='word_1_184' title='bbox 117 4231 190 4304; x_wconf 84' lang='lat' dir='ltr'><strong>quod</strong></span> <span class='ocrx_word' id='word_1_185' title='bbox 203 4232 421 4294; x_wconf 82' lang='lat' dir='ltr'><strong>decreveritis</strong></span> <span class='ocrx_word' id='word_1_186' title='bbox 435 4247 494 4308; x_wconf 91' lang='lat' dir='ltr'><strong>per</strong></span> <span class='ocrx_word' id='word_1_187' title='bbox 521 4247 697 4293; x_wconf 90' lang='lat' dir='ltr'><strong>censuram</strong></span> <span class='ocrx_word' id='word_1_188' title='bbox 710 4228 895 4292; x_wconf 88' lang='lat' dir='ltr'><strong>ecclesias-</strong></span> 
     </span>
     <span class='ocr_line' id='line_1_38' title="bbox 117 4322 896 4404; baseline -0.001 -15"><span class='ocrx_word' id='word_1_189' title='bbox 117 4322 203 4393; x_wconf 79' lang='lat' dir='ltr'><strong>ccam</strong></span> <span class='ocrx_word' id='word_1_190' title='bbox 217 4329 361 4391; x_wconf 87' lang='lat' dir='ltr'><strong>firmiter</strong></span> <span class='ocrx_word' id='word_1_191' title='bbox 375 4327 556 4391; x_wconf 90' lang='lat' dir='ltr'><strong>observari.</strong></span> <span class='ocrx_word' id='word_1_192' title='bbox 575 4328 690 4389; x_wconf 81' lang='lat' dir='ltr'><strong>Testes</strong></span> <span class='ocrx_word' id='word_1_193' title='bbox 713 4337 824 4389; x_wconf 91' lang='lat' dir='ltr'><strong>autem</strong></span> <span class='ocrx_word' id='word_1_194' title='bbox 839 4326 896 4404; x_wconf 91' lang='lat' dir='ltr'><strong>qui</strong></span> 
     </span>
     <span class='ocr_line' id='line_1_39' title="bbox 118 4421 941 4505; baseline 0.006 -26"><span class='ocrx_word' id='word_1_195' title='bbox 118 4421 226 4487; x_wconf 86' lang='lat' dir='ltr'><strong>inerint</strong></span> <span class='ocrx_word' id='word_1_196' title='bbox 247 4424 471 4498; x_wconf 86' lang='lat' dir='ltr'><strong>nominati,si</strong></span> <span class='ocrx_word' id='word_1_197' title='bbox 494 4438 530 4486; x_wconf 90' lang='lat' dir='ltr'><strong>se</strong></span> <span class='ocrx_word' id='word_1_198' title='bbox 545 4425 666 4501; x_wconf 82' lang='lat' dir='ltr'><strong>gratia,</strong></span> <span class='ocrx_word' id='word_1_199' title='bbox 682 4423 760 4485; x_wconf 89' lang='lat' dir='ltr'><strong>odio</strong></span> <span class='ocrx_word' id='word_1_200' title='bbox 780 4424 833 4485; x_wconf 88' lang='lat' dir='ltr'><strong>vel</strong></span> <span class='ocrx_word' id='word_1_201' title='bbox 849 4424 895 4485; x_wconf 92' lang='lat' dir='ltr'><strong>ti·</strong></span> <span class='ocrx_word' id='word_1_202' title='bbox 938 4492 941 4505; x_wconf 94' lang='lat'>.</span> 
     </span>
     <span class='ocr_line' id='line_1_40' title="bbox 117 4520 896 4607; baseline 0.004 -28"><span class='ocrx_word' id='word_1_203' title='bbox 117 4533 197 4583; x_wconf 89' lang='lat' dir='ltr'><strong>nore</strong></span> <span class='ocrx_word' id='word_1_204' title='bbox 216 4522 457 4595; x_wconf 82' lang='lat' dir='ltr'><strong>subtraxerint,</strong></span> <span class='ocrx_word' id='word_1_205' title='bbox 477 4537 725 4607; x_wconf 88' lang='lat' dir='ltr'><strong>percensuram</strong></span> <span class='ocrx_word' id='word_1_206' title='bbox 747 4520 896 4582; x_wconf 92' lang='lat' dir='ltr'><strong>eamdem</strong></span> 
     </span>
     <span class='ocr_line' id='line_1_41' title="bbox 118 4610 897 4693; baseline 0.004 -20"><span class='ocrx_word' id='word_1_207' title='bbox 118 4618 327 4693; x_wconf 89' lang='lat' dir='ltr'><strong>appellatione</strong></span> <span class='ocrx_word' id='word_1_208' title='bbox 339 4610 490 4681; x_wconf 84' lang='lat' dir='ltr'><strong>cessante</strong></span> <span class='ocrx_word' id='word_1_209' title='bbox 503 4618 630 4693; x_wconf 80' lang='lat' dir='ltr'><strong>cogatis</strong></span> <span class='ocrx_word' id='word_1_210' title='bbox 650 4616 785 4679; x_wconf 86' lang='lat' dir='ltr'><strong>veritati</strong></span> <span class='ocrx_word' id='word_1_211' title='bbox 799 4617 897 4679; x_wconf 89' lang='lat' dir='ltr'><strong>testi-</strong></span> 
     </span>
     <span class='ocr_line' id='line_1_42' title="bbox 117 4713 897 4794; baseline 0.003 -23"><span class='ocrx_word' id='word_1_212' title='bbox 117 4715 250 4777; x_wconf 89' lang='lat' dir='ltr'><strong>monium</strong></span> <span class='ocrx_word' id='word_1_213' title='bbox 265 4715 454 4794; x_wconf 90' lang='lat' dir='ltr'><strong>perhibere.</strong></span> <span class='ocrx_word' id='word_1_214' title='bbox 472 4715 563 4786; x_wconf 86' lang='lat' dir='ltr'><strong>Quod</strong></span> <span class='ocrx_word' id='word_1_215' title='bbox 578 4714 607 4775; x_wconf 88' lang='lat' dir='ltr'><strong>si</strong></span> <span class='ocrx_word' id='word_1_216' title='bbox 622 4729 689 4774; x_wconf 90' lang='lat' dir='ltr'><strong>non</strong></span> <span class='ocrx_word' id='word_1_217' title='bbox 708 4728 823 4774; x_wconf 91' lang='lat' dir='ltr'><strong>omnes</strong></span> <span class='ocrx_word' id='word_1_218' title='bbox 843 4713 897 4773; x_wconf 89' lang='lat' dir='ltr'><strong>bis</strong></span> 
     </span>
     <span class='ocr_line' id='line_1_43' title="bbox 118 4810 895 4890; baseline 0.003 -22"><span class='ocrx_word' id='word_1_219' title='bbox 118 4814 326 4889; x_wconf 79' lang='lat' dir='ltr'><strong>exsequendis</strong></span> <span class='ocrx_word' id='word_1_220' title='bbox 346 4812 521 4890; x_wconf 87' lang='lat' dir='ltr'><strong>potueritis</strong></span> <span class='ocrx_word' id='word_1_221' title='bbox 541 4810 797 4883; x_wconf 86' lang='lat' dir='ltr'><strong>interesse,.duo</strong></span> <span class='ocrx_word' id='word_1_222' title='bbox 814 4824 895 4871; x_wconf 89' lang='lat' dir='ltr'><strong>ves-</strong></span> 
     </span>
     <span class='ocr_line' id='line_1_44' title="bbox 116 4907 896 4984; baseline 0.003 -19"><span class='ocrx_word' id='word_1_223' title='bbox 116 4907 192 4970; x_wconf 80' lang='lat' dir='ltr'><strong>trum</strong></span> <span class='ocrx_word' id='word_1_224' title='bbox 210 4924 250 4972; x_wconf 91' lang='lat' dir='ltr'><strong>ea</strong></span> <span class='ocrx_word' id='word_1_225' title='bbox 270 4910 498 4971; x_wconf 89' lang='lat' dir='ltr'><strong>nihilomimus</strong></span> <span class='ocrx_word' id='word_1_226' title='bbox 520 4907 760 4984; x_wconf 83' lang='lat' dir='ltr'><strong>exsequantur.</strong></span> <span class='ocrx_word' id='word_1_227' title='bbox 778 4908 896 4969; x_wconf 88' lang='lat' dir='ltr'><strong>Datum</strong></span> 
     </span>
     <span class='ocr_line' id='line_1_45' title="bbox 117 5002 942 5085; baseline 0.002 -22"><span class='ocrx_word' id='word_1_228' title='bbox 117 5002 223 5079; x_wconf 73' lang='lat' dir='ltr'><strong>alatri,</strong></span> <span class='ocrx_word' id='word_1_229' title='bbox 242 5010 272 5070; x_wconf 87' lang='lat' dir='ltr'>V</span> <span class='ocrx_word' id='word_1_230' title='bbox 297 5022 404 5069; x_wconf 88' lang='lat' dir='ltr'><strong>nonas</strong></span> <span class='ocrx_word' id='word_1_231' title='bbox 431 5005 522 5077; x_wconf 89' lang='lat' dir='ltr'><strong>maii,</strong></span> <span class='ocrx_word' id='word_1_232' title='bbox 551 5004 762 5084; x_wconf 82' lang='lat' dir='ltr'><strong>pontificatus</strong></span> <span class='ocrx_word' id='word_1_233' title='bbox 791 5004 901 5066; x_wconf 90' lang='lat' dir='ltr'><strong>nostri</strong></span> <span class='ocrx_word' id='word_1_234' title='bbox 939 5078 942 5085; x_wconf 25' lang='grc' dir='ltr'>Ι</span> 
     </span>
    </p>
   </div>
   <div class='ocr_carea' id='block_1_9' title="bbox 116 5104 326 5167">
    <p class='ocr_par' dir='ltr' id='par_1_9' title="bbox 116 5104 326 5167">
     <span class='ocr_line' id='line_1_46' title="bbox 116 5104 326 5167; baseline 0.033 -6"><span class='ocrx_word' id='word_1_235' title='bbox 116 5113 198 5166; x_wconf 87' lang='lat' dir='ltr'><strong>anno</strong></span> <span class='ocrx_word' id='word_1_236' title='bbox 214 5104 326 5167; x_wconf 76' lang='lat' dir='ltr'><strong>sexto..</strong></span> 
     </span>
    </p>
   </div>
   <div class='ocr_carea' id='block_1_10' title="bbox 732 284 1140 359">
    <p class='ocr_par' dir='ltr' id='par_1_10' title="bbox 732 284 1140 359">
     <span class='ocr_line' id='line_1_47' title="bbox 732 284 1140 359; baseline 0.002 -13"><span class='ocrx_word' id='word_1_237' title='bbox 732 286 961 359; x_wconf 68' lang='lat' dir='ltr'><strong>EPISTOLAE¹</strong></span> <span class='ocrx_word' id='word_1_238' title='bbox 983 284 1062 349; x_wconf 84' lang='lat' dir='ltr'><strong>LIB.</strong></span> <span class='ocrx_word' id='word_1_239' title='bbox 1086 288 1140 353; x_wconf 77' lang='lat' dir='ltr'><strong>VI.</strong></span> 
     </span>
    </p>
   </div>
   <div class='ocr_carea' id='block_1_11' title="bbox 1268 453 1442 543">
    <p class='ocr_par' dir='ltr' id='par_1_11' title="bbox 1268 453 1442 543">
     <span class='ocr_line' id='line_1_48' title="bbox 1268 453 1442 543; baseline 0.011 -3"><span class='ocrx_word' id='word_1_240' title='bbox 1268 453 1442 543; x_wconf 74' lang='lat' dir='ltr'><strong>dclvii</strong></span> 
     </span>
    </p>
   </div>
   <div class='ocr_carea' id='block_1_12' title="bbox 960 600 1750 775">
    <p class='ocr_par' dir='ltr' id='par_1_12' title="bbox 960 600 1750 775">
     <span class='ocr_line' id='line_1_49' title="bbox 960 600 1750 677; baseline 0 -14"><span class='ocrx_word' id='word_1_241' title='bbox 960 604 1011 664; x_wconf 81' lang='lat' dir='ltr'><strong>Ad</strong></span> <span class='ocrx_word' id='word_1_242' title='bbox 1021 600 1262 677; x_wconf 68' lang='lat' dir='ltr'><strong>praepositum,</strong></span> <span class='ocrx_word' id='word_1_243' title='bbox 1279 603 1501 665; x_wconf 78' lang='lat' dir='ltr'><strong>mestodcmci</strong></span> <span class='ocrx_word' id='word_1_244' title='bbox 1511 603 1750 667; x_wconf 65' lang='lat' dir='ltr'><strong>concinniorem</strong></span> 
     </span>
     <span class='ocr_line' id='line_1_50' title="bbox 1127 701 1749 775; baseline 0.002 -15"><span class='ocrx_word' id='word_1_245' title='bbox 1127 722 1128 725; x_wconf 40' lang='lat'>¹</span> <span class='ocrx_word' id='word_1_246' title='bbox 1230 701 1474 775; x_wconf 82' lang='lat' dir='ltr'><strong>Aupmteosec.</strong></span> <span class='ocrx_word' id='word_1_247' title='bbox 1745 726 1749 731; x_wconf 95' lang='lat'><em>·</em></span> 
     </span>
    </p>
   </div>
   <div class='ocr_carea' id='block_1_13' title="bbox 1137 810 1564 1019">
    <p class='ocr_par' dir='ltr' id='par_1_13' title="bbox 1137 810 1564 1019">
     <span class='ocr_line' id='line_1_51' title="bbox 1258 810 1536 893; baseline 0.022 -3"><span class='ocrx_word' id='word_1_248' title='bbox 1258 829 1358 891; x_wconf 78' lang='lat' dir='ltr'><strong>enan</strong></span> <span class='ocrx_word' id='word_1_249' title='bbox 1374 831 1453 893; x_wconf 77' lang='lat' dir='ltr'><strong>tres.</strong></span> <span class='ocrx_word' id='word_1_250' title='bbox 1533 810 1536 823; x_wconf 89' lang='lat'>&#39;</span> 
     </span>
     <span class='ocr_line' id='line_1_52' title="bbox 1137 950 1564 1019; baseline 0.063 -26"><span class='ocrx_word' id='word_1_251' title='bbox 1137 950 1312 1019; x_wconf 64' lang='lat' dir='ltr'><strong>[neumenia</strong></span> <span class='ocrx_word' id='word_1_252' title='bbox 1327 952 1413 1010; x_wconf 76' lang='lat' dir='ltr'><strong>enea,</strong></span> <span class='ocrx_word' id='word_1_253' title='bbox 1428 953 1483 1013; x_wconf 66' lang='lat' dir='ltr'><strong>Vll.</strong></span> <span class='ocrx_word' id='word_1_254' title='bbox 1496 951 1564 1019; x_wconf 69' lang='lat'><strong>38⁹·]</strong></span> 
     </span>
    </p>
   </div>
   <div class='ocr_carea' id='block_1_14' title="bbox 957 1072 1749 1411">
    <p class='ocr_par' dir='ltr' id='par_1_14' title="bbox 957 1072 1749 1411">
     <span class='ocr_line' id='line_1_53' title="bbox 957 1072 1745 1136; baseline 0.001 -3"><span class='ocrx_word' id='word_1_255' title='bbox 957 1072 1073 1133; x_wconf 77' lang='lat' dir='ltr'><strong>nuncu</strong></span> <span class='ocrx_word' id='word_1_256' title='bbox 1086 1081 1118 1131; x_wconf 85' lang='lat' dir='ltr'><strong>ut</strong></span> <span class='ocrx_word' id='word_1_257' title='bbox 1135 1076 1290 1133; x_wconf 88' lang='lat' dir='ltr'><strong>terminent</strong></span> <span class='ocrx_word' id='word_1_258' title='bbox 1303 1090 1419 1133; x_wconf 86' lang='lat' dir='ltr'><strong>causam</strong></span> <span class='ocrx_word' id='word_1_259' title='bbox 1434 1083 1592 1134; x_wconf 78' lang='lat' dir='ltr'><strong>vermntern</strong></span> <span class='ocrx_word' id='word_1_260' title='bbox 1602 1077 1676 1135; x_wconf 83' lang='lat' dir='ltr'><strong>inter</strong></span> <span class='ocrx_word' id='word_1_261' title='bbox 1693 1076 1745 1136; x_wconf 86' lang='lat' dir='ltr'><strong>ab·</strong></span> 
     </span>
     <span class='ocr_line' id='line_1_54' title="bbox 991 1160 1747 1235; baseline 0.001 -16"><span class='ocrx_word' id='word_1_262' title='bbox 991 1160 1087 1220; x_wconf 79' lang='lat' dir='ltr'><strong>batem</strong></span> <span class='ocrx_word' id='word_1_263' title='bbox 1102 1168 1331 1235; x_wconf 81' lang='lat' dir='ltr'><strong>conventumque</strong></span> <span class='ocrx_word' id='word_1_264' title='bbox 1345 1165 1375 1221; x_wconf 89' lang='lat' dir='ltr'><strong>in</strong></span> <span class='ocrx_word' id='word_1_265' title='bbox 1391 1165 1593 1233; x_wconf 78' lang='lat' dir='ltr'><strong>Wcsseabrun,</strong></span> <span class='ocrx_word' id='word_1_266' title='bbox 1609 1172 1638 1222; x_wconf 80' lang='lat' dir='ltr'><strong>et</strong></span> <span class='ocrx_word' id='word_1_267' title='bbox 1652 1167 1682 1226; x_wconf 84' lang='lat' dir='ltr'><strong>G.</strong></span> <span class='ocrx_word' id='word_1_268' title='bbox 1697 1166 1747 1222; x_wconf 63' lang='lat' dir='ltr'><strong>mi,</strong></span> 
     </span>
     <span class='ocr_line' id='line_1_55' title="bbox 991 1249 1749 1325; baseline 0.007 -17"><span class='ocrx_word' id='word_1_269' title='bbox 991 1250 1071 1309; x_wconf 83' lang='lat' dir='ltr'><strong>litem</strong></span> <span class='ocrx_word' id='word_1_270' title='bbox 1082 1249 1351 1324; x_wconf 70' lang='lat' dir='ltr'><strong>centemnens</strong></span> <span class='ocrx_word' id='word_1_271' title='bbox 1365 1253 1413 1322; x_wconf 86' lang='lat' dir='ltr'><strong>qui</strong></span> <span class='ocrx_word' id='word_1_272' title='bbox 1425 1252 1523 1320; x_wconf 81' lang='lat' dir='ltr'><strong>beves.</strong></span> <span class='ocrx_word' id='word_1_273' title='bbox 1535 1252 1657 1325; x_wconf 86' lang='lat' dir='ltr'><strong>pecudes</strong></span> <span class='ocrx_word' id='word_1_274' title='bbox 1664 1260 1749 1313; x_wconf 83' lang='lat' dir='ltr'><strong>eires</strong></span> 
     </span>
     <span class='ocr_line' id='line_1_56' title="bbox 992 1338 1668 1411; baseline 0.003 -16"><span class='ocrx_word' id='word_1_275' title='bbox 992 1338 1064 1399; x_wconf 80' lang='lat' dir='ltr'><strong>sites</strong></span> <span class='ocrx_word' id='word_1_276' title='bbox 1075 1353 1126 1411; x_wconf 79' lang='lat' dir='ltr'><strong>per</strong></span> <span class='ocrx_word' id='word_1_277' title='bbox 1139 1340 1302 1401; x_wconf 85' lang='lat' dir='ltr'><strong>violentiam</strong></span> <span class='ocrx_word' id='word_1_278' title='bbox 1317 1341 1469 1399; x_wconf 86' lang='lat' dir='ltr'><strong>conventui</strong></span> <span class='ocrx_word' id='word_1_279' title='bbox 1484 1340 1668 1410; x_wconf 84' lang='lat' dir='ltr'><strong>abstulerant.</strong></span> 
     </span>
    </p>
   </div>
   <div class='ocr_carea' id='block_1_15' title="bbox 955 1452 1747 1816">
    <p class='ocr_par' dir='ltr' id='par_1_15' title="bbox 955 1452 1747 1816">
     <span class='ocr_line' id='line_1_57' title="bbox 996 1452 1745 1542; baseline 0.004 -19"><span class='ocrx_word' id='word_1_280' title='bbox 996 1452 1168 1524; x_wconf 77' lang='lat' dir='ltr'><strong>Honorius</strong></span> <span class='ocrx_word' id='word_1_281' title='bbox 1198 1465 1381 1542; x_wconf 81' lang='lat' dir='ltr'><strong>&#39;episcopus</strong></span> <span class='ocrx_word' id='word_1_282' title='bbox 1416 1479 1531 1525; x_wconf 89' lang='lat' dir='ltr'><strong>servus</strong></span> <span class='ocrx_word' id='word_1_283' title='bbox 1573 1479 1745 1527; x_wconf 84' lang='lat' dir='ltr'><strong>servorum</strong></span> 
     </span>
     <span class='ocr_line' id='line_1_58' title="bbox 955 1558 1742 1638; baseline 0.005 -21"><span class='ocrx_word' id='word_1_284' title='bbox 955 1558 1027 1630; x_wconf 88' lang='lat' dir='ltr'><strong>Dei,</strong></span> <span class='ocrx_word' id='word_1_285' title='bbox 1043 1559 1175 1620; x_wconf 88' lang='lat' dir='ltr'><strong>dilectis</strong></span> <span class='ocrx_word' id='word_1_286' title='bbox 1197 1561 1315 1621; x_wconf 73' lang='lat' dir='ltr'><strong>filiis...</strong></span> <span class='ocrx_word' id='word_1_287' title='bbox 1333 1561 1548 1638; x_wconf 83' lang='lat' dir='ltr'><strong>praeposito...</strong></span> <span class='ocrx_word' id='word_1_288' title='bbox 1576 1561 1742 1622; x_wconf 88' lang='lat' dir='ltr'><strong>custodi...</strong></span> 
     </span>
     <span class='ocr_line' id='line_1_59' title="bbox 955 1654 1747 1743; baseline 0.004 -28"><span class='ocrx_word' id='word_1_289' title='bbox 955 1654 1155 1743; x_wconf 85' lang='lat' dir='ltr'><strong>scholastice</strong></span> <span class='ocrx_word' id='word_1_290' title='bbox 1164 1657 1439 1732; x_wconf 78' lang='lat' dir='ltr'><strong>augustensibus,</strong></span> <span class='ocrx_word' id='word_1_291' title='bbox 1448 1657 1588 1720; x_wconf 88' lang='lat' dir='ltr'><strong>salutem</strong></span> <span class='ocrx_word' id='word_1_292' title='bbox 1598 1658 1747 1735; x_wconf 84' lang='lat' dir='ltr'><strong>etApos-</strong></span> 
     </span>
     <span class='ocr_line' id='line_1_60' title="bbox 955 1750 1613 1816; baseline 0.008 -5"><span class='ocrx_word' id='word_1_293' title='bbox 955 1750 1089 1812; x_wconf 90' lang='lat' dir='ltr'><strong>tolicam</strong></span> <span class='ocrx_word' id='word_1_294' title='bbox 1102 1751 1377 1816; x_wconf 90' lang='lat' dir='ltr'><strong>benedictionem.</strong></span> <span class='ocrx_word' id='word_1_295' title='bbox 1609 1754 1613 1761; x_wconf 89' lang='lat'>&#39;</span> 
     </span>
    </p>
   </div>
   <div class='ocr_carea' id='block_1_16' title="bbox 942 1847 1760 1912">
    <p class='ocr_par' dir='ltr' id='par_1_16' title="bbox 942 1847 1760 1912">
     <span class='ocr_line' id='line_1_61' title="bbox 942 1847 1760 1912; baseline 0.004 -5"><span class='ocrx_word' id='word_1_296' title='bbox 942 1864 944 1869; x_wconf 57' lang='lat'><strong><em>¹</em></strong></span> <span class='ocrx_word' id='word_1_297' title='bbox 994 1847 1113 1910; x_wconf 84' lang='lat' dir='ltr'><strong>Dilecti</strong></span> <span class='ocrx_word' id='word_1_298' title='bbox 1126 1848 1224 1910; x_wconf 88' lang='lat' dir='ltr'><strong>tilii...</strong></span> <span class='ocrx_word' id='word_1_299' title='bbox 1241 1848 1343 1910; x_wconf 90' lang='lat' dir='ltr'><strong>abbas</strong></span> <span class='ocrx_word' id='word_1_300' title='bbox 1356 1850 1581 1912; x_wconf 79' lang='lat' dir='ltr'><strong>etconrenius</strong></span> <span class='ocrx_word' id='word_1_301' title='bbox 1595 1849 1631 1910; x_wconf 87' lang='lat' dir='ltr'><strong>ln</strong></span> <span class='ocrx_word' id='word_1_302' title='bbox 1646 1851 1760 1911; x_wconf 85' lang='lat' dir='ltr'><strong>Wes-¹</strong></span> 
     </span>
    </p>
   </div>
   <div class='ocr_carea' id='block_1_17' title="bbox 954 1942 1777 2312">
    <p class='ocr_par' dir='ltr' id='par_1_17' title="bbox 954 1942 1777 2312">
     <span class='ocr_line' id='line_1_62' title="bbox 955 1942 1741 2022; baseline 0.004 -18"><span class='ocrx_word' id='word_1_303' title='bbox 955 1942 1101 2005; x_wconf 89' lang='lat' dir='ltr'><strong>senbrun</strong></span> <span class='ocrx_word' id='word_1_304' title='bbox 1124 1944 1220 2006; x_wconf 89' lang='lat' dir='ltr'><strong>nobis</strong></span> <span class='ocrx_word' id='word_1_305' title='bbox 1244 1946 1476 2022; x_wconf 89' lang='lat' dir='ltr'><strong>conquerendo</strong></span> <span class='ocrx_word' id='word_1_306' title='bbox 1502 1947 1741 2019; x_wconf 89' lang='lat' dir='ltr'><strong>monstrarunt,</strong></span> 
     </span>
     <span class='ocr_line' id='line_1_63' title="bbox 955 2041 1743 2119; baseline 0.004 -19"><span class='ocrx_word' id='word_1_307' title='bbox 955 2041 1041 2117; x_wconf 91' lang='lat' dir='ltr'><strong>quod</strong></span> <span class='ocrx_word' id='word_1_308' title='bbox 1056 2043 1091 2101; x_wconf 85' lang='lat' dir='ltr'><strong>(l.</strong></span> <span class='ocrx_word' id='word_1_309' title='bbox 1107 2041 1203 2103; x_wconf 87' lang='lat' dir='ltr'><strong>miles</strong></span> <span class='ocrx_word' id='word_1_310' title='bbox 1222 2042 1255 2104; x_wconf 88' lang='lat' dir='ltr'><strong>ci</strong></span> <span class='ocrx_word' id='word_1_311' title='bbox 1273 2041 1429 2104; x_wconf 60' lang='lat' dir='ltr'><strong>&amp;irater</strong></span> <span class='ocrx_word' id='word_1_312' title='bbox 1442 2045 1515 2119; x_wconf 83' lang='lat' dir='ltr'><strong>eJ&#39;us</strong></span> <span class='ocrx_word' id='word_1_313' title='bbox 1533 2041 1574 2103; x_wconf 90' lang='lat' dir='ltr'><strong>de</strong></span> <span class='ocrx_word' id='word_1_314' title='bbox 1586 2042 1743 2104; x_wconf 79' lang='lat' dir='ltr'><strong>lircnbo·</strong></span> 
     </span>
     <span class='ocr_line' id='line_1_64' title="bbox 954 2138 1777 2213; baseline 0.002 -17"><span class='ocrx_word' id='word_1_315' title='bbox 954 2138 1741 2213; x_wconf 73' lang='lat' dir='ltr'><strong>ven‚Augustensiseidonstantiensisdicecesis,</strong></span> <span class='ocrx_word' id='word_1_316' title='bbox 1774 2184 1777 2189; x_wconf 89' lang='lat'><em>.</em></span> 
     </span>
     <span class='ocr_line' id='line_1_65' title="bbox 955 2220 1742 2312; baseline 0.003 -19"><span class='ocrx_word' id='word_1_317' title='bbox 955 2233 1119 2309; x_wconf 90' lang='lat' dir='ltr'><strong>quondam</strong></span> <span class='ocrx_word' id='word_1_318' title='bbox 1147 2220 1260 2308; x_wconf 80' lang='lat' dir='ltr'><strong>beves,</strong></span> <span class='ocrx_word' id='word_1_319' title='bbox 1276 2234 1430 2312; x_wconf 88' lang='lat' dir='ltr'><strong>pecudes,</strong></span> <span class='ocrx_word' id='word_1_320' title='bbox 1451 2235 1487 2297; x_wconf 86' lang='lat' dir='ltr'><strong>ct</strong></span> <span class='ocrx_word' id='word_1_321' title='bbox 1508 2250 1563 2295; x_wconf 90' lang='lat' dir='ltr'><strong>res</strong></span> <span class='ocrx_word' id='word_1_322' title='bbox 1585 2234 1669 2296; x_wconf 87' lang='lat' dir='ltr'><strong>alias</strong></span> <span class='ocrx_word' id='word_1_323' title='bbox 1686 2235 1742 2311; x_wconf 89' lang='lat' dir='ltr'><strong>ip-</strong></span> 
     </span>
    </p>
   </div>
   <div class='ocr_carea' id='block_1_18' title="bbox 955 2330 1868 2408">
    <p class='ocr_par' dir='ltr' id='par_1_18' title="bbox 955 2330 1868 2408">
     <span class='ocr_line' id='line_1_66' title="bbox 955 2330 1868 2408; baseline 0.004 -18"><span class='ocrx_word' id='word_1_324' title='bbox 955 2345 1067 2391; x_wconf 89' lang='lat' dir='ltr'><strong>sorum</strong></span> <span class='ocrx_word' id='word_1_325' title='bbox 1091 2331 1140 2392; x_wconf 90' lang='lat' dir='ltr'><strong>eis</strong></span> <span class='ocrx_word' id='word_1_326' title='bbox 1166 2347 1226 2408; x_wconf 92' lang='lat' dir='ltr'><strong>per</strong></span> <span class='ocrx_word' id='word_1_327' title='bbox 1250 2331 1443 2394; x_wconf 90' lang='lat' dir='ltr'><strong>violentiam</strong></span> <span class='ocrx_word' id='word_1_328' title='bbox 1467 2330 1687 2403; x_wconf 85' lang='lat' dir='ltr'><strong>abstulerunt,</strong></span> <span class='ocrx_word' id='word_1_329' title='bbox 1710 2331 1745 2394; x_wconf 84' lang='lat' dir='ltr'><strong>et</strong></span> <span class='ocrx_word' id='word_1_330' title='bbox 1861 2332 1868 2345; x_wconf 92' lang='grc'><strong>“</strong></span> 
     </span>
    </p>
   </div>
   <div class='ocr_carea' id='block_1_19' title="bbox 952 2426 1756 3755">
    <p class='ocr_par' dir='ltr' id='par_1_19' title="bbox 952 2426 1756 3755">
     <span class='ocr_line' id='line_1_67' title="bbox 953 2426 1743 2505; baseline 0.004 -20"><span class='ocrx_word' id='word_1_331' title='bbox 953 2426 1093 2493; x_wconf 86' lang='lat' dir='ltr'><strong>reddere</strong></span> <span class='ocrx_word' id='word_1_332' title='bbox 1117 2428 1358 2493; x_wconf 82' lang='lat' dir='ltr'><strong>contradicunt.</strong></span> <span class='ocrx_word' id='word_1_333' title='bbox 1384 2428 1527 2505; x_wconf 84' lang='lat' dir='ltr'><strong>Ideoque</strong></span> <span class='ocrx_word' id='word_1_334' title='bbox 1550 2427 1743 2493; x_wconf 88' lang='lat' dir='ltr'><strong>discretioni</strong></span> 
     </span>
     <span class='ocr_line' id='line_1_68' title="bbox 954 2523 1756 2601; baseline 0.002 -17"><span class='ocrx_word' id='word_1_335' title='bbox 954 2523 1075 2587; x_wconf 84' lang='lat' dir='ltr'><strong>vertrae</strong></span> <span class='ocrx_word' id='word_1_336' title='bbox 1102 2525 1365 2601; x_wconf 73' lang='lat' dir='ltr'><strong>parapemenos</strong></span> <span class='ocrx_word' id='word_1_337' title='bbox 1393 2525 1517 2601; x_wconf 86' lang='lat' dir='ltr'><strong>scripta</strong></span> <span class='ocrx_word' id='word_1_338' title='bbox 1536 2524 1756 2597; x_wconf 75' lang='lat' dir='ltr'><strong>mandamus,</strong></span> 
     </span>
     <span class='ocr_line' id='line_1_69' title="bbox 954 2620 1743 2697; baseline 0.003 -18"><span class='ocrx_word' id='word_1_339' title='bbox 954 2620 1115 2696; x_wconf 88' lang='lat' dir='ltr'><strong>quatenus</strong></span> <span class='ocrx_word' id='word_1_340' title='bbox 1131 2620 1280 2697; x_wconf 90' lang='lat' dir='ltr'><strong>partibus</strong></span> <span class='ocrx_word' id='word_1_341' title='bbox 1293 2621 1484 2683; x_wconf 88' lang='lat' dir='ltr'><strong>convocatis</strong></span> <span class='ocrx_word' id='word_1_342' title='bbox 1499 2621 1642 2685; x_wconf 86' lang='lat' dir='ltr'><strong>audiatis</strong></span> <span class='ocrx_word' id='word_1_343' title='bbox 1657 2635 1743 2682; x_wconf 88' lang='lat' dir='ltr'><strong>cau-</strong></span> 
     </span>
     <span class='ocr_line' id='line_1_70' title="bbox 954 2716 1743 2794; baseline 0.004 -18"><span class='ocrx_word' id='word_1_344' title='bbox 954 2731 1036 2787; x_wconf 87' lang='lat' dir='ltr'><strong>sam,</strong></span> <span class='ocrx_word' id='word_1_345' title='bbox 1072 2718 1105 2778; x_wconf 87' lang='lat' dir='ltr'><strong>et</strong></span> <span class='ocrx_word' id='word_1_346' title='bbox 1131 2717 1354 2794; x_wconf 88' lang='lat' dir='ltr'><strong>appellatione</strong></span> <span class='ocrx_word' id='word_1_347' title='bbox 1382 2719 1509 2779; x_wconf 87' lang='lat' dir='ltr'><strong>remota</strong></span> <span class='ocrx_word' id='word_1_348' title='bbox 1539 2717 1605 2778; x_wconf 82' lang='lat' dir='ltr'><strong>nne</strong></span> <span class='ocrx_word' id='word_1_349' title='bbox 1633 2716 1743 2779; x_wconf 89' lang='lat' dir='ltr'><strong>debito</strong></span> 
     </span>
     <span class='ocr_line' id='line_1_71' title="bbox 956 2813 1743 2891; baseline 0 -17"><span class='ocrx_word' id='word_1_350' title='bbox 956 2813 1149 2886; x_wconf 89' lang='lat' dir='ltr'><strong>terminetis,</strong></span> <span class='ocrx_word' id='word_1_351' title='bbox 1165 2813 1324 2875; x_wconf 79' lang='lat' dir='ltr'><strong>iacientes</strong></span> <span class='ocrx_word' id='word_1_352' title='bbox 1344 2813 1430 2891; x_wconf 93' lang='lat' dir='ltr'><strong>quod</strong></span> <span class='ocrx_word' id='word_1_353' title='bbox 1449 2813 1663 2875; x_wconf 89' lang='lat' dir='ltr'><strong>decreveritis</strong></span> <span class='ocrx_word' id='word_1_354' title='bbox 1683 2828 1743 2890; x_wconf 92' lang='lat' dir='ltr'><strong>per</strong></span> 
     </span>
     <span class='ocr_line' id='line_1_72' title="bbox 954 2902 1745 2975; baseline 0 -5"><span class='ocrx_word' id='word_1_355' title='bbox 954 2924 1129 2970; x_wconf 86' lang='lat' dir='ltr'><strong>censuram</strong></span> <span class='ocrx_word' id='word_1_356' title='bbox 1165 2902 1426 2975; x_wconf 86' lang='lat' dir='ltr'><strong>ecclesiasticam</strong></span> <span class='ocrx_word' id='word_1_357' title='bbox 1457 2909 1596 2970; x_wconf 86' lang='lat' dir='ltr'><strong>tirmiter</strong></span> <span class='ocrx_word' id='word_1_358' title='bbox 1627 2909 1745 2970; x_wconf 88' lang='lat' dir='ltr'><strong>obser-</strong></span> 
     </span>
     <span class='ocr_line' id='line_1_73' title="bbox 953 3004 1740 3083; baseline -0.001 -18"><span class='ocrx_word' id='word_1_359' title='bbox 953 3006 1038 3069; x_wconf 83' lang='lat' dir='ltr'><strong>vari.</strong></span> <span class='ocrx_word' id='word_1_360' title='bbox 1062 3007 1176 3067; x_wconf 87' lang='lat' dir='ltr'><strong>Testes</strong></span> <span class='ocrx_word' id='word_1_361' title='bbox 1197 3005 1308 3066; x_wconf 91' lang='lat' dir='ltr'><strong>autem</strong></span> <span class='ocrx_word' id='word_1_362' title='bbox 1332 3006 1387 3083; x_wconf 92' lang='lat' dir='ltr'><strong>qui</strong></span> <span class='ocrx_word' id='word_1_363' title='bbox 1409 3004 1534 3067; x_wconf 82' lang='lat' dir='ltr'><strong>tuerint</strong></span> <span class='ocrx_word' id='word_1_364' title='bbox 1567 3004 1740 3078; x_wconf 86' lang='lat' dir='ltr'><strong>nominati,</strong></span> 
     </span>
     <span class='ocr_line' id='line_1_74' title="bbox 954 3084 1739 3177; baseline 0.003 -16"><span class='ocrx_word' id='word_1_365' title='bbox 954 3101 984 3161; x_wconf 88' lang='lat' dir='ltr'><strong>si</strong></span> <span class='ocrx_word' id='word_1_366' title='bbox 999 3117 1035 3163; x_wconf 90' lang='lat' dir='ltr'><strong>se</strong></span> <span class='ocrx_word' id='word_1_367' title='bbox 1049 3102 1170 3177; x_wconf 83' lang='lat' dir='ltr'><strong>gratia,</strong></span> <span class='ocrx_word' id='word_1_368' title='bbox 1187 3100 1262 3162; x_wconf 92' lang='lat' dir='ltr'><strong>odio</strong></span> <span class='ocrx_word' id='word_1_369' title='bbox 1286 3102 1339 3161; x_wconf 92' lang='lat' dir='ltr'><strong>vel</strong></span> <span class='ocrx_word' id='word_1_370' title='bbox 1358 3084 1478 3162; x_wconf 82' lang='lat' dir='ltr'><strong>timore</strong></span> <span class='ocrx_word' id='word_1_371' title='bbox 1500 3096 1739 3172; x_wconf 86' lang='lat' dir='ltr'><strong>subtraxerint,</strong></span> 
     </span>
     <span class='ocr_line' id='line_1_75' title="bbox 954 3196 1744 3273; baseline 0.001 -16"><span class='ocrx_word' id='word_1_372' title='bbox 954 3212 1013 3273; x_wconf 93' lang='lat' dir='ltr'><strong>per</strong></span> <span class='ocrx_word' id='word_1_373' title='bbox 1023 3196 1263 3259; x_wconf 89' lang='lat' dir='ltr'><strong>districtionem</strong></span> <span class='ocrx_word' id='word_1_374' title='bbox 1276 3196 1423 3258; x_wconf 89' lang='lat' dir='ltr'><strong>eamdem</strong></span> <span class='ocrx_word' id='word_1_375' title='bbox 1435 3197 1657 3273; x_wconf 88' lang='lat' dir='ltr'><strong>appellatione</strong></span> <span class='ocrx_word' id='word_1_376' title='bbox 1669 3213 1744 3258; x_wconf 86' lang='lat' dir='ltr'><strong>ces-</strong></span> 
     </span>
     <span class='ocr_line' id='line_1_76' title="bbox 953 3294 1742 3371; baseline 0 -17"><span class='ocrx_word' id='word_1_377' title='bbox 953 3295 1057 3365; x_wconf 85' lang='lat' dir='ltr'><strong>sante,</strong></span> <span class='ocrx_word' id='word_1_378' title='bbox 1075 3295 1202 3371; x_wconf 80' lang='lat' dir='ltr'><strong>cogatt&#39;s</strong></span> <span class='ocrx_word' id='word_1_379' title='bbox 1223 3294 1358 3356; x_wconf 88' lang='lat' dir='ltr'><strong>veritati</strong></span> <span class='ocrx_word' id='word_1_380' title='bbox 1374 3294 1602 3356; x_wconf 87' lang='lat' dir='ltr'><strong>testimonium</strong></span> <span class='ocrx_word' id='word_1_381' title='bbox 1623 3294 1742 3371; x_wconf 88' lang='lat' dir='ltr'><strong>perbi-</strong></span> 
     </span>
     <span class='ocr_line' id='line_1_77' title="bbox 952 3388 1743 3477; baseline -0.005 -22"><span class='ocrx_word' id='word_1_382' title='bbox 952 3389 1151 3477; x_wconf 68' lang='lat' dir='ltr'><strong>bcraQuod</strong></span> <span class='ocrx_word' id='word_1_383' title='bbox 1172 3390 1203 3453; x_wconf 86' lang='lat' dir='ltr'><strong>si</strong></span> <span class='ocrx_word' id='word_1_384' title='bbox 1226 3404 1293 3453; x_wconf 90' lang='lat' dir='ltr'><strong>non</strong></span> <span class='ocrx_word' id='word_1_385' title='bbox 1320 3404 1434 3453; x_wconf 88' lang='lat' dir='ltr'><strong>omnes</strong></span> <span class='ocrx_word' id='word_1_386' title='bbox 1453 3388 1507 3451; x_wconf 88' lang='lat' dir='ltr'><strong>his</strong></span> <span class='ocrx_word' id='word_1_387' title='bbox 1522 3390 1743 3467; x_wconf 85' lang='lat' dir='ltr'><strong>exsequendis</strong></span> 
     </span>
     <span class='ocr_line' id='line_1_78' title="bbox 952 3482 1743 3565; baseline 0.001 -19"><span class='ocrx_word' id='word_1_388' title='bbox 952 3482 1315 3565; x_wconf 69' lang='lat' dir='ltr'><strong>potueritisinteresse,</strong></span> <span class='ocrx_word' id='word_1_389' title='bbox 1326 3485 1393 3549; x_wconf 92' lang='lat' dir='ltr'><strong>duo</strong></span> <span class='ocrx_word' id='word_1_390' title='bbox 1403 3486 1550 3548; x_wconf 88' lang='lat' dir='ltr'><strong>vestrum</strong></span> <span class='ocrx_word' id='word_1_391' title='bbox 1563 3500 1603 3547; x_wconf 89' lang='lat' dir='ltr'><strong>ea</strong></span> <span class='ocrx_word' id='word_1_392' title='bbox 1615 3485 1743 3547; x_wconf 90' lang='lat' dir='ltr'><strong>nibilo-</strong></span> 
     </span>
     <span class='ocr_line' id='line_1_79' title="bbox 952 3582 1742 3659; baseline 0.006 -17"><span class='ocrx_word' id='word_1_393' title='bbox 952 3582 1062 3647; x_wconf 84' lang='lat' dir='ltr'><strong>minus</strong></span> <span class='ocrx_word' id='word_1_394' title='bbox 1090 3584 1327 3659; x_wconf 81' lang='lat' dir='ltr'><strong>exsequantur.</strong></span> <span class='ocrx_word' id='word_1_395' title='bbox 1351 3583 1435 3649; x_wconf 83' lang='lat' dir='ltr'><strong>Data</strong></span> <span class='ocrx_word' id='word_1_396' title='bbox 1461 3582 1579 3652; x_wconf 77' lang='lat' dir='ltr'><strong>aratu,</strong></span> <span class='ocrx_word' id='word_1_397' title='bbox 1596 3582 1742 3649; x_wconf 84' lang='lat' dir='ltr'><strong>Vllidus</strong></span> 
     </span>
     <span class='ocr_line' id='line_1_80' title="bbox 953 3677 1721 3755; baseline 0.004 -17"><span class='ocrx_word' id='word_1_398' title='bbox 953 3677 1044 3750; x_wconf 91' lang='lat' dir='ltr'><strong>maii,</strong></span> <span class='ocrx_word' id='word_1_399' title='bbox 1061 3677 1273 3755; x_wconf 84' lang='lat' dir='ltr'><strong>pontificatus</strong></span> <span class='ocrx_word' id='word_1_400' title='bbox 1287 3678 1395 3741; x_wconf 77' lang='lat' dir='ltr'><strong>noent</strong></span> <span class='ocrx_word' id='word_1_401' title='bbox 1409 3693 1499 3741; x_wconf 88' lang='lat' dir='ltr'><strong>anno</strong></span> <span class='ocrx_word' id='word_1_402' title='bbox 1515 3678 1624 3741; x_wconf 86' lang='lat' dir='ltr'><strong>sexto.</strong></span> <span class='ocrx_word' id='word_1_403' title='bbox 1717 3734 1721 3741; x_wconf 87' lang='lat'><em>.</em></span> 
     </span>
    </p>
   </div>
   <div class='ocr_carea' id='block_1_20' title="bbox 1064 4108 1631 4294">
    <p class='ocr_par' dir='ltr' id='par_1_20' title="bbox 1064 4108 1631 4294">
     <span class='ocr_line' id='line_1_81' title="bbox 1064 4108 1631 4212; baseline -0.002 -14"><span class='ocrx_word' id='word_1_404' title='bbox 1064 4137 1116 4198; x_wconf 85' lang='lat' dir='ltr'><strong>Ad</strong></span> <span class='ocrx_word' id='word_1_405' title='bbox 1138 4136 1323 4198; x_wconf 78' lang='lat' dir='ltr'><strong>uittccrccc</strong></span> <span class='ocrx_word' id='word_1_406' title='bbox 1345 4108 1446 4212; x_wconf 76' lang='lat' dir='ltr'><strong>repet</strong></span> <span class='ocrx_word' id='word_1_407' title='bbox 1470 4124 1631 4197; x_wconf 61' lang='lat' dir='ltr'><strong>mancine</strong></span> 
     </span>
     <span class='ocr_line' id='line_1_82' title="bbox 1209 4233 1484 4294; baseline 0 0"><span class='ocrx_word' id='word_1_408' title='bbox 1209 4233 1484 4294; x_wconf 73' lang='lat' dir='ltr'><strong>communitates,</strong></span> 
     </span>
    </p>
   </div>
   <div class='ocr_carea' id='block_1_21' title="bbox 965 4362 1757 4630">
    <p class='ocr_par' dir='ltr' id='par_1_21' title="bbox 965 4362 1757 4630">
     <span class='ocr_line' id='line_1_83' title="bbox 1112 4362 1454 4427; baseline 0.003 -8"><span class='ocrx_word' id='word_1_409' title='bbox 1112 4422 1115 4427; x_wconf 70' lang='grc'>,</span> <span class='ocrx_word' id='word_1_410' title='bbox 1243 4362 1277 4423; x_wconf 83' lang='lat' dir='ltr'><strong>ts</strong></span> <span class='ocrx_word' id='word_1_411' title='bbox 1292 4362 1360 4421; x_wconf 77' lang='lat' dir='ltr'><strong>nau</strong></span> <span class='ocrx_word' id='word_1_412' title='bbox 1376 4362 1454 4423; x_wconf 79' lang='lat' dir='ltr'><strong>resa.</strong></span> 
     </span>
     <span class='ocr_line' id='line_1_84' title="bbox 965 4444 1757 4628; baseline -0.001 -77"><span class='ocrx_word' id='word_1_413' title='bbox 965 4486 1103 4552; x_wconf 51' lang='lat' dir='ltr'><strong>[diuidit</strong></span> <span class='ocrx_word' id='word_1_414' title='bbox 1113 4485 1173 4538; x_wconf 82' lang='lat' dir='ltr'><strong>lise.</strong></span> <span class='ocrx_word' id='word_1_415' title='bbox 1185 4484 1344 4614; x_wconf 48' lang='lat' dir='ltr'><strong>duflisioizz</strong></span> <span class='ocrx_word' id='word_1_416' title='bbox 1351 4486 1427 4628; x_wconf 57' lang='lat' dir='ltr'><strong>{g}</strong></span> <span class='ocrx_word' id='word_1_417' title='bbox 1431 4483 1491 4545; x_wconf 67' lang='grc'><strong>7191</strong></span> <span class='ocrx_word' id='word_1_418' title='bbox 1502 4484 1615 4548; x_wconf 62' lang='lat' dir='ltr'><strong>Riifflte</strong></span> <span class='ocrx_word' id='word_1_419' title='bbox 1627 4446 1727 4542; x_wconf 39' lang='lat' dir='ltr'><strong>lib-&#39;db</strong></span> <span class='ocrx_word' id='word_1_420' title='bbox 1755 4444 1757 4449; x_wconf 17' lang='lat'><strong>⁴</strong></span> 
     </span>
     <span class='ocr_line' id='line_1_85' title="bbox 1268 4578 1413 4630; baseline -0.007 -16"><span class='ocrx_word' id='word_1_421' title='bbox 1268 4578 1301 4630; x_wconf 88' lang='lat' dir='ltr'><strong>ep</strong></span> <span class='ocrx_word' id='word_1_422' title='bbox 1408 4601 1413 4613; x_wconf 93' lang='lat'>.</span> 
     </span>
    </p>
   </div>
   <div class='ocr_carea' id='block_1_22' title="bbox 950 4667 1746 4993">
    <p class='ocr_par' dir='ltr' id='par_1_22' title="bbox 950 4667 1746 4993">
     <span class='ocr_line' id='line_1_86' title="bbox 950 4667 1742 4739; baseline -0.005 -9"><span class='ocrx_word' id='word_1_423' title='bbox 950 4671 1099 4737; x_wconf 81' lang='lat' dir='ltr'><strong>Tolosanis</strong></span> <span class='ocrx_word' id='word_1_424' title='bbox 1112 4669 1251 4731; x_wconf 86' lang='lat' dir='ltr'><strong>adversus</strong></span> <span class='ocrx_word' id='word_1_425' title='bbox 1263 4670 1438 4739; x_wconf 71' lang='lat' dir='ltr'><strong>amalricum</strong></span> <span class='ocrx_word' id='word_1_426' title='bbox 1452 4668 1489 4729; x_wconf 89' lang='lat' dir='ltr'><strong>de</strong></span> <span class='ocrx_word' id='word_1_427' title='bbox 1502 4667 1664 4731; x_wconf 78' lang='lat' dir='ltr'><strong>llonmlorti</strong></span> <span class='ocrx_word' id='word_1_428' title='bbox 1677 4683 1742 4729; x_wconf 87' lang='lat' dir='ltr'><strong>me·</strong></span> 
     </span>
     <span class='ocr_line' id='line_1_87' title="bbox 971 4755 1746 4837; baseline -0.013 -14"><span class='ocrx_word' id='word_1_429' title='bbox 971 4760 1031 4837; x_wconf 47' lang='lat' dir='ltr'><strong>,itit</strong></span> <span class='ocrx_word' id='word_1_430' title='bbox 1048 4774 1084 4819; x_wconf 84' lang='lat' dir='ltr'><strong>ac</strong></span> <span class='ocrx_word' id='word_1_431' title='bbox 1096 4759 1190 4833; x_wconf 78' lang='lat' dir='ltr'><strong>magis</strong></span> <span class='ocrx_word' id='word_1_432' title='bbox 1204 4757 1479 4826; x_wconf 82' lang='lat' dir='ltr'><strong>convalescentibus,</strong></span> <span class='ocrx_word' id='word_1_433' title='bbox 1500 4758 1643 4815; x_wconf 84' lang='lat' dir='ltr'><strong>Honorius</strong></span> <span class='ocrx_word' id='word_1_434' title='bbox 1660 4755 1746 4829; x_wconf 78' lang='lat' dir='ltr'><strong>regni</strong></span> 
     </span>
     <span class='ocr_line' id='line_1_88' title="bbox 986 4843 1744 4905; baseline -0.005 0"><span class='ocrx_word' id='word_1_435' title='bbox 986 4848 1113 4905; x_wconf 76' lang='lat' dir='ltr'><strong>Francia</strong></span> <span class='ocrx_word' id='word_1_436' title='bbox 1124 4847 1344 4905; x_wconf 84' lang='lat' dir='ltr'><strong>communitates</strong></span> <span class='ocrx_word' id='word_1_437' title='bbox 1355 4846 1459 4904; x_wconf 84' lang='lat' dir='ltr'><strong>excitat</strong></span> <span class='ocrx_word' id='word_1_438' title='bbox 1471 4845 1507 4903; x_wconf 91' lang='lat' dir='ltr'><strong>ad</strong></span> <span class='ocrx_word' id='word_1_439' title='bbox 1520 4843 1744 4903; x_wconf 88' lang='lat' dir='ltr'><strong>succurrendum</strong></span> 
     </span>
     <span class='ocr_line' id='line_1_89' title="bbox 986 4933 1538 4993; baseline -0.004 0"><span class='ocrx_word' id='word_1_440' title='bbox 986 4934 1117 4993; x_wconf 76' lang='lat' dir='ltr'><strong>fidelibus</strong></span> <span class='ocrx_word' id='word_1_441' title='bbox 1128 4941 1226 4991; x_wconf 87' lang='lat' dir='ltr'><strong>contre</strong></span> <span class='ocrx_word' id='word_1_442' title='bbox 1242 4934 1304 4990; x_wconf 88' lang='lat' dir='ltr'><strong>illos</strong></span> <span class='ocrx_word' id='word_1_443' title='bbox 1319 4933 1538 4991; x_wconf 87' lang='lat' dir='ltr'><strong>decertantibus.</strong></span> 
     </span>
    </p>
   </div>
   <div class='ocr_carea' id='block_1_23' title="bbox 950 5055 1755 5624">
    <p class='ocr_par' dir='ltr' id='par_1_23' title="bbox 950 5055 1755 5429">
     <span class='ocr_line' id='line_1_90' title="bbox 990 5055 1746 5139; baseline -0.009 -16"><span class='ocrx_word' id='word_1_444' title='bbox 990 5060 1157 5129; x_wconf 84' lang='lat' dir='ltr'><strong>Honorius</strong></span> <span class='ocrx_word' id='word_1_445' title='bbox 1170 5059 1398 5139; x_wconf 89' lang='lat' dir='ltr'><strong>episcopus...,</strong></span> <span class='ocrx_word' id='word_1_446' title='bbox 1419 5057 1548 5121; x_wconf 90' lang='lat' dir='ltr'><strong>dilectis</strong></span> <span class='ocrx_word' id='word_1_447' title='bbox 1569 5057 1648 5129; x_wconf 77' lang='lat' dir='ltr'><strong>tiliis</strong></span> <span class='ocrx_word' id='word_1_448' title='bbox 1669 5055 1746 5117; x_wconf 89' lang='lat' dir='ltr'><strong>uni·</strong></span> 
     </span>
     <span class='ocr_line' id='line_1_91' title="bbox 950 5152 1743 5228; baseline -0.009 -9"><span class='ocrx_word' id='word_1_449' title='bbox 950 5157 1057 5220; x_wconf 91' lang='lat' dir='ltr'><strong>versis</strong></span> <span class='ocrx_word' id='word_1_450' title='bbox 1085 5154 1375 5219; x_wconf 89' lang='lat' dir='ltr'><strong>communitatibus</strong></span> <span class='ocrx_word' id='word_1_451' title='bbox 1405 5154 1588 5224; x_wconf 86' lang='lat' dir='ltr'><strong>civitatum,</strong></span> <span class='ocrx_word' id='word_1_452' title='bbox 1615 5152 1743 5228; x_wconf 84' lang='lat' dir='ltr'><strong>burgo-</strong></span> 
     </span>
     <span class='ocr_line' id='line_1_92' title="bbox 951 5252 1745 5327; baseline -0.006 -11"><span class='ocrx_word' id='word_1_453' title='bbox 951 5271 1036 5327; x_wconf 92' lang='lat' dir='ltr'><strong>rum,</strong></span> <span class='ocrx_word' id='word_1_454' title='bbox 1066 5256 1251 5315; x_wconf 83' lang='lat' dir='ltr'><strong>castrorum</strong></span> <span class='ocrx_word' id='word_1_455' title='bbox 1274 5256 1308 5314; x_wconf 93' lang='lat' dir='ltr'><strong>et</strong></span> <span class='ocrx_word' id='word_1_456' title='bbox 1329 5252 1498 5322; x_wconf 87' lang='lat' dir='ltr'><strong>villarum,</strong></span> <span class='ocrx_word' id='word_1_457' title='bbox 1523 5264 1583 5325; x_wconf 89' lang='lat' dir='ltr'><strong>per</strong></span> <span class='ocrx_word' id='word_1_458' title='bbox 1604 5264 1745 5324; x_wconf 79' lang='lat' dir='ltr'><strong>regnum</strong></span> 
     </span>
     <span class='ocr_line' id='line_1_93' title="bbox 952 5348 1755 5429; baseline -0.011 -16"><span class='ocrx_word' id='word_1_459' title='bbox 952 5350 1102 5413; x_wconf 80' lang='lat' dir='ltr'><strong>Franciae</strong></span> <span class='ocrx_word' id='word_1_460' title='bbox 1115 5348 1379 5420; x_wconf 82' lang='lat' dir='ltr'><strong>consistentium,</strong></span> <span class='ocrx_word' id='word_1_461' title='bbox 1393 5350 1456 5408; x_wconf 92' lang='lat' dir='ltr'><strong>etc.</strong></span> <span class='ocrx_word' id='word_1_462' title='bbox 1753 5422 1755 5429; x_wconf 28' lang='grc' dir='ltr'>Ι</span> 
     </span>
    </p>

    <p class='ocr_par' dir='ltr' id='par_1_24' title="bbox 951 5439 1748 5624">
     <span class='ocr_line' id='line_1_94' title="bbox 991 5439 1748 5524; baseline -0.009 -14"><span class='ocrx_word' id='word_1_463' title='bbox 991 5452 1042 5511; x_wconf 86' lang='lat' dir='ltr'><strong>Ex</strong></span> <span class='ocrx_word' id='word_1_464' title='bbox 1052 5447 1171 5524; x_wconf 79' lang='lat' dir='ltr'><strong>grandi</strong></span> <span class='ocrx_word' id='word_1_465' title='bbox 1184 5446 1412 5522; x_wconf 80' lang='lat' dir='ltr'><strong>indignatione</strong></span> <span class='ocrx_word' id='word_1_466' title='bbox 1422 5442 1482 5504; x_wconf 91' lang='lat' dir='ltr'><strong>Dei</strong></span> <span class='ocrx_word' id='word_1_467' title='bbox 1495 5439 1661 5504; x_wconf 91' lang='lat' dir='ltr'><strong>credimus</strong></span> <span class='ocrx_word' id='word_1_468' title='bbox 1672 5457 1748 5503; x_wconf 86' lang='lat' dir='ltr'><strong>eve·</strong></span> 
     </span>
     <span class='ocr_line' id='line_1_95' title="bbox 951 5538 1748 5624; baseline -0.011 -16"><span class='ocrx_word' id='word_1_469' title='bbox 951 5546 1025 5608; x_wconf 91' lang='lat' dir='ltr'><strong>nire</strong></span> <span class='ocrx_word' id='word_1_470' title='bbox 1038 5545 1123 5624; x_wconf 92' lang='lat' dir='ltr'><strong>qnod</strong></span> <span class='ocrx_word' id='word_1_471' title='bbox 1143 5543 1375 5605; x_wconf 80' lang='lat' dir='ltr'><strong>baereticorum</strong></span> <span class='ocrx_word' id='word_1_472' title='bbox 1391 5538 1490 5601; x_wconf 86' lang='lat' dir='ltr'><strong>lectio</strong></span> <span class='ocrx_word' id='word_1_473' title='bbox 1509 5538 1545 5599; x_wconf 90' lang='lat' dir='ltr'><strong>in</strong></span> <span class='ocrx_word' id='word_1_474' title='bbox 1560 5538 1748 5600; x_wconf 73' lang='lat' dir='ltr'><strong>Provincia</strong></span> 
     </span>
    </p>
   </div>
   <div class='ocr_carea' id='block_1_24' title="bbox 0 0 2012 6224">
    <p class='ocr_par' dir='ltr' id='par_1_25' title="bbox 0 0 2012 6224">
     <span class='ocr_line' id='line_1_96' title="bbox 0 0 2012 6224; baseline 0 2"><span class='ocrx_word' id='word_1_475' title='bbox 0 0 2012 6224; x_wconf 95' lang='lat' dir='ltr'><strong> </strong></span> 
     </span>
    </p>
   </div>
   <div class='ocr_carea' id='block_1_25' title="bbox 1694 289 1872 362">
    <p class='ocr_par' dir='ltr' id='par_1_26' title="bbox 1694 289 1872 362">
     <span class='ocr_line' id='line_1_97' title="bbox 1694 289 1872 362; baseline -0.011 -9"><span class='ocrx_word' id='word_1_476' title='bbox 1694 289 1872 362; x_wconf 62' lang='grc'><strong>142,</strong></span> 
     </span>
    </p>
   </div>
  </div>
 </body>
</html>
