<?xml version="1.0" encoding="UTF-8"?>
<!DOCTYPE html PUBLIC "-//W3C//DTD XHTML 1.0 Transitional//EN"
    "http://www.w3.org/TR/xhtml1/DTD/xhtml1-transitional.dtd">
<html xmlns="http://www.w3.org/1999/xhtml" xml:lang="en" lang="en">
 <head>
  <title>
</title>
<meta http-equiv="Content-Type" content="text/html;charset=utf-8" />
  <meta name='ocr-system' content='tesseract 3.04.00' />
  <meta name='ocr-capabilities' content='ocr_page ocr_carea ocr_par ocr_line ocrx_word'/>
</head>
<body>
  <div class='ocr_page' id='page_1' title='image "./mediiaevibiblio04bottgoog_0068.png"; bbox 0 0 4014 6224; ppageno 0'>
   <div class='ocr_carea' id='block_1_1' title="bbox 74 2580 704 2651">
    <p class='ocr_par' dir='ltr' id='par_1_1' title="bbox 74 2580 704 2651">
     <span class='ocr_line' id='line_1_1' title="bbox 74 2580 704 2651; baseline -0.006 -8"><span class='ocrx_word' id='word_1_1' title='bbox 74 2584 80 2593; x_wconf 84' lang='lat'>‘</span> <span class='ocrx_word' id='word_1_2' title='bbox 152 2581 301 2642; x_wconf 88' lang='lat' dir='ltr'><strong>dilectus</strong></span> <span class='ocrx_word' id='word_1_3' title='bbox 317 2580 406 2641; x_wconf 84' lang='lat' dir='ltr'><strong>lilius</strong></span> <span class='ocrx_word' id='word_1_4' title='bbox 419 2581 532 2641; x_wconf 89' lang='lat' dir='ltr'><strong>noster</strong></span> <span class='ocrx_word' id='word_1_5' title='bbox 547 2582 704 2651; x_wconf 80' lang='lat' dir='ltr'><strong>loannes,</strong></span> 
     </span>
    </p>
   </div>
   <div class='ocr_carea' id='block_1_2' title="bbox 164 262 1805 347">
    <p class='ocr_par' dir='ltr' id='par_1_2' title="bbox 164 262 1805 347">
     <span class='ocr_line' id='line_1_2' title="bbox 164 262 1805 347; baseline 0.007 -13"><span class='ocrx_word' id='word_1_6' title='bbox 164 271 220 334; x_wconf 76' lang='grc'><strong>100</strong></span> <span class='ocrx_word' id='word_1_7' title='bbox 779 262 1008 338; x_wconf 72' lang='lat' dir='ltr'><strong>nrisrociu.</strong></span> <span class='ocrx_word' id='word_1_8' title='bbox 1031 278 1109 339; x_wconf 79' lang='lat' dir='ltr'><strong>iia.</strong></span> <span class='ocrx_word' id='word_1_9' title='bbox 1132 280 1186 340; x_wconf 90' lang='lat' dir='ltr'><strong>vi.</strong></span> <span class='ocrx_word' id='word_1_10' title='bbox 1747 285 1805 347; x_wconf 84' lang='lat' dir='ltr'><strong>ios</strong></span> 
     </span>
    </p>
   </div>
   <div class='ocr_carea' id='block_1_3' title="bbox 162 431 1507 537">
    <p class='ocr_par' dir='ltr' id='par_1_3' title="bbox 162 431 1507 537">
     <span class='ocr_line' id='line_1_3' title="bbox 162 431 1507 537; baseline 0.017 -44"><span class='ocrx_word' id='word_1_11' title='bbox 162 432 237 493; x_wconf 88' lang='lat' dir='ltr'><strong>liter</strong></span> <span class='ocrx_word' id='word_1_12' title='bbox 259 431 467 494; x_wconf 75' lang='lat' dir='ltr'><strong>rescribatis.</strong></span> <span class='ocrx_word' id='word_1_13' title='bbox 484 431 576 506; x_wconf 87' lang='lat' dir='ltr'><strong>Quod</strong></span> <span class='ocrx_word' id='word_1_14' title='bbox 596 433 628 494; x_wconf 89' lang='lat' dir='ltr'><strong>si</strong></span> <span class='ocrx_word' id='word_1_15' title='bbox 648 448 714 495; x_wconf 92' lang='lat' dir='ltr'><strong>non</strong></span> <span class='ocrx_word' id='word_1_16' title='bbox 730 446 856 506; x_wconf 89' lang='lat' dir='ltr'><strong>omnes,</strong></span> <span class='ocrx_word' id='word_1_17' title='bbox 878 435 954 507; x_wconf 80' lang='lat' dir='ltr'><strong>etc,</strong></span> <span class='ocrx_word' id='word_1_18' title='bbox 1308 448 1507 537; x_wconf 72' lang='lat' dir='ltr'>CXXVIII</span> 
     </span>
    </p>
   </div>
   <div class='ocr_carea' id='block_1_4' title="bbox 160 529 1765 688">
    <p class='ocr_par' dir='ltr' id='par_1_4' title="bbox 160 529 1765 688">
     <span class='ocr_line' id='line_1_4' title="bbox 161 529 959 607; baseline 0.004 -18"><span class='ocrx_word' id='word_1_19' title='bbox 161 529 225 590; x_wconf 90' lang='lat' dir='ltr'><strong>dno</strong></span> <span class='ocrx_word' id='word_1_20' title='bbox 246 530 409 600; x_wconf 79' lang='lat' dir='ltr'><strong>restrum,</strong></span> <span class='ocrx_word' id='word_1_21' title='bbox 432 533 495 592; x_wconf 87' lang='lat' dir='ltr'><strong>etc.</strong></span> <span class='ocrx_word' id='word_1_22' title='bbox 519 530 638 591; x_wconf 89' lang='lat' dir='ltr'><strong>Datum</strong></span> <span class='ocrx_word' id='word_1_23' title='bbox 655 531 827 607; x_wconf 75' lang='lat' dir='ltr'>Anagniae,</span> <span class='ocrx_word' id='word_1_24' title='bbox 849 534 880 593; x_wconf 90' lang='grc'><strong>11</strong></span> <span class='ocrx_word' id='word_1_25' title='bbox 895 531 959 593; x_wconf 85' lang='lat' dir='ltr'><strong>lia·</strong></span> 
     </span>
     <span class='ocr_line' id='line_1_5' title="bbox 160 598 1765 688; baseline -0.006 -16"><span class='ocrx_word' id='word_1_26' title='bbox 160 624 418 688; x_wconf 60' lang='lat' dir='ltr'><strong>pondasmapffi</strong></span> <span class='ocrx_word' id='word_1_27' title='bbox 1050 599 1103 658; x_wconf 87' lang='lat' dir='ltr'><strong>Ad</strong></span> <span class='ocrx_word' id='word_1_28' title='bbox 1116 598 1294 671; x_wconf 80' lang='lat' dir='ltr'><strong>decanum,</strong></span> <span class='ocrx_word' id='word_1_29' title='bbox 1310 603 1527 662; x_wconf 76' lang='lat' dir='ltr'><strong>scolasticum</strong></span> <span class='ocrx_word' id='word_1_30' title='bbox 1541 602 1575 665; x_wconf 84' lang='lat' dir='ltr'><strong>et</strong></span> <span class='ocrx_word' id='word_1_31' title='bbox 1589 602 1765 664; x_wconf 83' lang='lat' dir='ltr'><strong>ciistodcm</strong></span> 
     </span>
    </p>
   </div>
   <div class='ocr_carea' id='block_1_5' title="bbox 1149 698 1663 762">
    <p class='ocr_par' dir='ltr' id='par_1_5' title="bbox 1149 698 1663 762">
     <span class='ocr_line' id='line_1_6' title="bbox 1149 698 1663 762; baseline 0.002 -4"><span class='ocrx_word' id='word_1_32' title='bbox 1149 698 1184 758; x_wconf 84' lang='lat' dir='ltr'><strong>S.</strong></span> <span class='ocrx_word' id='word_1_33' title='bbox 1200 698 1361 759; x_wconf 79' lang='lat' dir='ltr'><strong>Mauritit</strong></span> <span class='ocrx_word' id='word_1_34' title='bbox 1381 702 1663 762; x_wconf 77' lang='lat' dir='ltr'><strong>Hildcsemecsti.</strong></span> 
     </span>
    </p>
   </div>
   <div class='ocr_carea' id='block_1_6' title="bbox 1298 827 1515 888">
    <p class='ocr_par' dir='ltr' id='par_1_6' title="bbox 1298 827 1515 888">
     <span class='ocr_line' id='line_1_7' title="bbox 1298 827 1515 888; baseline 0.009 -3"><span class='ocrx_word' id='word_1_35' title='bbox 1298 827 1315 885; x_wconf 82' lang='lat' dir='ltr'><strong>i</strong></span> <span class='ocrx_word' id='word_1_36' title='bbox 1329 829 1423 887; x_wconf 88' lang='lat' dir='ltr'><strong>martii</strong></span> <span class='ocrx_word' id='word_1_37' title='bbox 1436 831 1515 888; x_wconf 77' lang='lat' dir='ltr'><strong>liii.</strong></span> 
     </span>
    </p>
   </div>
   <div class='ocr_carea' id='block_1_7' title="bbox 185 885 1804 1150">
    <p class='ocr_par' dir='ltr' id='par_1_7' title="bbox 185 885 1804 1150">
     <span class='ocr_line' id='line_1_8' title="bbox 473 885 1715 1020; baseline 0.032 -51"><span class='ocrx_word' id='word_1_38' title='bbox 473 885 650 974; x_wconf 75' lang='lat' dir='ltr'>CXXVII</span> <span class='ocrx_word' id='word_1_39' title='bbox 1101 949 1282 1015; x_wconf 70' lang='lat' dir='ltr'><strong>[lappenberg</strong></span> <span class='ocrx_word' id='word_1_40' title='bbox 1296 950 1431 1015; x_wconf 83' lang='lat' dir='ltr'><strong>llambnrg.</strong></span> <span class='ocrx_word' id='word_1_41' title='bbox 1445 953 1494 1011; x_wconf 78' lang='grc' dir='ltr'><strong>ΗΒ,</strong></span> <span class='ocrx_word' id='word_1_42' title='bbox 1508 952 1529 1013; x_wconf 94' lang='lat' dir='ltr'><strong>l,</strong></span> <span class='ocrx_word' id='word_1_43' title='bbox 1539 952 1594 1012; x_wconf 81' lang='lat' dir='ltr'><strong>iou,</strong></span> <span class='ocrx_word' id='word_1_44' title='bbox 1609 967 1635 1004; x_wconf 80' lang='lat' dir='ltr'><strong>a.</strong></span> <span class='ocrx_word' id='word_1_45' title='bbox 1646 952 1715 1020; x_wconf 64' lang='lat' dir='ltr'><strong>itt]</strong></span> 
     </span>
     <span class='ocr_line' id='line_1_9' title="bbox 185 1036 1804 1150; baseline 0.019 -43"><span class='ocrx_word' id='word_1_46' title='bbox 185 1038 239 1097; x_wconf 71' lang='lat' dir='ltr'><strong>Ad</strong></span> <span class='ocrx_word' id='word_1_47' title='bbox 250 1037 407 1099; x_wconf 59' lang='lat' dir='ltr'><strong>abbatem</strong></span> <span class='ocrx_word' id='word_1_48' title='bbox 421 1036 456 1098; x_wconf 64' lang='grc' dir='ltr'><strong>θῖ</strong></span> <span class='ocrx_word' id='word_1_49' title='bbox 469 1038 676 1099; x_wconf 62' lang='lat' dir='ltr'><strong>wiwemum</strong></span> <span class='ocrx_word' id='word_1_50' title='bbox 692 1036 812 1100; x_wconf 59' lang='lat' dir='ltr'><strong>Sami</strong></span> <span class='ocrx_word' id='word_1_51' title='bbox 824 1039 928 1099; x_wconf 57' lang='lat' dir='ltr'><em>Pauli</em></span> <span class='ocrx_word' id='word_1_52' title='bbox 1011 1068 1127 1132; x_wconf 77' lang='lat' dir='ltr'><strong>Mandat</strong></span> <span class='ocrx_word' id='word_1_53' title='bbox 1149 1081 1181 1133; x_wconf 83' lang='lat' dir='ltr'><strong>ut</strong></span> <span class='ocrx_word' id='word_1_54' title='bbox 1203 1076 1373 1149; x_wconf 81' lang='lat' dir='ltr'>compositio</span> <span class='ocrx_word' id='word_1_55' title='bbox 1396 1077 1470 1135; x_wconf 84' lang='lat' dir='ltr'><strong>inter</strong></span> <span class='ocrx_word' id='word_1_56' title='bbox 1492 1078 1647 1150; x_wconf 86' lang='lat' dir='ltr'><strong>capitulum</strong></span> <span class='ocrx_word' id='word_1_57' title='bbox 1673 1079 1804 1137; x_wconf 78' lang='lat' dir='ltr'><strong>ecclesiae</strong></span> 
     </span>
    </p>
   </div>
   <div class='ocr_carea' id='block_1_8' title="bbox 420 1129 1801 1328">
    <p class='ocr_par' dir='ltr' id='par_1_8' title="bbox 420 1129 1801 1328">
     <span class='ocr_line' id='line_1_10' title="bbox 480 1129 1801 1243; baseline 0 -19"><span class='ocrx_word' id='word_1_58' title='bbox 480 1135 522 1195; x_wconf 56' lang='lat' dir='ltr'><strong>de</strong></span> <span class='ocrx_word' id='word_1_59' title='bbox 540 1129 636 1196; x_wconf 42' lang='lat' dir='ltr'><strong>Urbe·</strong></span> <span class='ocrx_word' id='word_1_60' title='bbox 1047 1163 1075 1221; x_wconf 88' lang='lat' dir='ltr'><strong>S.</strong></span> <span class='ocrx_word' id='word_1_61' title='bbox 1092 1163 1243 1221; x_wconf 79' lang='lat' dir='ltr'><strong>Auscharii</strong></span> <span class='ocrx_word' id='word_1_62' title='bbox 1256 1166 1418 1224; x_wconf 78' lang='lat' dir='ltr'><strong>bremensis</strong></span> <span class='ocrx_word' id='word_1_63' title='bbox 1431 1180 1466 1223; x_wconf 89' lang='lat' dir='ltr'><strong>ex</strong></span> <span class='ocrx_word' id='word_1_64' title='bbox 1484 1181 1540 1224; x_wconf 90' lang='lat' dir='ltr'><strong>una</strong></span> <span class='ocrx_word' id='word_1_65' title='bbox 1557 1175 1636 1240; x_wconf 89' lang='lat' dir='ltr'><strong>parte</strong></span> <span class='ocrx_word' id='word_1_66' title='bbox 1650 1175 1678 1227; x_wconf 87' lang='lat' dir='ltr'><strong>ot</strong></span> <span class='ocrx_word' id='word_1_67' title='bbox 1689 1183 1801 1243; x_wconf 86' lang='lat' dir='ltr'><strong>praepo·</strong></span> 
     </span>
     <span class='ocr_line' id='line_1_11' title="bbox 420 1252 1801 1328; baseline 0.001 -16"><span class='ocrx_word' id='word_1_68' title='bbox 420 1263 456 1322; x_wconf 80' lang='lat'><strong>28</strong></span> <span class='ocrx_word' id='word_1_69' title='bbox 470 1261 603 1321; x_wconf 70' lang='lat' dir='ltr'><strong>februarii</strong></span> <span class='ocrx_word' id='word_1_70' title='bbox 620 1264 699 1322; x_wconf 72' lang='lat'><strong>1222,</strong></span> <span class='ocrx_word' id='word_1_71' title='bbox 816 1258 819 1267; x_wconf 86' lang='lat'>&#39;</span> <span class='ocrx_word' id='word_1_72' title='bbox 1046 1252 1131 1309; x_wconf 88' lang='lat' dir='ltr'><strong>situm</strong></span> <span class='ocrx_word' id='word_1_73' title='bbox 1143 1254 1327 1311; x_wconf 89' lang='lat' dir='ltr'><strong>Bremensem</strong></span> <span class='ocrx_word' id='word_1_74' title='bbox 1346 1270 1382 1311; x_wconf 84' lang='lat' dir='ltr'><strong>eii</strong></span> <span class='ocrx_word' id='word_1_75' title='bbox 1401 1256 1499 1324; x_wconf 85' lang='lat' dir='ltr'><strong>altera,</strong></span> <span class='ocrx_word' id='word_1_76' title='bbox 1518 1256 1703 1315; x_wconf 74' lang='lat' dir='ltr'><strong>amicabiliter</strong></span> <span class='ocrx_word' id='word_1_77' title='bbox 1721 1257 1801 1328; x_wconf 87' lang='lat' dir='ltr'><strong>inita,</strong></span> 
     </span>
    </p>
   </div>
   <div class='ocr_carea' id='block_1_9' title="bbox 156 1340 1803 2330">
    <p class='ocr_par' dir='ltr' id='par_1_9' title="bbox 156 1340 1803 1839">
     <span class='ocr_line' id='line_1_12' title="bbox 327 1340 1354 1452; baseline 0.004 -58"><span class='ocrx_word' id='word_1_78' title='bbox 327 1384 561 1451; x_wconf 43' lang='lat' dir='ltr'><strong>[Mamurium</strong></span> <span class='ocrx_word' id='word_1_79' title='bbox 575 1385 793 1452; x_wconf 35' lang='lat' dir='ltr'><strong>umqum]</strong></span> <span class='ocrx_word' id='word_1_80' title='bbox 1047 1340 1165 1399; x_wconf 85' lang='lat' dir='ltr'><strong>tirmiter</strong></span> <span class='ocrx_word' id='word_1_81' title='bbox 1178 1342 1354 1401; x_wconf 85' lang='lat' dir='ltr'><strong>observetur.</strong></span> 
     </span>
     <span class='ocr_line' id='line_1_13' title="bbox 156 1508 1214 1582; baseline -0.005 -12"><span class='ocrx_word' id='word_1_82' title='bbox 156 1510 304 1570; x_wconf 87' lang='lat' dir='ltr'><strong>Unionem</strong></span> <span class='ocrx_word' id='word_1_83' title='bbox 318 1509 486 1568; x_wconf 85' lang='lat' dir='ltr'><strong>monasterii</strong></span> <span class='ocrx_word' id='word_1_84' title='bbox 500 1508 537 1566; x_wconf 91' lang='lat' dir='ltr'><strong>de</strong></span> <span class='ocrx_word' id='word_1_85' title='bbox 551 1508 955 1569; x_wconf 83' lang='lat' dir='ltr'><strong>Monomacbocslcedonien.</strong></span> <span class='ocrx_word' id='word_1_86' title='bbox 1035 1566 1041 1579; x_wconf 76' lang='grc'>,</span> <span class='ocrx_word' id='word_1_87' title='bbox 1114 1569 1120 1580; x_wconf 68' lang='grc'>,</span> <span class='ocrx_word' id='word_1_88' title='bbox 1194 1570 1214 1582; x_wconf 48' lang='grc' dir='ltr'>Η</span> 
     </span>
     <span class='ocr_line' id='line_1_14' title="bbox 192 1566 1802 1657; baseline 0.006 -35"><span class='ocrx_word' id='word_1_89' title='bbox 192 1598 334 1656; x_wconf 51' lang='lat' dir='ltr'>diffisis</span> <span class='ocrx_word' id='word_1_90' title='bbox 345 1613 412 1656; x_wconf 62' lang='lat' dir='ltr'><strong>cum</strong></span> <span class='ocrx_word' id='word_1_91' title='bbox 426 1598 600 1657; x_wconf 82' lang='lat' dir='ltr'><strong>monasterio</strong></span> <span class='ocrx_word' id='word_1_92' title='bbox 616 1598 712 1656; x_wconf 81' lang='lat' dir='ltr'><strong>Sancti</strong></span> <span class='ocrx_word' id='word_1_93' title='bbox 725 1599 806 1657; x_wconf 62' lang='lat' dir='ltr'>Pauli</span> <span class='ocrx_word' id='word_1_94' title='bbox 827 1598 863 1656; x_wconf 89' lang='lat' dir='ltr'><strong>de</strong></span> <span class='ocrx_word' id='word_1_95' title='bbox 881 1597 957 1657; x_wconf 51' lang='lat' dir='ltr'>Urbe</span> <span class='ocrx_word' id='word_1_96' title='bbox 1011 1566 1140 1629; x_wconf 90' lang='lat' dir='ltr'><strong>dilectis</strong></span> <span class='ocrx_word' id='word_1_97' title='bbox 1155 1568 1245 1642; x_wconf 84' lang='lat' dir='ltr'><strong>tiliis,</strong></span> <span class='ocrx_word' id='word_1_98' title='bbox 1262 1570 1398 1644; x_wconf 88' lang='lat' dir='ltr'><strong>decano,</strong></span> <span class='ocrx_word' id='word_1_99' title='bbox 1414 1572 1614 1634; x_wconf 89' lang='lat' dir='ltr'><strong>scholastico</strong></span> <span class='ocrx_word' id='word_1_100' title='bbox 1630 1573 1663 1635; x_wconf 90' lang='lat' dir='ltr'><strong>et</strong></span> <span class='ocrx_word' id='word_1_101' title='bbox 1674 1572 1802 1634; x_wconf 89' lang='lat' dir='ltr'><strong>custodi</strong></span> 
     </span>
     <span class='ocr_line' id='line_1_15' title="bbox 193 1665 1803 1746; baseline 0.007 -26"><span class='ocrx_word' id='word_1_102' title='bbox 193 1689 359 1746; x_wconf 78' lang='lat' dir='ltr'><strong>confirmat.</strong></span> <span class='ocrx_word' id='word_1_103' title='bbox 1011 1665 1125 1726; x_wconf 86' lang='lat' dir='ltr'><strong>Sancti</strong></span> <span class='ocrx_word' id='word_1_104' title='bbox 1145 1668 1294 1730; x_wconf 88' lang='lat' dir='ltr'><strong>Mauritii</strong></span> <span class='ocrx_word' id='word_1_105' title='bbox 1317 1669 1588 1742; x_wconf 88' lang='lat' dir='ltr'><strong>Hildesemensis,</strong></span> <span class='ocrx_word' id='word_1_106' title='bbox 1606 1669 1746 1732; x_wconf 88' lang='lat' dir='ltr'><strong>salutem</strong></span> <span class='ocrx_word' id='word_1_107' title='bbox 1770 1672 1803 1732; x_wconf 89' lang='lat' dir='ltr'><strong>et</strong></span> 
     </span>
     <span class='ocr_line' id='line_1_16' title="bbox 1011 1763 1521 1839; baseline 0.012 -18"><span class='ocrx_word' id='word_1_108' title='bbox 1011 1763 1226 1839; x_wconf 89' lang='lat' dir='ltr'><strong>apostolicam</strong></span> <span class='ocrx_word' id='word_1_109' title='bbox 1247 1764 1521 1828; x_wconf 79' lang='lat' dir='ltr'><strong>benedictionem.</strong></span> 
     </span>
    </p>

    <p class='ocr_par' dir='ltr' id='par_1_10' title="bbox 1010 1860 1802 2330">
     <span class='ocr_line' id='line_1_17' title="bbox 1050 1860 1802 1940; baseline 0.005 -20"><span class='ocrx_word' id='word_1_110' title='bbox 1050 1860 1169 1922; x_wconf 86' lang='lat' dir='ltr'><strong>Dilecti</strong></span> <span class='ocrx_word' id='word_1_111' title='bbox 1192 1861 1264 1935; x_wconf 86' lang='lat' dir='ltr'><strong>lilii,</strong></span> <span class='ocrx_word' id='word_1_112' title='bbox 1296 1863 1475 1940; x_wconf 90' lang='lat' dir='ltr'><strong>capitulum</strong></span> <span class='ocrx_word' id='word_1_113' title='bbox 1504 1863 1655 1925; x_wconf 88' lang='lat' dir='ltr'><strong>ecclesiae</strong></span> <span class='ocrx_word' id='word_1_114' title='bbox 1689 1863 1802 1926; x_wconf 88' lang='lat' dir='ltr'><strong>Sancti</strong></span> 
     </span>
     <span class='ocr_line' id='line_1_18' title="bbox 1010 1957 1801 2038; baseline 0.005 -21"><span class='ocrx_word' id='word_1_115' title='bbox 1010 1957 1187 2019; x_wconf 70' lang='lat' dir='ltr'><strong>anscharii</strong></span> <span class='ocrx_word' id='word_1_116' title='bbox 1202 1960 1401 2032; x_wconf 91' lang='lat' dir='ltr'><strong>Bremensis,</strong></span> <span class='ocrx_word' id='word_1_117' title='bbox 1422 1961 1517 2023; x_wconf 90' lang='lat' dir='ltr'><strong>nobis</strong></span> <span class='ocrx_word' id='word_1_118' title='bbox 1532 1960 1702 2023; x_wconf 90' lang='lat' dir='ltr'><strong>humiliter</strong></span> <span class='ocrx_word' id='word_1_119' title='bbox 1716 1977 1801 2038; x_wconf 86' lang='lat' dir='ltr'><strong>sup·</strong></span> 
     </span>
     <span class='ocr_line' id='line_1_19' title="bbox 1010 2055 1800 2136; baseline 0.004 -21"><span class='ocrx_word' id='word_1_120' title='bbox 1010 2055 1186 2132; x_wconf 79' lang='lat' dir='ltr'><strong>plicarunt,</strong></span> <span class='ocrx_word' id='word_1_121' title='bbox 1205 2057 1241 2118; x_wconf 93' lang='lat' dir='ltr'><strong>ut</strong></span> <span class='ocrx_word' id='word_1_122' title='bbox 1254 2058 1537 2134; x_wconf 77' lang='lat' dir='ltr'><strong>compositionem,</strong></span> <span class='ocrx_word' id='word_1_123' title='bbox 1555 2075 1628 2135; x_wconf 87' lang='lat' dir='ltr'><strong>quae</strong></span> <span class='ocrx_word' id='word_1_124' title='bbox 1642 2059 1730 2120; x_wconf 90' lang='lat' dir='ltr'><strong>inter</strong></span> <span class='ocrx_word' id='word_1_125' title='bbox 1743 2059 1800 2136; x_wconf 93' lang='lat' dir='ltr'><strong>ip-</strong></span> 
     </span>
     <span class='ocr_line' id='line_1_20' title="bbox 1011 2156 1802 2233; baseline 0.008 -21"><span class='ocrx_word' id='word_1_126' title='bbox 1011 2169 1065 2214; x_wconf 89' lang='lat' dir='ltr'><strong>sos</strong></span> <span class='ocrx_word' id='word_1_127' title='bbox 1081 2170 1124 2216; x_wconf 82' lang='lat' dir='ltr'><strong>ex</strong></span> <span class='ocrx_word' id='word_1_128' title='bbox 1138 2157 1231 2231; x_wconf 89' lang='lat' dir='ltr'><strong>parte</strong></span> <span class='ocrx_word' id='word_1_129' title='bbox 1242 2170 1308 2215; x_wconf 91' lang='lat' dir='ltr'><strong>una</strong></span> <span class='ocrx_word' id='word_1_130' title='bbox 1318 2156 1352 2217; x_wconf 91' lang='lat' dir='ltr'><strong>et</strong></span> <span class='ocrx_word' id='word_1_131' title='bbox 1363 2157 1575 2233; x_wconf 87' lang='lat' dir='ltr'><strong>praepositum</strong></span> <span class='ocrx_word' id='word_1_132' title='bbox 1589 2159 1802 2218; x_wconf 91' lang='lat' dir='ltr'><strong>Bremensem</strong></span> 
     </span>
     <span class='ocr_line' id='line_1_21' title="bbox 1011 2252 1802 2330; baseline 0.008 -19"><span class='ocrx_word' id='word_1_133' title='bbox 1011 2252 1193 2324; x_wconf 82' lang='lat' dir='ltr'><strong>exaltem,</strong></span> <span class='ocrx_word' id='word_1_134' title='bbox 1222 2268 1322 2330; x_wconf 87' lang='lat' dir='ltr'><strong>super</strong></span> <span class='ocrx_word' id='word_1_135' title='bbox 1348 2255 1462 2315; x_wconf 78' lang='lat' dir='ltr'><strong>Sancti</strong></span> <span class='ocrx_word' id='word_1_136' title='bbox 1489 2254 1605 2316; x_wconf 83' lang='lat' dir='ltr'><strong>Jacobi</strong></span> <span class='ocrx_word' id='word_1_137' title='bbox 1628 2255 1662 2316; x_wconf 89' lang='lat' dir='ltr'><strong>et</strong></span> <span class='ocrx_word' id='word_1_138' title='bbox 1687 2254 1802 2317; x_wconf 86' lang='lat' dir='ltr'><strong>Sancti</strong></span> 
     </span>
    </p>
   </div>
   <div class='ocr_carea' id='block_1_10' title="bbox 152 1804 957 2268">
    <p class='ocr_par' dir='ltr' id='par_1_11' title="bbox 154 1804 956 2070">
     <span class='ocr_line' id='line_1_22' title="bbox 196 1804 953 1883; baseline 0 -17"><span class='ocrx_word' id='word_1_139' title='bbox 196 1805 369 1868; x_wconf 88' lang='lat' dir='ltr'><strong>Honorius</strong></span> <span class='ocrx_word' id='word_1_140' title='bbox 379 1804 566 1883; x_wconf 88' lang='lat' dir='ltr'><strong>episcopus,</strong></span> <span class='ocrx_word' id='word_1_141' title='bbox 574 1820 691 1867; x_wconf 77' lang='lat' dir='ltr'><strong>servus</strong></span> <span class='ocrx_word' id='word_1_142' title='bbox 702 1819 874 1866; x_wconf 86' lang='lat' dir='ltr'><strong>servorum</strong></span> <span class='ocrx_word' id='word_1_143' title='bbox 882 1805 953 1878; x_wconf 87' lang='lat' dir='ltr'><strong>Dei,</strong></span> 
     </span>
     <span class='ocr_line' id='line_1_23' title="bbox 154 1901 956 1965; baseline -0.001 -2"><span class='ocrx_word' id='word_1_144' title='bbox 154 1902 292 1965; x_wconf 87' lang='lat' dir='ltr'><strong>dilectis</strong></span> <span class='ocrx_word' id='word_1_145' title='bbox 321 1901 400 1963; x_wconf 87' lang='lat' dir='ltr'><strong>iilils</strong></span> <span class='ocrx_word' id='word_1_146' title='bbox 429 1902 542 1964; x_wconf 86' lang='lat' dir='ltr'><strong>abbati</strong></span> <span class='ocrx_word' id='word_1_147' title='bbox 569 1904 603 1964; x_wconf 91' lang='lat' dir='ltr'><strong>et</strong></span> <span class='ocrx_word' id='word_1_148' title='bbox 632 1902 809 1965; x_wconf 81' lang='lat' dir='ltr'><strong>conventui</strong></span> <span class='ocrx_word' id='word_1_149' title='bbox 843 1903 956 1965; x_wconf 87' lang='lat' dir='ltr'><strong>Sancti</strong></span> 
     </span>
     <span class='ocr_line' id='line_1_24' title="bbox 154 1996 664 2070; baseline -0.002 -11"><span class='ocrx_word' id='word_1_150' title='bbox 154 1997 257 2059; x_wconf 90' lang='lat' dir='ltr'><strong>Pauli</strong></span> <span class='ocrx_word' id='word_1_151' title='bbox 270 1998 311 2059; x_wconf 93' lang='lat' dir='ltr'><strong>de</strong></span> <span class='ocrx_word' id='word_1_152' title='bbox 322 1996 422 2069; x_wconf 91' lang='lat' dir='ltr'><strong>Urbe,</strong></span> <span class='ocrx_word' id='word_1_153' title='bbox 437 1996 589 2070; x_wconf 88' lang='lat' dir='ltr'><strong>salutem,</strong></span> <span class='ocrx_word' id='word_1_154' title='bbox 601 2001 664 2059; x_wconf 89' lang='lat' dir='ltr'><strong>etc.</strong></span> 
     </span>
    </p>

    <p class='ocr_par' dir='ltr' id='par_1_12' title="bbox 152 2092 957 2268">
     <span class='ocr_line' id='line_1_25' title="bbox 196 2092 955 2171; baseline -0.001 -16"><span class='ocrx_word' id='word_1_155' title='bbox 196 2095 271 2167; x_wconf 85' lang='lat' dir='ltr'><strong>His,</strong></span> <span class='ocrx_word' id='word_1_156' title='bbox 293 2111 368 2171; x_wconf 82' lang='lat' dir='ltr'><strong>quai</strong></span> <span class='ocrx_word' id='word_1_157' title='bbox 383 2094 543 2155; x_wconf 89' lang='lat' dir='ltr'><strong>bonorem</strong></span> <span class='ocrx_word' id='word_1_158' title='bbox 558 2094 592 2156; x_wconf 91' lang='lat' dir='ltr'><strong>et</strong></span> <span class='ocrx_word' id='word_1_159' title='bbox 610 2092 787 2155; x_wconf 83' lang='lat' dir='ltr'><strong>utilitatem</strong></span> <span class='ocrx_word' id='word_1_160' title='bbox 805 2092 955 2154; x_wconf 82' lang='lat' dir='ltr'><strong>ecclesiae</strong></span> 
     </span>
     <span class='ocr_line' id='line_1_26' title="bbox 152 2190 957 2268; baseline -0.001 -14"><span class='ocrx_word' id='word_1_161' title='bbox 152 2192 280 2254; x_wconf 82' lang='lat' dir='ltr'><strong>restrae</strong></span> <span class='ocrx_word' id='word_1_162' title='bbox 295 2191 489 2268; x_wconf 89' lang='lat' dir='ltr'><strong>respiciunt,</strong></span> <span class='ocrx_word' id='word_1_163' title='bbox 507 2192 600 2252; x_wconf 88' lang='lat' dir='ltr'><strong>tanto</strong></span> <span class='ocrx_word' id='word_1_164' title='bbox 621 2190 778 2252; x_wconf 90' lang='lat' dir='ltr'><strong>libentius</strong></span> <span class='ocrx_word' id='word_1_165' title='bbox 794 2190 906 2262; x_wconf 91' lang='lat' dir='ltr'><strong>robur,</strong></span> <span class='ocrx_word' id='word_1_166' title='bbox 923 2194 957 2253; x_wconf 90' lang='lat' dir='ltr'><strong>et</strong></span> 
     </span>
    </p>
   </div>
   <div class='ocr_carea' id='block_1_11' title="bbox 152 2287 1799 2462">
    <p class='ocr_par' dir='ltr' id='par_1_13' title="bbox 152 2287 1799 2462">
     <span class='ocr_line' id='line_1_27' title="bbox 153 2287 1772 2371; baseline 0.004 -21"><span class='ocrx_word' id='word_1_167' title='bbox 153 2289 308 2351; x_wconf 82' lang='lat' dir='ltr'><strong>savorem</strong></span> <span class='ocrx_word' id='word_1_168' title='bbox 333 2288 563 2364; x_wconf 87' lang='lat' dir='ltr'><strong>impendimus,</strong></span> <span class='ocrx_word' id='word_1_169' title='bbox 588 2290 710 2365; x_wconf 87' lang='lat' dir='ltr'><strong>quanto</strong></span> <span class='ocrx_word' id='word_1_170' title='bbox 725 2287 851 2364; x_wconf 82' lang='lat' dir='ltr'><strong>egregii</strong></span> <span class='ocrx_word' id='word_1_171' title='bbox 866 2290 954 2348; x_wconf 92' lang='lat' dir='ltr'><strong>Doc·</strong></span> <span class='ocrx_word' id='word_1_172' title='bbox 1041 2351 1061 2371; x_wconf 73' lang='lat'><strong>.·</strong></span> <span class='ocrx_word' id='word_1_173' title='bbox 1169 2351 1175 2363; x_wconf 78' lang='grc'>,</span> <span class='ocrx_word' id='word_1_174' title='bbox 1313 2350 1333 2363; x_wconf 81' lang='grc'><strong>,,</strong></span> <span class='ocrx_word' id='word_1_175' title='bbox 1432 2351 1439 2364; x_wconf 80' lang='grc'><em>,</em></span> <span class='ocrx_word' id='word_1_176' title='bbox 1509 2352 1541 2364; x_wconf 81' lang='grc'><strong>,,</strong></span> <span class='ocrx_word' id='word_1_177' title='bbox 1612 2351 1619 2364; x_wconf 84' lang='grc'>,</span> <span class='ocrx_word' id='word_1_178' title='bbox 1766 2351 1772 2363; x_wconf 89' lang='grc'><strong>,</strong></span> 
     </span>
     <span class='ocr_line' id='line_1_28' title="bbox 152 2349 1799 2462; baseline -0.022 -13"><span class='ocrx_word' id='word_1_179' title='bbox 152 2386 240 2449; x_wconf 87' lang='lat' dir='ltr'><strong>toris</strong></span> <span class='ocrx_word' id='word_1_180' title='bbox 280 2386 430 2462; x_wconf 87' lang='lat' dir='ltr'><strong>gentium</strong></span> <span class='ocrx_word' id='word_1_181' title='bbox 463 2385 647 2462; x_wconf 88' lang='lat' dir='ltr'><strong>patrocinio</strong></span> <span class='ocrx_word' id='word_1_182' title='bbox 681 2399 743 2445; x_wconf 92' lang='lat' dir='ltr'><strong>nos</strong></span> <span class='ocrx_word' id='word_1_183' title='bbox 776 2385 954 2462; x_wconf 75' lang='lat' dir='ltr'><strong>specialius</strong></span> <span class='ocrx_word' id='word_1_184' title='bbox 1009 2349 1178 2410; x_wconf 80' lang='lat' dir='ltr'><strong>iliilealdi</strong></span> <span class='ocrx_word' id='word_1_185' title='bbox 1203 2350 1353 2411; x_wconf 83' lang='lat' dir='ltr'><strong>ecclesus</strong></span> <span class='ocrx_word' id='word_1_186' title='bbox 1376 2350 1597 2413; x_wconf 76' lang='lat' dir='ltr'><strong>amicabiliter</strong></span> <span class='ocrx_word' id='word_1_187' title='bbox 1611 2352 1799 2424; x_wconf 83' lang='lat' dir='ltr'><strong>intervenit,</strong></span> 
     </span>
    </p>
   </div>
   <div class='ocr_carea' id='block_1_12' title="bbox 152 2447 1800 2641">
    <p class='ocr_par' dir='ltr' id='par_1_14' title="bbox 152 2447 1800 2641">
     <span class='ocr_line' id='line_1_29' title="bbox 152 2447 1799 2559; baseline -0.012 -31"><span class='ocrx_word' id='word_1_188' title='bbox 152 2483 264 2545; x_wconf 62' lang='lat' dir='ltr'><strong>foveri</strong></span> <span class='ocrx_word' id='word_1_189' title='bbox 286 2481 494 2549; x_wconf 57' lang='lat' dir='ltr'><strong>effingimus,</strong></span> <span class='ocrx_word' id='word_1_190' title='bbox 510 2483 547 2544; x_wconf 50' lang='lat'><strong>01</strong></span> <span class='ocrx_word' id='word_1_191' title='bbox 561 2483 723 2559; x_wconf 59' lang='lat' dir='ltr'><strong>oppam</strong></span> <span class='ocrx_word' id='word_1_192' title='bbox 746 2482 828 2542; x_wconf 70' lang='lat' dir='ltr'><strong>Cum</strong></span> <span class='ocrx_word' id='word_1_193' title='bbox 852 2482 955 2558; x_wconf 57' lang='lat' dir='ltr'><strong>igitur</strong></span> <span class='ocrx_word' id='word_1_194' title='bbox 1008 2447 1198 2525; x_wconf 72' lang='lat' dir='ltr'><strong>aposioiioo</strong></span> <span class='ocrx_word' id='word_1_195' title='bbox 1211 2448 1425 2525; x_wconf 89' lang='lat' dir='ltr'><strong>dignaremur</strong></span> <span class='ocrx_word' id='word_1_196' title='bbox 1435 2450 1617 2511; x_wconf 90' lang='lat' dir='ltr'><strong>munimine</strong></span> <span class='ocrx_word' id='word_1_197' title='bbox 1630 2449 1799 2510; x_wconf 91' lang='lat' dir='ltr'><strong>roborare.</strong></span> 
     </span>
     <span class='ocr_line' id='line_1_30' title="bbox 720 2545 1800 2641; baseline -0.005 -27"><span class='ocrx_word' id='word_1_198' title='bbox 720 2578 808 2641; x_wconf 55' lang='lat' dir='ltr'>tituli</span> <span class='ocrx_word' id='word_1_199' title='bbox 824 2580 953 2640; x_wconf 60' lang='lat' dir='ltr'>Sanctae</span> <span class='ocrx_word' id='word_1_200' title='bbox 1009 2545 1152 2623; x_wconf 81' lang='lat' dir='ltr'><strong>ideoque</strong></span> <span class='ocrx_word' id='word_1_201' title='bbox 1175 2546 1369 2609; x_wconf 86' lang='lat' dir='ltr'><strong>discretioni</strong></span> <span class='ocrx_word' id='word_1_202' title='bbox 1390 2548 1510 2611; x_wconf 78' lang='lat' dir='ltr'><strong>vestrae</strong></span> <span class='ocrx_word' id='word_1_203' title='bbox 1530 2561 1589 2625; x_wconf 91' lang='lat' dir='ltr'><strong>per</strong></span> <span class='ocrx_word' id='word_1_204' title='bbox 1612 2547 1800 2625; x_wconf 71' lang='lat' dir='ltr'><strong>apostolica</strong></span> 
     </span>
    </p>
   </div>
   <div class='ocr_carea' id='block_1_13' title="bbox 1007 2641 1802 3015">
    <p class='ocr_par' dir='ltr' id='par_1_15' title="bbox 1007 2641 1802 3015">
     <span class='ocr_line' id='line_1_31' title="bbox 1008 2641 1802 2721; baseline 0.005 -20"><span class='ocrx_word' id='word_1_205' title='bbox 1008 2641 1131 2718; x_wconf 89' lang='lat' dir='ltr'><strong>scripta</strong></span> <span class='ocrx_word' id='word_1_206' title='bbox 1159 2642 1366 2715; x_wconf 89' lang='lat' dir='ltr'><strong>mandamus,</strong></span> <span class='ocrx_word' id='word_1_207' title='bbox 1396 2645 1560 2721; x_wconf 87' lang='lat' dir='ltr'><strong>quatenus</strong></span> <span class='ocrx_word' id='word_1_208' title='bbox 1587 2643 1802 2721; x_wconf 89' lang='lat' dir='ltr'><strong>compositio-</strong></span> 
     </span>
     <span class='ocr_line' id='line_1_32' title="bbox 1008 2740 1802 2821; baseline 0.004 -21"><span class='ocrx_word' id='word_1_209' title='bbox 1008 2740 1198 2812; x_wconf 81' lang='lat' dir='ltr'><strong>nem,.sicut</strong></span> <span class='ocrx_word' id='word_1_210' title='bbox 1216 2742 1289 2804; x_wconf 90' lang='lat' dir='ltr'><strong>sine</strong></span> <span class='ocrx_word' id='word_1_211' title='bbox 1304 2742 1467 2818; x_wconf 84' lang='lat' dir='ltr'><strong>pravitate</strong></span> <span class='ocrx_word' id='word_1_212' title='bbox 1487 2742 1624 2821; x_wconf 85' lang='lat' dir='ltr'><strong>provide</strong></span> <span class='ocrx_word' id='word_1_213' title='bbox 1645 2741 1733 2804; x_wconf 85' lang='lat' dir='ltr'><strong>facta</strong></span> <span class='ocrx_word' id='word_1_214' title='bbox 1752 2740 1802 2803; x_wconf 92' lang='lat' dir='ltr'><strong>est</strong></span> 
     </span>
     <span class='ocr_line' id='line_1_33' title="bbox 1008 2836 1800 2920; baseline 0 -21"><span class='ocrx_word' id='word_1_215' title='bbox 1008 2839 1040 2900; x_wconf 88' lang='lat' dir='ltr'><strong>et</strong></span> <span class='ocrx_word' id='word_1_216' title='bbox 1054 2836 1095 2900; x_wconf 93' lang='lat' dir='ltr'><strong>ab</strong></span> <span class='ocrx_word' id='word_1_217' title='bbox 1108 2840 1248 2920; x_wconf 86' lang='lat' dir='ltr'><strong>utraque</strong></span> <span class='ocrx_word' id='word_1_218' title='bbox 1262 2840 1356 2918; x_wconf 87' lang='lat' dir='ltr'><strong>parte</strong></span> <span class='ocrx_word' id='word_1_219' title='bbox 1372 2843 1488 2917; x_wconf 90' lang='lat' dir='ltr'><strong>sponte</strong></span> <span class='ocrx_word' id='word_1_220' title='bbox 1507 2840 1652 2917; x_wconf 90' lang='lat' dir='ltr'><strong>recepta,</strong></span> <span class='ocrx_word' id='word_1_221' title='bbox 1669 2838 1800 2900; x_wconf 79' lang='lat' dir='ltr'><strong>faciatis</strong></span> 
     </span>
     <span class='ocr_line' id='line_1_34' title="bbox 1007 2937 1799 3015; baseline 0.001 -18"><span class='ocrx_word' id='word_1_222' title='bbox 1007 2951 1262 3014; x_wconf 85' lang='lat' dir='ltr'><strong>percensuram</strong></span> <span class='ocrx_word' id='word_1_223' title='bbox 1281 2938 1553 3010; x_wconf 87' lang='lat' dir='ltr'><strong>ecclesiasticam,</strong></span> <span class='ocrx_word' id='word_1_224' title='bbox 1576 2937 1799 3015; x_wconf 86' lang='lat' dir='ltr'><strong>appellatione</strong></span> 
     </span>
    </p>
   </div>
   <div class='ocr_carea' id='block_1_14' title="bbox 151 2676 954 2948">
    <p class='ocr_par' dir='ltr' id='par_1_16' title="bbox 151 2676 954 2948">
     <span class='ocr_line' id='line_1_35' title="bbox 152 2676 953 2754; baseline -0.005 -14"><span class='ocrx_word' id='word_1_225' title='bbox 152 2678 323 2740; x_wconf 84' lang='lat' dir='ltr'><strong>Praxedis</strong></span> <span class='ocrx_word' id='word_1_226' title='bbox 334 2677 507 2754; x_wconf 78' lang='lat' dir='ltr'><strong>presbpter</strong></span> <span class='ocrx_word' id='word_1_227' title='bbox 516 2676 709 2749; x_wconf 89' lang='lat' dir='ltr'><strong>cardinalis,</strong></span> <span class='ocrx_word' id='word_1_228' title='bbox 721 2677 800 2737; x_wconf 88' lang='lat' dir='ltr'><strong>tunc</strong></span> <span class='ocrx_word' id='word_1_229' title='bbox 810 2678 953 2753; x_wconf 84' lang='lat' dir='ltr'><strong>Aposto-</strong></span> 
     </span>
     <span class='ocr_line' id='line_1_36' title="bbox 152 2773 954 2850; baseline -0.004 -13"><span class='ocrx_word' id='word_1_230' title='bbox 152 2775 230 2837; x_wconf 89' lang='lat' dir='ltr'><strong>licae</strong></span> <span class='ocrx_word' id='word_1_231' title='bbox 248 2775 346 2837; x_wconf 88' lang='lat' dir='ltr'><strong>Sedis</strong></span> <span class='ocrx_word' id='word_1_232' title='bbox 369 2775 508 2850; x_wconf 86' lang='lat' dir='ltr'><strong>legatus,</strong></span> <span class='ocrx_word' id='word_1_233' title='bbox 531 2773 770 2835; x_wconf 88' lang='lat' dir='ltr'><strong>monasterium</strong></span> <span class='ocrx_word' id='word_1_234' title='bbox 783 2773 823 2834; x_wconf 93' lang='lat' dir='ltr'><strong>de</strong></span> <span class='ocrx_word' id='word_1_235' title='bbox 835 2775 954 2835; x_wconf 90' lang='lat' dir='ltr'><strong>Mono-</strong></span> 
     </span>
     <span class='ocr_line' id='line_1_37' title="bbox 151 2870 954 2948; baseline -0.006 -12"><span class='ocrx_word' id='word_1_236' title='bbox 151 2873 278 2936; x_wconf 85' lang='lat' dir='ltr'><strong>macbo</strong></span> <span class='ocrx_word' id='word_1_237' title='bbox 293 2871 562 2933; x_wconf 81' lang='lat' dir='ltr'><strong>calcedonieusis</strong></span> <span class='ocrx_word' id='word_1_238' title='bbox 579 2870 742 2943; x_wconf 88' lang='lat' dir='ltr'><strong>dioecesis,</strong></span> <span class='ocrx_word' id='word_1_239' title='bbox 760 2886 834 2931; x_wconf 92' lang='lat' dir='ltr'><strong>cum</strong></span> <span class='ocrx_word' id='word_1_240' title='bbox 849 2872 954 2948; x_wconf 89' lang='lat' dir='ltr'><strong>perti·</strong></span> 
     </span>
    </p>
   </div>
   <div class='ocr_carea' id='block_1_15' title="bbox 151 2968 952 3041">
    <p class='ocr_par' dir='ltr' id='par_1_17' title="bbox 151 2968 952 3041">
     <span class='ocr_line' id='line_1_38' title="bbox 151 2968 952 3041; baseline -0.006 -8"><span class='ocrx_word' id='word_1_241' title='bbox 151 2971 282 3032; x_wconf 88' lang='lat' dir='ltr'><strong>nentiis</strong></span> <span class='ocrx_word' id='word_1_242' title='bbox 298 2969 380 3041; x_wconf 91' lang='lat' dir='ltr'><strong>suis,</strong></span> <span class='ocrx_word' id='word_1_243' title='bbox 397 2968 602 3030; x_wconf 89' lang='lat' dir='ltr'><strong>monasterio</strong></span> <span class='ocrx_word' id='word_1_244' title='bbox 612 2969 734 3040; x_wconf 87' lang='lat' dir='ltr'><strong>vestro,</strong></span> <span class='ocrx_word' id='word_1_245' title='bbox 749 2968 842 3029; x_wconf 82' lang='lat' dir='ltr'><strong>salva</strong></span> <span class='ocrx_word' id='word_1_246' title='bbox 858 2968 952 3029; x_wconf 86' lang='lat' dir='ltr'><strong>Sedis</strong></span> 
     </span>
    </p>
   </div>
   <div class='ocr_carea' id='block_1_16' title="bbox 152 3033 1801 3240">
    <p class='ocr_par' dir='ltr' id='par_1_18' title="bbox 152 3033 1801 3240">
     <span class='ocr_line' id='line_1_39' title="bbox 152 3033 1799 3146; baseline -0.016 -15"><span class='ocrx_word' id='word_1_247' title='bbox 152 3067 358 3146; x_wconf 76' lang='lat' dir='ltr'><strong>apostoiicae</strong></span> <span class='ocrx_word' id='word_1_248' title='bbox 379 3066 594 3137; x_wconf 85' lang='lat' dir='ltr'><strong>auctoritate,</strong></span> <span class='ocrx_word' id='word_1_249' title='bbox 622 3065 756 3126; x_wconf 85' lang='lat' dir='ltr'><strong>duxerit</strong></span> <span class='ocrx_word' id='word_1_250' title='bbox 778 3065 954 3127; x_wconf 80' lang='lat' dir='ltr'><strong>conieren-</strong></span> <span class='ocrx_word' id='word_1_251' title='bbox 1007 3035 1150 3106; x_wconf 62' lang='lat' dir='ltr'><strong>r⁰¹¹¹⁰t³2</strong></span> <span class='ocrx_word' id='word_1_252' title='bbox 1175 3033 1414 3145; x_wconf 60' lang='lat' dir='ltr'><strong>iflVif’labffitssr</strong></span> <span class='ocrx_word' id='word_1_253' title='bbox 1440 3034 1621 3145; x_wconf 55' lang='lat' dir='ltr'><strong>Obieri&#39;flri·</strong></span> <span class='ocrx_word' id='word_1_254' title='bbox 1645 3035 1740 3145; x_wconf 58' lang='lat' dir='ltr'><strong>Quqd</strong></span> <span class='ocrx_word' id='word_1_255' title='bbox 1768 3035 1799 3096; x_wconf 72' lang='lat' dir='ltr'><strong>si</strong></span> 
     </span>
     <span class='ocr_line' id='line_1_40' title="bbox 152 3130 1801 3240; baseline -0.013 -13"><span class='ocrx_word' id='word_1_256' title='bbox 152 3166 246 3234; x_wconf 91' lang='lat' dir='ltr'><strong>dum,</strong></span> <span class='ocrx_word' id='word_1_257' title='bbox 266 3164 302 3226; x_wconf 88' lang='lat' dir='ltr'><strong>et</strong></span> <span class='ocrx_word' id='word_1_258' title='bbox 319 3164 440 3226; x_wconf 87' lang='lat' dir='ltr'><strong>dilecto</strong></span> <span class='ocrx_word' id='word_1_259' title='bbox 460 3163 529 3225; x_wconf 86' lang='lat' dir='ltr'><strong>lilio</strong></span> <span class='ocrx_word' id='word_1_260' title='bbox 546 3164 590 3223; x_wconf 86' lang='lat' dir='ltr'><strong>M.</strong></span> <span class='ocrx_word' id='word_1_261' title='bbox 609 3162 787 3240; x_wconf 86' lang='lat' dir='ltr'><strong>praeposito</strong></span> <span class='ocrx_word' id='word_1_262' title='bbox 802 3162 951 3224; x_wconf 72' lang='lat' dir='ltr'><strong>ecclesia</strong></span> <span class='ocrx_word' id='word_1_263' title='bbox 1007 3147 1073 3192; x_wconf 65' lang='lat'><strong>”⁰¹¹</strong></span> <span class='ocrx_word' id='word_1_264' title='bbox 1088 3146 1202 3193; x_wconf 76' lang='lat'>⁰¹¹¹¹¹0⁸</span> <span class='ocrx_word' id='word_1_265' title='bbox 1222 3130 1275 3193; x_wconf 66' lang='lat'><strong>¹1¹⁸</strong></span> <span class='ocrx_word' id='word_1_266' title='bbox 1291 3132 1511 3209; x_wconf 63' lang='lat' dir='ltr'><strong>2¹⁸0l¹¹011¹¹¹³</strong></span> <span class='ocrx_word' id='word_1_267' title='bbox 1525 3133 1698 3209; x_wconf 82' lang='lat' dir='ltr'><strong>potueritis</strong></span> <span class='ocrx_word' id='word_1_268' title='bbox 1710 3133 1801 3194; x_wconf 66' lang='lat' dir='ltr'><strong>miti·</strong></span> 
     </span>
    </p>
   </div>
   <div class='ocr_carea' id='block_1_17' title="bbox 115 3228 1825 5678">
    <p class='ocr_par' dir='ltr' id='par_1_19' title="bbox 151 3228 1799 3534">
     <span class='ocr_line' id='line_1_41' title="bbox 153 3228 1799 3338; baseline 0 -47"><span class='ocrx_word' id='word_1_269' title='bbox 153 3263 271 3325; x_wconf 61' lang='lat' dir='ltr'><strong>Sancfi</strong></span> <span class='ocrx_word' id='word_1_270' title='bbox 294 3260 430 3338; x_wconf 55' lang='lat' dir='ltr'><strong>Georgii</strong></span> <span class='ocrx_word' id='word_1_271' title='bbox 445 3260 652 3336; x_wconf 41' lang='lat' dir='ltr'><strong>deMangan·</strong></span> <span class='ocrx_word' id='word_1_272' title='bbox 669 3259 951 3337; x_wconf 51' lang='lat' dir='ltr'><strong>Gonmntimpo,</strong></span> <span class='ocrx_word' id='word_1_273' title='bbox 1006 3244 1110 3301; x_wconf 90' lang='lat' dir='ltr'><strong>resse,</strong></span> <span class='ocrx_word' id='word_1_274' title='bbox 1135 3229 1199 3291; x_wconf 92' lang='lat' dir='ltr'><strong>duo</strong></span> <span class='ocrx_word' id='word_1_275' title='bbox 1223 3228 1369 3292; x_wconf 73' lang='lat' dir='ltr'><strong>veebum</strong></span> <span class='ocrx_word' id='word_1_276' title='bbox 1393 3245 1434 3291; x_wconf 89' lang='lat' dir='ltr'><strong>ea</strong></span> <span class='ocrx_word' id='word_1_277' title='bbox 1455 3229 1672 3291; x_wconf 87' lang='lat' dir='ltr'><strong>nibilominus</strong></span> <span class='ocrx_word' id='word_1_278' title='bbox 1700 3245 1799 3292; x_wconf 85' lang='lat' dir='ltr'><strong>exse-</strong></span> 
     </span>
     <span class='ocr_line' id='line_1_42' title="bbox 152 3327 1796 3439; baseline -0.004 -17"><span class='ocrx_word' id='word_1_279' title='bbox 152 3360 273 3432; x_wconf 88' lang='lat' dir='ltr'><strong>litano,</strong></span> <span class='ocrx_word' id='word_1_280' title='bbox 290 3358 369 3420; x_wconf 91' lang='lat' dir='ltr'><strong>dum</strong></span> <span class='ocrx_word' id='word_1_281' title='bbox 382 3358 516 3430; x_wconf 74' lang='lat' dir='ltr'><strong>uixerit,</strong></span> <span class='ocrx_word' id='word_1_282' title='bbox 533 3373 572 3419; x_wconf 91' lang='lat' dir='ltr'><strong>ac</strong></span> <span class='ocrx_word' id='word_1_283' title='bbox 587 3359 662 3434; x_wconf 89' lang='lat' dir='ltr'><strong>post</strong></span> <span class='ocrx_word' id='word_1_284' title='bbox 675 3359 748 3434; x_wconf 86' lang='lat' dir='ltr'><strong>ejus</strong></span> <span class='ocrx_word' id='word_1_285' title='bbox 766 3357 948 3429; x_wconf 88' lang='lat' dir='ltr'><strong>decessum,</strong></span> <span class='ocrx_word' id='word_1_286' title='bbox 1007 3327 1160 3436; x_wconf 49' lang='lat' dir='ltr'>quanm</span> <span class='ocrx_word' id='word_1_287' title='bbox 1175 3327 1294 3389; x_wconf 62' lang='lat' dir='ltr'><strong>Datum</strong></span> <span class='ocrx_word' id='word_1_288' title='bbox 1305 3330 1477 3439; x_wconf 39' lang='grc' dir='ltr'><strong>ΜΨ</strong></span> <span class='ocrx_word' id='word_1_289' title='bbox 1494 3327 1796 3399; x_wconf 66' lang='lat' dir='ltr'><strong>1V¹¹⁰na⁸mamii</strong></span> 
     </span>
     <span class='ocr_line' id='line_1_43' title="bbox 151 3423 1671 3534; baseline -0.003 -15"><span class='ocrx_word' id='word_1_290' title='bbox 151 3457 218 3534; x_wconf 86' lang='lat' dir='ltr'><strong>ipsi</strong></span> <span class='ocrx_word' id='word_1_291' title='bbox 232 3455 510 3518; x_wconf 85' lang='lat' dir='ltr'><strong>ecclesiaeSancti</strong></span> <span class='ocrx_word' id='word_1_292' title='bbox 525 3454 670 3531; x_wconf 79' lang='lat' dir='ltr'><strong>Georgii,</strong></span> <span class='ocrx_word' id='word_1_293' title='bbox 685 3468 799 3515; x_wconf 89' lang='lat' dir='ltr'><strong>curam</strong></span> <span class='ocrx_word' id='word_1_294' title='bbox 813 3470 951 3515; x_wconf 90' lang='lat' dir='ltr'><strong>monas·</strong></span> <span class='ocrx_word' id='word_1_295' title='bbox 1005 3423 1216 3503; x_wconf 64' lang='grc' dir='ltr'><strong>ΡΟῙήιῇοᾶωθ</strong></span> <span class='ocrx_word' id='word_1_296' title='bbox 1229 3425 1574 3491; x_wconf 50' lang='lat' dir='ltr'><strong>¹¹⁰⁸m1⁸¹¹¹¹0301t⁰i</strong></span> <span class='ocrx_word' id='word_1_297' title='bbox 1667 3468 1671 3475; x_wconf 93' lang='grc'><strong><em>·</em></strong></span> 
     </span>
    </p>

    <p class='ocr_par' dir='ltr' id='par_1_20' title="bbox 151 3551 950 3632">
     <span class='ocr_line' id='line_1_44' title="bbox 151 3551 950 3632; baseline -0.006 -14"><span class='ocrx_word' id='word_1_298' title='bbox 151 3556 229 3619; x_wconf 87' lang='lat' dir='ltr'><strong>terii</strong></span> <span class='ocrx_word' id='word_1_299' title='bbox 239 3553 394 3632; x_wconf 89' lang='lat' dir='ltr'><strong>jamdicti</strong></span> <span class='ocrx_word' id='word_1_300' title='bbox 406 3552 629 3627; x_wconf 81' lang='lat' dir='ltr'><strong>commiserit3</strong></span> <span class='ocrx_word' id='word_1_301' title='bbox 644 3551 690 3614; x_wconf 88' lang='lat' dir='ltr'><strong>ita</strong></span> <span class='ocrx_word' id='word_1_302' title='bbox 703 3553 739 3614; x_wconf 93' lang='lat' dir='ltr'><strong>ut</strong></span> <span class='ocrx_word' id='word_1_303' title='bbox 753 3552 950 3629; x_wconf 78' lang='lat' dir='ltr'><strong>praepositus</strong></span> 
     </span>
    </p>

    <p class='ocr_par' dir='ltr' id='par_1_21' title="bbox 151 3648 947 3731">
     <span class='ocr_line' id='line_1_45' title="bbox 151 3648 947 3731; baseline -0.003 -18"><span class='ocrx_word' id='word_1_304' title='bbox 151 3652 226 3731; x_wconf 87' lang='lat' dir='ltr'><strong>ipse</strong></span> <span class='ocrx_word' id='word_1_305' title='bbox 243 3666 393 3713; x_wconf 89' lang='lat' dir='ltr'><strong>annuum</strong></span> <span class='ocrx_word' id='word_1_306' title='bbox 408 3666 543 3711; x_wconf 88' lang='lat' dir='ltr'><strong>censum</strong></span> <span class='ocrx_word' id='word_1_307' title='bbox 553 3648 653 3710; x_wconf 87' lang='lat' dir='ltr'><strong>unius</strong></span> <span class='ocrx_word' id='word_1_308' title='bbox 668 3664 790 3711; x_wconf 84' lang='lat' dir='ltr'><strong>marcae</strong></span> <span class='ocrx_word' id='word_1_309' title='bbox 805 3649 947 3726; x_wconf 88' lang='lat' dir='ltr'><strong>argenti,</strong></span> 
     </span>
    </p>

    <p class='ocr_par' dir='ltr' id='par_1_22' title="bbox 150 3703 1479 3824">
     <span class='ocr_line' id='line_1_46' title="bbox 150 3703 1479 3824; baseline -0.002 -13"><span class='ocrx_word' id='word_1_310' title='bbox 150 3750 188 3811; x_wconf 92' lang='lat' dir='ltr'><strong>in</strong></span> <span class='ocrx_word' id='word_1_311' title='bbox 209 3748 297 3811; x_wconf 79' lang='lat' dir='ltr'><strong>festo</strong></span> <span class='ocrx_word' id='word_1_312' title='bbox 320 3747 565 3824; x_wconf 84' lang='lat' dir='ltr'><strong>Assumptionis</strong></span> <span class='ocrx_word' id='word_1_313' title='bbox 588 3746 695 3809; x_wconf 85' lang='lat' dir='ltr'><strong>beatae</strong></span> <span class='ocrx_word' id='word_1_314' title='bbox 716 3747 832 3808; x_wconf 88' lang='lat' dir='ltr'><strong>Mariae</strong></span> <span class='ocrx_word' id='word_1_315' title='bbox 855 3747 950 3809; x_wconf 81' lang='lat' dir='ltr'><strong>vobis</strong></span> <span class='ocrx_word' id='word_1_316' title='bbox 1323 3703 1479 3790; x_wconf 69' lang='lat' dir='ltr'>CXXIX</span> 
     </span>
    </p>

    <p class='ocr_par' dir='ltr' id='par_1_23' title="bbox 150 3844 1727 4043">
     <span class='ocr_line' id='line_1_47' title="bbox 151 3844 1727 3932; baseline -0.007 -6"><span class='ocrx_word' id='word_1_317' title='bbox 151 3864 214 3926; x_wconf 75' lang='lat' dir='ltr'><strong>pro</strong></span> <span class='ocrx_word' id='word_1_318' title='bbox 234 3845 440 3908; x_wconf 78' lang='lat' dir='ltr'><strong>monasterio</strong></span> <span class='ocrx_word' id='word_1_319' title='bbox 461 3845 534 3922; x_wconf 84' lang='lat' dir='ltr'><strong>ipso</strong></span> <span class='ocrx_word' id='word_1_320' title='bbox 556 3844 674 3917; x_wconf 76' lang='lat' dir='ltr'><strong>solvat</strong></span> <span class='ocrx_word' id='word_1_321' title='bbox 697 3845 771 3921; x_wconf 80' lang='lat' dir='ltr'><strong>post</strong></span> <span class='ocrx_word' id='word_1_322' title='bbox 787 3846 859 3921; x_wconf 73' lang='lat' dir='ltr'><strong>ejus</strong></span> <span class='ocrx_word' id='word_1_323' title='bbox 874 3844 950 3906; x_wconf 82' lang='lat' dir='ltr'><strong>obi·</strong></span> <span class='ocrx_word' id='word_1_324' title='bbox 1072 3856 1268 3932; x_wconf 66' lang='lat' dir='ltr'><strong>eerraira</strong></span> <span class='ocrx_word' id='word_1_325' title='bbox 1287 3855 1420 3915; x_wconf 73' lang='lat' dir='ltr'><strong>oraim</strong></span> <span class='ocrx_word' id='word_1_326' title='bbox 1439 3854 1727 3917; x_wconf 66' lang='lat' dir='ltr'><strong>prooemiorum.</strong></span> 
     </span>
     <span class='ocr_line' id='line_1_48' title="bbox 150 3941 1509 4043; baseline -0.007 -36"><span class='ocrx_word' id='word_1_327' title='bbox 150 3946 319 4034; x_wconf 27' lang='lat' dir='ltr'><strong>tumlsero</strong></span> <span class='ocrx_word' id='word_1_328' title='bbox 334 3942 476 4004; x_wconf 86' lang='lat' dir='ltr'><strong>ecclesia</strong></span> <span class='ocrx_word' id='word_1_329' title='bbox 489 3941 561 4019; x_wconf 91' lang='lat' dir='ltr'><strong>ipsa</strong></span> <span class='ocrx_word' id='word_1_330' title='bbox 575 3941 690 4003; x_wconf 89' lang='lat' dir='ltr'><strong>eodem</strong></span> <span class='ocrx_word' id='word_1_331' title='bbox 701 3942 856 4014; x_wconf 91' lang='lat' dir='ltr'><strong>termino,</strong></span> <span class='ocrx_word' id='word_1_332' title='bbox 871 3957 951 4002; x_wconf 81' lang='lat' dir='ltr'><strong>ceri-</strong></span> <span class='ocrx_word' id='word_1_333' title='bbox 1104 3974 1109 3983; x_wconf 47' lang='grc' dir='ltr'><em>ι</em></span> <span class='ocrx_word' id='word_1_334' title='bbox 1291 3984 1416 4043; x_wconf 54' lang='lat' dir='ltr'><strong>marm</strong></span> <span class='ocrx_word' id='word_1_335' title='bbox 1431 3984 1509 4041; x_wconf 57' lang='lat' dir='ltr'><strong>lm</strong></span> 
     </span>
    </p>

    <p class='ocr_par' dir='ltr' id='par_1_24' title="bbox 152 4039 1390 4122">
     <span class='ocr_line' id='line_1_49' title="bbox 152 4039 1390 4122; baseline -0.002 -18"><span class='ocrx_word' id='word_1_336' title='bbox 152 4060 228 4104; x_wconf 91' lang='lat' dir='ltr'><strong>suin</strong></span> <span class='ocrx_word' id='word_1_337' title='bbox 251 4043 396 4103; x_wconf 89' lang='lat' dir='ltr'><strong>duarum</strong></span> <span class='ocrx_word' id='word_1_338' title='bbox 424 4054 610 4101; x_wconf 89' lang='lat' dir='ltr'><strong>marcarum</strong></span> <span class='ocrx_word' id='word_1_339' title='bbox 635 4039 729 4100; x_wconf 82' lang='lat' dir='ltr'><strong>vobis</strong></span> <span class='ocrx_word' id='word_1_340' title='bbox 756 4039 864 4101; x_wconf 84' lang='lat' dir='ltr'><strong>solvat</strong></span> <span class='ocrx_word' id='word_1_341' title='bbox 889 4056 949 4117; x_wconf 92' lang='lat' dir='ltr'><strong>pro</strong></span> <span class='ocrx_word' id='word_1_342' title='bbox 1137 4110 1143 4122; x_wconf 46' lang='lat'><em>,</em></span> <span class='ocrx_word' id='word_1_343' title='bbox 1201 4110 1206 4121; x_wconf 31' lang='lat'><strong>¹</strong></span> <span class='ocrx_word' id='word_1_344' title='bbox 1385 4109 1390 4119; x_wconf 33' lang='lat'><strong>¹</strong></span> 
     </span>
    </p>

    <p class='ocr_par' dir='ltr' id='par_1_25' title="bbox 149 4108 1800 4507">
     <span class='ocr_line' id='line_1_50' title="bbox 149 4108 1701 4218; baseline -0.004 -16"><span class='ocrx_word' id='word_1_345' title='bbox 149 4140 313 4218; x_wconf 78' lang='lat' dir='ltr'><strong>jamdicto</strong></span> <span class='ocrx_word' id='word_1_346' title='bbox 350 4137 552 4199; x_wconf 90' lang='lat' dir='ltr'><strong>monasterio</strong></span> <span class='ocrx_word' id='word_1_347' title='bbox 587 4137 769 4209; x_wconf 87' lang='lat' dir='ltr'><strong>annuatim,</strong></span> <span class='ocrx_word' id='word_1_348' title='bbox 798 4137 885 4198; x_wconf 91' lang='lat' dir='ltr'><strong>sicut</strong></span> <span class='ocrx_word' id='word_1_349' title='bbox 912 4137 949 4198; x_wconf 89' lang='lat' dir='ltr'><strong>iii</strong></span> <span class='ocrx_word' id='word_1_350' title='bbox 1102 4109 1297 4177; x_wconf 63' lang='lat' dir='ltr'>[⁸¹9⁰¹¹¹’B¹¹¹¹·</span> <span class='ocrx_word' id='word_1_351' title='bbox 1310 4108 1701 4175; x_wconf 74' lang='lat' dir='ltr'><strong>eradicatorum,1,ie,ii.is.]</strong></span> 
     </span>
     <span class='ocr_line' id='line_1_51' title="bbox 153 4223 1799 4316; baseline -0.009 -17"><span class='ocrx_word' id='word_1_352' title='bbox 153 4238 305 4316; x_wconf 86' lang='lat' dir='ltr'><strong>ejusdem</strong></span> <span class='ocrx_word' id='word_1_353' title='bbox 316 4235 508 4307; x_wconf 88' lang='lat' dir='ltr'><strong>cardinalis,</strong></span> <span class='ocrx_word' id='word_1_354' title='bbox 521 4235 746 4311; x_wconf 84' lang='lat' dir='ltr'><strong>etpraepositi,</strong></span> <span class='ocrx_word' id='word_1_355' title='bbox 761 4249 800 4296; x_wconf 91' lang='lat' dir='ltr'><strong>ac</strong></span> <span class='ocrx_word' id='word_1_356' title='bbox 813 4234 949 4311; x_wconf 90' lang='lat' dir='ltr'><strong>capituli</strong></span> <span class='ocrx_word' id='word_1_357' title='bbox 991 4226 1137 4300; x_wconf 81' lang='lat' dir='ltr'><strong>&#39;indulget</strong></span> <span class='ocrx_word' id='word_1_358' title='bbox 1156 4233 1186 4284; x_wconf 87' lang='lat' dir='ltr'><strong>ut</strong></span> <span class='ocrx_word' id='word_1_359' title='bbox 1205 4227 1235 4282; x_wconf 91' lang='lat' dir='ltr'><strong>in</strong></span> <span class='ocrx_word' id='word_1_360' title='bbox 1252 4225 1382 4284; x_wconf 85' lang='lat' dir='ltr'><strong>ecclesiis</strong></span> <span class='ocrx_word' id='word_1_361' title='bbox 1400 4225 1460 4283; x_wconf 87' lang='lat' dir='ltr'><strong>suis</strong></span> <span class='ocrx_word' id='word_1_362' title='bbox 1479 4223 1580 4283; x_wconf 85' lang='lat' dir='ltr'><strong>iratres</strong></span> <span class='ocrx_word' id='word_1_363' title='bbox 1594 4223 1799 4284; x_wconf 75' lang='lat' dir='ltr'><strong>predicatores</strong></span> 
     </span>
     <span class='ocr_line' id='line_1_52' title="bbox 153 4313 1800 4417; baseline 0 -44"><span class='ocrx_word' id='word_1_364' title='bbox 153 4335 307 4397; x_wconf 52' lang='lat' dir='ltr'><strong>„celesige</strong></span> <span class='ocrx_word' id='word_1_365' title='bbox 339 4332 537 4410; x_wconf 60' lang='lat' dir='ltr'>suppadpcpae</span> <span class='ocrx_word' id='word_1_366' title='bbox 566 4332 686 4399; x_wconf 57' lang='lat' dir='ltr'>litteris</span> <span class='ocrx_word' id='word_1_367' title='bbox 719 4332 949 4409; x_wconf 53' lang='lat' dir='ltr'>perspeximus</span> <span class='ocrx_word' id='word_1_368' title='bbox 1004 4388 1008 4395; x_wconf 14' lang='grc' dir='ltr'>ἱ</span> <span class='ocrx_word' id='word_1_369' title='bbox 1039 4313 1800 4417; x_wconf 51' lang='grc'><strong>011010000101100101100110010110111000110010</strong></span> 
     </span>
     <span class='ocr_line' id='line_1_53' title="bbox 153 4402 1368 4507; baseline -0.006 -12"><span class='ocrx_word' id='word_1_370' title='bbox 153 4428 950 4507; x_wconf 78' lang='lat' dir='ltr'><strong>contineri.Nosprecibusrestrisbenignumim·</strong></span> <span class='ocrx_word' id='word_1_371' title='bbox 1040 4402 1190 4462; x_wconf 55' lang='lat' dir='ltr'><strong>¹⁰²⁰f¹¹¹⁰t⁰</strong></span> <span class='ocrx_word' id='word_1_372' title='bbox 1205 4409 1368 4475; x_wconf 62' lang='lat' dir='ltr'><strong>SUPP⁰⁸¹U³·</strong></span> 
     </span>
    </p>

    <p class='ocr_par' dir='ltr' id='par_1_26' title="bbox 115 4525 1825 5678">
     <span class='ocr_line' id='line_1_54' title="bbox 154 4525 1796 4608; baseline -0.002 -16"><span class='ocrx_word' id='word_1_373' title='bbox 154 4530 337 4608; x_wconf 85' lang='lat' dir='ltr'><strong>partientes</strong></span> <span class='ocrx_word' id='word_1_374' title='bbox 348 4543 532 4600; x_wconf 88' lang='lat' dir='ltr'><strong>assensum,</strong></span> <span class='ocrx_word' id='word_1_375' title='bbox 542 4527 628 4605; x_wconf 88' lang='lat' dir='ltr'><strong>quod</strong></span> <span class='ocrx_word' id='word_1_376' title='bbox 639 4542 739 4603; x_wconf 92' lang='lat' dir='ltr'><strong>super</strong></span> <span class='ocrx_word' id='word_1_377' title='bbox 751 4527 814 4588; x_wconf 91' lang='lat' dir='ltr'><strong>boc</strong></span> <span class='ocrx_word' id='word_1_378' title='bbox 826 4525 949 4588; x_wconf 89' lang='lat' dir='ltr'><strong>iactum</strong></span> <span class='ocrx_word' id='word_1_379' title='bbox 1045 4527 1717 4604; x_wconf 87' lang='lat' dir='ltr'><strong>Honoriusepiscopus‚servusservorum</strong></span> <span class='ocrx_word' id='word_1_380' title='bbox 1726 4528 1796 4601; x_wconf 89' lang='lat' dir='ltr'><strong>Dei,</strong></span> 
     </span>
     <span class='ocr_line' id='line_1_55' title="bbox 155 4623 1797 4702; baseline -0.002 -12"><span class='ocrx_word' id='word_1_381' title='bbox 155 4631 203 4690; x_wconf 86' lang='lat' dir='ltr'><strong>est</strong></span> <span class='ocrx_word' id='word_1_382' title='bbox 214 4643 234 4688; x_wconf 89' lang='lat' dir='ltr'><strong>a</strong></span> <span class='ocrx_word' id='word_1_383' title='bbox 247 4625 414 4688; x_wconf 88' lang='lat' dir='ltr'><strong>cardinali</strong></span> <span class='ocrx_word' id='word_1_384' title='bbox 425 4623 594 4702; x_wconf 75' lang='lat' dir='ltr'><strong>predicto,</strong></span> <span class='ocrx_word' id='word_1_385' title='bbox 607 4624 804 4685; x_wconf 89' lang='lat' dir='ltr'><strong>auctoritate</strong></span> <span class='ocrx_word' id='word_1_386' title='bbox 814 4625 952 4700; x_wconf 82' lang='lat' dir='ltr'><strong>Aposto·</strong></span> <span class='ocrx_word' id='word_1_387' title='bbox 1005 4626 1135 4688; x_wconf 91' lang='lat' dir='ltr'><strong>dilectis</strong></span> <span class='ocrx_word' id='word_1_388' title='bbox 1150 4625 1229 4687; x_wconf 85' lang='lat' dir='ltr'><strong>liliis</strong></span> <span class='ocrx_word' id='word_1_389' title='bbox 1257 4624 1416 4686; x_wconf 85' lang='lat' dir='ltr'><strong>iratribus</strong></span> <span class='ocrx_word' id='word_1_390' title='bbox 1438 4626 1571 4687; x_wconf 89' lang='lat' dir='ltr'><strong>Ordinis</strong></span> <span class='ocrx_word' id='word_1_391' title='bbox 1589 4626 1797 4688; x_wconf 85' lang='lat' dir='ltr'><strong>Praedioato·</strong></span> 
     </span>
     <span class='ocr_line' id='line_1_56' title="bbox 154 4721 1796 4799; baseline -0.003 -12"><span class='ocrx_word' id='word_1_392' title='bbox 154 4724 218 4787; x_wconf 87' lang='lat' dir='ltr'><strong>lica</strong></span> <span class='ocrx_word' id='word_1_393' title='bbox 238 4723 487 4795; x_wconf 79' lang='lat' dir='ltr'><strong>confirmamus,</strong></span> <span class='ocrx_word' id='word_1_394' title='bbox 506 4723 539 4783; x_wconf 91' lang='lat' dir='ltr'><strong>et</strong></span> <span class='ocrx_word' id='word_1_395' title='bbox 558 4721 732 4799; x_wconf 86' lang='lat' dir='ltr'><strong>praesentis</strong></span> <span class='ocrx_word' id='word_1_396' title='bbox 748 4722 862 4798; x_wconf 90' lang='lat' dir='ltr'><strong>scripti</strong></span> <span class='ocrx_word' id='word_1_397' title='bbox 885 4738 948 4798; x_wconf 88' lang='lat' dir='ltr'><strong>pa·</strong></span> <span class='ocrx_word' id='word_1_398' title='bbox 1003 4741 1090 4797; x_wconf 92' lang='lat' dir='ltr'><strong>rum,</strong></span> <span class='ocrx_word' id='word_1_399' title='bbox 1101 4724 1241 4785; x_wconf 89' lang='lat' dir='ltr'><strong>salutem</strong></span> <span class='ocrx_word' id='word_1_400' title='bbox 1252 4723 1286 4784; x_wconf 90' lang='lat' dir='ltr'><strong>et</strong></span> <span class='ocrx_word' id='word_1_401' title='bbox 1294 4723 1510 4798; x_wconf 89' lang='lat' dir='ltr'><strong>apostolicam</strong></span> <span class='ocrx_word' id='word_1_402' title='bbox 1521 4722 1796 4785; x_wconf 85' lang='lat' dir='ltr'><strong>benedictionem.</strong></span> 
     </span>
     <span class='ocr_line' id='line_1_57' title="bbox 152 4818 1798 4897; baseline -0.002 -13"><span class='ocrx_word' id='word_1_403' title='bbox 152 4822 297 4885; x_wconf 87' lang='lat' dir='ltr'><strong>trocinio</strong></span> <span class='ocrx_word' id='word_1_404' title='bbox 324 4819 577 4882; x_wconf 71' lang='lat' dir='ltr'><strong>communimus</strong></span> <span class='ocrx_word' id='word_1_405' title='bbox 605 4818 697 4878; x_wconf 91' lang='lat' dir='ltr'><strong>Nulli</strong></span> <span class='ocrx_word' id='word_1_406' title='bbox 721 4834 801 4894; x_wconf 90' lang='lat' dir='ltr'><strong>ergo</strong></span> <span class='ocrx_word' id='word_1_407' title='bbox 816 4819 950 4880; x_wconf 91' lang='lat' dir='ltr'><strong>omnino</strong></span> <span class='ocrx_word' id='word_1_408' title='bbox 1044 4824 1125 4882; x_wconf 81' lang='lat' dir='ltr'><strong>(ium</strong></span> <span class='ocrx_word' id='word_1_409' title='bbox 1157 4836 1230 4892; x_wconf 91' lang='lat' dir='ltr'><strong>nos,</strong></span> <span class='ocrx_word' id='word_1_410' title='bbox 1265 4819 1386 4897; x_wconf 90' lang='lat' dir='ltr'><strong>quibus</strong></span> <span class='ocrx_word' id='word_1_411' title='bbox 1425 4820 1586 4883; x_wconf 90' lang='lat' dir='ltr'><strong>incumbit</strong></span> <span class='ocrx_word' id='word_1_412' title='bbox 1620 4820 1798 4897; x_wconf 86' lang='lat' dir='ltr'><strong>specialius</strong></span> 
     </span>
     <span class='ocr_line' id='line_1_58' title="bbox 153 4914 1801 4994; baseline -0.001 -14"><span class='ocrx_word' id='word_1_413' title='bbox 153 4914 327 4982; x_wconf 88' lang='lat' dir='ltr'><strong>bominum</strong></span> <span class='ocrx_word' id='word_1_414' title='bbox 346 4917 447 4979; x_wconf 89' lang='lat' dir='ltr'><strong>liceat</strong></span> <span class='ocrx_word' id='word_1_415' title='bbox 460 4916 548 4977; x_wconf 88' lang='lat' dir='ltr'><strong>hanc</strong></span> <span class='ocrx_word' id='word_1_416' title='bbox 563 4916 719 4992; x_wconf 81' lang='lat' dir='ltr'><strong>paginam</strong></span> <span class='ocrx_word' id='word_1_417' title='bbox 732 4918 854 4977; x_wconf 87' lang='lat' dir='ltr'><strong>nostrae</strong></span> <span class='ocrx_word' id='word_1_418' title='bbox 866 4932 949 4977; x_wconf 92' lang='lat' dir='ltr'><strong>con-</strong></span> <span class='ocrx_word' id='word_1_419' title='bbox 1005 4919 1155 4981; x_wconf 77' lang='lat' dir='ltr'><strong>exaltare</strong></span> <span class='ocrx_word' id='word_1_420' title='bbox 1189 4933 1229 4979; x_wconf 89' lang='lat' dir='ltr'><strong>ac</strong></span> <span class='ocrx_word' id='word_1_421' title='bbox 1260 4917 1373 4979; x_wconf 83' lang='lat' dir='ltr'><strong>fovere</strong></span> <span class='ocrx_word' id='word_1_422' title='bbox 1405 4916 1613 4994; x_wconf 85' lang='lat' dir='ltr'><strong>religionem,</strong></span> <span class='ocrx_word' id='word_1_423' title='bbox 1640 4917 1801 4979; x_wconf 83' lang='lat' dir='ltr'><strong>insuavi</strong></span> 
     </span>
     <span class='ocr_line' id='line_1_59' title="bbox 115 5012 1800 5091; baseline -0.002 -12"><span class='ocrx_word' id='word_1_424' title='bbox 115 5012 121 5025; x_wconf 80' lang='grc'><em>’</em></span> <span class='ocrx_word' id='word_1_425' title='bbox 153 5014 395 5079; x_wconf 83' lang='lat' dir='ltr'><strong>firmationiset</strong></span> <span class='ocrx_word' id='word_1_426' title='bbox 404 5014 650 5076; x_wconf 84' lang='lat' dir='ltr'><strong>constitutionis</strong></span> <span class='ocrx_word' id='word_1_427' title='bbox 658 5013 909 5089; x_wconf 72' lang='lat' dir='ltr'><strong>intringerevel</strong></span> <span class='ocrx_word' id='word_1_428' title='bbox 918 5014 950 5074; x_wconf 92' lang='lat' dir='ltr'><strong>ei</strong></span> <span class='ocrx_word' id='word_1_429' title='bbox 1005 5016 1129 5078; x_wconf 82' lang='lat' dir='ltr'><strong>sanctae</strong></span> <span class='ocrx_word' id='word_1_430' title='bbox 1141 5015 1261 5077; x_wconf 85' lang='lat' dir='ltr'><strong>vestrae</strong></span> <span class='ocrx_word' id='word_1_431' title='bbox 1276 5015 1495 5077; x_wconf 90' lang='lat' dir='ltr'><strong>institutionis</strong></span> <span class='ocrx_word' id='word_1_432' title='bbox 1508 5015 1608 5077; x_wconf 90' lang='lat' dir='ltr'><strong>odore</strong></span> <span class='ocrx_word' id='word_1_433' title='bbox 1620 5015 1800 5091; x_wconf 89' lang='lat' dir='ltr'><strong>plurimum</strong></span> 
     </span>
     <span class='ocr_line' id='line_1_60' title="bbox 153 5111 1800 5189; baseline -0.002 -12"><span class='ocrx_word' id='word_1_434' title='bbox 153 5112 428 5177; x_wconf 89' lang='lat' dir='ltr'><strong>ausuiemerario</strong></span> <span class='ocrx_word' id='word_1_435' title='bbox 441 5111 619 5173; x_wconf 88' lang='lat' dir='ltr'><strong>contraire.</strong></span> <span class='ocrx_word' id='word_1_436' title='bbox 633 5111 668 5171; x_wconf 91' lang='lat' dir='ltr'><strong>Si</strong></span> <span class='ocrx_word' id='word_1_437' title='bbox 681 5112 950 5188; x_wconf 88' lang='lat' dir='ltr'><strong>quisautemboc</strong></span> <span class='ocrx_word' id='word_1_438' title='bbox 1005 5113 1218 5185; x_wconf 89' lang='lat' dir='ltr'><strong>delectemur,</strong></span> <span class='ocrx_word' id='word_1_439' title='bbox 1249 5116 1442 5189; x_wconf 86' lang='lat' dir='ltr'><strong>conceptum</strong></span> <span class='ocrx_word' id='word_1_440' title='bbox 1472 5111 1656 5174; x_wconf 84' lang='lat' dir='ltr'><strong>devotionis</strong></span> <span class='ocrx_word' id='word_1_441' title='bbox 1679 5113 1800 5174; x_wconf 75' lang='lat' dir='ltr'><strong>vestie</strong></span> 
     </span>
     <span class='ocr_line' id='line_1_61' title="bbox 153 5195 1803 5287; baseline -0.003 -12"><span class='ocrx_word' id='word_1_442' title='bbox 153 5208 596 5287; x_wconf 87' lang='lat' dir='ltr'><strong>attentarepraesumpserit,</strong></span> <span class='ocrx_word' id='word_1_443' title='bbox 609 5208 873 5283; x_wconf 89' lang='lat' dir='ltr'><strong>indignationem</strong></span> <span class='ocrx_word' id='word_1_444' title='bbox 884 5224 951 5270; x_wconf 88' lang='lat' dir='ltr'><strong>orn·</strong></span> <span class='ocrx_word' id='word_1_445' title='bbox 1004 5211 1169 5272; x_wconf 82' lang='lat' dir='ltr'><strong>fervorem</strong></span> <span class='ocrx_word' id='word_1_446' title='bbox 1192 5195 1354 5285; x_wconf 81' lang='lat' dir='ltr'><strong>singulari</strong></span> <span class='ocrx_word' id='word_1_447' title='bbox 1379 5210 1518 5287; x_wconf 88' lang='lat' dir='ltr'><strong>quodam</strong></span> <span class='ocrx_word' id='word_1_448' title='bbox 1541 5209 1663 5270; x_wconf 88' lang='lat' dir='ltr'><strong>ali&#39;ectu</strong></span> <span class='ocrx_word' id='word_1_449' title='bbox 1684 5225 1803 5287; x_wconf 85' lang='lat' dir='ltr'><strong>prose-</strong></span> 
     </span>
     <span class='ocr_line' id='line_1_62' title="bbox 153 5305 1801 5388; baseline -0.002 -16"><span class='ocrx_word' id='word_1_450' title='bbox 153 5309 334 5388; x_wconf 87' lang='lat' dir='ltr'><strong>nipotentis</strong></span> <span class='ocrx_word' id='word_1_451' title='bbox 353 5307 420 5368; x_wconf 91' lang='lat' dir='ltr'><strong>Dei·</strong></span> <span class='ocrx_word' id='word_1_452' title='bbox 438 5308 472 5367; x_wconf 92' lang='lat' dir='ltr'><strong>et</strong></span> <span class='ocrx_word' id='word_1_453' title='bbox 494 5305 667 5367; x_wconf 89' lang='lat' dir='ltr'><strong>beatorum</strong></span> <span class='ocrx_word' id='word_1_454' title='bbox 690 5306 781 5367; x_wconf 87' lang='lat' dir='ltr'><strong>Petri</strong></span> <span class='ocrx_word' id='word_1_455' title='bbox 800 5309 833 5368; x_wconf 91' lang='lat' dir='ltr'><strong>et</strong></span> <span class='ocrx_word' id='word_1_456' title='bbox 854 5306 950 5367; x_wconf 91' lang='lat' dir='ltr'><strong>Pauli</strong></span> <span class='ocrx_word' id='word_1_457' title='bbox 1006 5309 1149 5385; x_wconf 77' lang='lat' dir='ltr'><strong>odimur,</strong></span> <span class='ocrx_word' id='word_1_458' title='bbox 1165 5310 1199 5370; x_wconf 83' lang='lat' dir='ltr'><strong>et</strong></span> <span class='ocrx_word' id='word_1_459' title='bbox 1212 5307 1338 5384; x_wconf 89' lang='lat' dir='ltr'><strong>aliquid</strong></span> <span class='ocrx_word' id='word_1_460' title='bbox 1355 5307 1448 5369; x_wconf 88' lang='lat' dir='ltr'><strong>vobis</strong></span> <span class='ocrx_word' id='word_1_461' title='bbox 1469 5307 1609 5367; x_wconf 91' lang='lat' dir='ltr'><strong>libenter</strong></span> <span class='ocrx_word' id='word_1_462' title='bbox 1628 5306 1801 5383; x_wconf 86' lang='lat' dir='ltr'><strong>amplioris</strong></span> 
     </span>
     <span class='ocr_line' id='line_1_63' title="bbox 155 5403 1800 5484; baseline -0.002 -14"><span class='ocrx_word' id='word_1_463' title='bbox 155 5407 380 5484; x_wconf 87' lang='lat' dir='ltr'><strong>apostolorum</strong></span> <span class='ocrx_word' id='word_1_464' title='bbox 402 5406 475 5481; x_wconf 88' lang='lat' dir='ltr'><strong>ejus</strong></span> <span class='ocrx_word' id='word_1_465' title='bbox 504 5418 541 5463; x_wconf 87' lang='lat' dir='ltr'><strong>se</strong></span> <span class='ocrx_word' id='word_1_466' title='bbox 566 5403 697 5465; x_wconf 87' lang='lat' dir='ltr'><strong>noverit</strong></span> <span class='ocrx_word' id='word_1_467' title='bbox 723 5404 948 5465; x_wconf 87' lang='lat' dir='ltr'><strong>incursurum.</strong></span> <span class='ocrx_word' id='word_1_468' title='bbox 1006 5405 1194 5467; x_wconf 87' lang='lat' dir='ltr'><strong>dilectionis</strong></span> <span class='ocrx_word' id='word_1_469' title='bbox 1207 5407 1240 5467; x_wconf 92' lang='lat' dir='ltr'><strong>et</strong></span> <span class='ocrx_word' id='word_1_470' title='bbox 1250 5405 1369 5481; x_wconf 83' lang='lat' dir='ltr'><strong>gratiae</strong></span> <span class='ocrx_word' id='word_1_471' title='bbox 1381 5405 1598 5481; x_wconf 88' lang='lat' dir='ltr'><strong>impertimur.</strong></span> <span class='ocrx_word' id='word_1_472' title='bbox 1613 5403 1710 5466; x_wconf 89' lang='lat' dir='ltr'><strong>Unde</strong></span> <span class='ocrx_word' id='word_1_473' title='bbox 1726 5420 1800 5476; x_wconf 89' lang='lat' dir='ltr'><strong>nos,</strong></span> 
     </span>
     <span class='ocr_line' id='line_1_64' title="bbox 155 5488 1825 5579; baseline -0.002 -12"><span class='ocrx_word' id='word_1_474' title='bbox 155 5507 273 5567; x_wconf 87' lang='lat' dir='ltr'><strong>Datum</strong></span> <span class='ocrx_word' id='word_1_475' title='bbox 289 5501 459 5572; x_wconf 83' lang='lat' dir='ltr'><strong>Laterani,</strong></span> <span class='ocrx_word' id='word_1_476' title='bbox 477 5502 507 5561; x_wconf 94' lang='lat' dir='ltr'><strong>II</strong></span> <span class='ocrx_word' id='word_1_477' title='bbox 522 5499 683 5562; x_wconf 84' lang='lat' dir='ltr'><strong>kalendas</strong></span> <span class='ocrx_word' id='word_1_478' title='bbox 701 5501 824 5573; x_wconf 86' lang='lat' dir='ltr'><strong>martii,</strong></span> <span class='ocrx_word' id='word_1_479' title='bbox 841 5501 951 5578; x_wconf 90' lang='lat' dir='ltr'><strong>ponti·</strong></span> <span class='ocrx_word' id='word_1_480' title='bbox 1006 5503 1119 5565; x_wconf 91' lang='lat' dir='ltr'><strong>dilecti</strong></span> <span class='ocrx_word' id='word_1_481' title='bbox 1142 5503 1175 5563; x_wconf 93' lang='lat' dir='ltr'><strong>in</strong></span> <span class='ocrx_word' id='word_1_482' title='bbox 1195 5501 1335 5564; x_wconf 87' lang='lat' dir='ltr'><strong>Domino</strong></span> <span class='ocrx_word' id='word_1_483' title='bbox 1350 5501 1422 5572; x_wconf 89' lang='lat' dir='ltr'><strong>tilii,</strong></span> <span class='ocrx_word' id='word_1_484' title='bbox 1440 5501 1560 5562; x_wconf 87' lang='lat' dir='ltr'><strong>vestris</strong></span> <span class='ocrx_word' id='word_1_485' title='bbox 1575 5501 1724 5564; x_wconf 90' lang='lat' dir='ltr'><strong>bonestis</strong></span> <span class='ocrx_word' id='word_1_486' title='bbox 1740 5518 1802 5579; x_wconf 60' lang='lat' dir='ltr'><strong>pe*</strong></span> <span class='ocrx_word' id='word_1_487' title='bbox 1821 5488 1825 5497; x_wconf 84' lang='grc'>’</span> 
     </span>
     <span class='ocr_line' id='line_1_65' title="bbox 155 5598 1800 5678; baseline -0.001 -15"><span class='ocrx_word' id='word_1_488' title='bbox 155 5603 272 5666; x_wconf 86' lang='lat' dir='ltr'><strong>dcalus</strong></span> <span class='ocrx_word' id='word_1_489' title='bbox 288 5599 394 5663; x_wconf 91' lang='lat' dir='ltr'><strong>nostri</strong></span> <span class='ocrx_word' id='word_1_490' title='bbox 408 5613 497 5660; x_wconf 87' lang='lat' dir='ltr'><strong>anno</strong></span> <span class='ocrx_word' id='word_1_491' title='bbox 512 5600 619 5659; x_wconf 85' lang='lat' dir='ltr'><strong>sexto.</strong></span> <span class='ocrx_word' id='word_1_492' title='bbox 1004 5599 1177 5663; x_wconf 86' lang='lat' dir='ltr'><strong>titionibus</strong></span> <span class='ocrx_word' id='word_1_493' title='bbox 1199 5598 1363 5671; x_wconf 89' lang='lat' dir='ltr'><strong>inclinati,</strong></span> <span class='ocrx_word' id='word_1_494' title='bbox 1380 5599 1578 5662; x_wconf 88' lang='lat' dir='ltr'><strong>auctoritate</strong></span> <span class='ocrx_word' id='word_1_495' title='bbox 1594 5599 1688 5662; x_wconf 80' lang='lat' dir='ltr'><strong>iobis</strong></span> <span class='ocrx_word' id='word_1_496' title='bbox 1710 5616 1800 5678; x_wconf 76' lang='lat' dir='ltr'><strong>pre-</strong></span> 
     </span>
    </p>
   </div>
   <div class='ocr_carea' id='block_1_18' title="bbox 0 0 2012 6224">
    <p class='ocr_par' dir='ltr' id='par_1_27' title="bbox 0 0 2012 6224">
     <span class='ocr_line' id='line_1_66' title="bbox 0 0 2012 6224; baseline 0 1"><span class='ocrx_word' id='word_1_497' title='bbox 0 0 2012 6224; x_wconf 95' lang='lat' dir='ltr'><strong> </strong></span> 
     </span>
    </p>
   </div>
   <div class='ocr_carea' id='block_1_19' title="bbox 1051 1470 1930 1550">
    <p class='ocr_par' dir='ltr' id='par_1_28' title="bbox 1051 1470 1930 1550">
     <span class='ocr_line' id='line_1_67' title="bbox 1051 1470 1930 1550; baseline 0.007 -21"><span class='ocrx_word' id='word_1_498' title='bbox 1051 1470 1219 1531; x_wconf 87' lang='lat' dir='ltr'><strong>Honorius</strong></span> <span class='ocrx_word' id='word_1_499' title='bbox 1229 1471 1414 1550; x_wconf 87' lang='lat' dir='ltr'><strong>episcopus,</strong></span> <span class='ocrx_word' id='word_1_500' title='bbox 1425 1474 1801 1547; x_wconf 80' lang='lat' dir='ltr'><strong>serrasservorumDei,</strong></span> <span class='ocrx_word' id='word_1_501' title='bbox 1928 1530 1930 1535; x_wconf 24' lang='lat'><strong>⁴</strong></span> 
     </span>
    </p>
   </div>
  </div>
 </body>
</html>
