3886 6214
174 257 236 322 375

177 418 308 497 cepisti,
326 432 394 497 nou
407 418 442 481 te
454 414 577 494 pudeat
589 414 722 492 culpam
737 412 829 477 tuam
843 428 967 490 agnos-

176 531 254 580 cere
268 531 309 579 ac
319 531 394 577 eam
407 514 609 585 reverenter,
627 512 665 574 ut
680 510 848 584 condecet,
864 527 968 573 excu-

791 254 968 318 HONORII
987 255 1034 317 111
1054 254 1203 317 OPERA.

1755 255 1814 316 erc

1328 508 1335 523 ,
1359 421 1476 509 CLIV

176 629 264 684 sare,
292 614 403 675 certus
431 609 518 688 quod
538 625 599 671 nos
622 611 656 672 et
677 609 796 671 iratres
813 609 919 671 nostri
933 609 966 670 te
1020 587 1072 646 Ad
1090 585 1206 646 160101
1205 598 1261 645 em
1278 582 1311 645 ‘³‘
1326 582 1459 657 smmi
1473 582 1666 657 HOSPIIW
1679 584 1714 643 S·
1730 584 1812 657 Spi-

177 711 310 772 sincera
322 710 358 770 in
372 708 511 771 Domino
526 707 665 769 caritate
679 706 848 782 diligimus
860 708 893 768 et
908 721 969 782 ge-

176 807 282 869 rimus
307 808 343 867 in
366 806 461 867 firmo
494 805 682 882 proposito,
711 803 870 881 quantum
893 818 967 864 curn

176 907 245 979 Deo
259 904 293 964 et
306 903 481 964 honestate
494 916 680 979 possumus,
696 916 737 962 ea
751 916 882 978 semper
895 899 970 962 etfl-

177 1016 265 1073 cere,
290 1016 364 1077 quae
391 1002 458 1061 tuae
482 998 615 1075 placere
635 996 776 1060 debeant
793 998 967 1071 voluntati,

177 1112 219 1159 ac
239 1098 328 1159 inter
338 1097 371 1159 te
385 1096 419 1158 et
433 1096 656 1173 apostolicam
676 1095 793 1157 sedern
807 1111 922 1172 pacem
936 1094 970 1156 et

177 1194 352 1257 caritatem
366 1194 557 1271 perpetuam
572 1207 782 1255 conservare.
797 1194 904 1270 Super
915 1192 969 1253 his

177 1294 290 1354 autem
307 1290 464 1353 dilectum
487 1289 593 1352 fllium
615 1292 654 1352 Α.
679 1289 918 1352 subdiaconum
936 1288 970 1352 et

178 1389 389 1466 capellanum
401 1388 563 1460 nostrum,
578 1387 688 1449 virum
703 1387 780 1449 fldei
793 1388 831 1449 et
851 1385 968 1464 probi-

177 1486 257 1549 tatis
274 1485 458 1562 expertum,
480 1484 522 1546 ad
541 1485 633 1547 tuam
653 1483 807 1546 duximus
821 1499 970 1562 praeseu-

176 1582 258 1646 tiam
279 1581 522 1654 destinandum,
545 1582 701 1657 rogantes
724 1583 761 1643 ut
777 1596 852 1643 eum
874 1581 969 1644 vultu

178 1695 298 1742 sereno
311 1679 473 1757 respicias
491 1678 580 1741 etad
597 1694 659 1741 nos
681 1679 894 1742 laudabiliter
908 1694 970 1740 ex·

177 1777 325 1854 peditum
348 1776 421 1839 sine
449 1778 549 1852 longa
573 1776 732 1839 dilatione
749 1776 966 1839 transmittas.

177 1875 296 1937 Datum
326 1875 460 1951 Signiae,
485 1877 514 1938 V
535 1874 697 1937 kalendas
716 1874 806 1951 julii,
831 1873 968 1952 pontiti-

177 1972 274 2034 catus
285 1972 393 2035 nostri
408 1987 498 2033 anno
511 1971 664 2048 septimo.

512 2390 635 2480 CLIII

229 2561 282 2623 Aa
301 2562 498 2638 Anaeticam
515 2561 749 2635 misdotrtccm
770 2560 920 2622 ccclestae

362 2662 398 2721 S·
420 2660 547 2721 Mortes
560 2662 601 2720 dc
614 2660 777 2721 asardis

468 2806 676 2882 arjunurma.

274 2950 391 3041 [Ripollig
408 2949 475 3001 Bull.
490 2950 545 3001 ord.
562 2948 681 3012 Praedia,
697 2948 719 3010 1,
731 2949 771 3010 tt,
786 2948 877 3015 11311]

177 3093 285 3151 lixlmit
298 3091 523 3165 ajurisdIctione
542 3093 669 3167 episcopi
689 3098 718 3149 et
730 3092 859 3149 ccclesia
873 3093 967 3149 Bono·

212 3183 321 3240 niensis
346 3182 496 3241 ecclesiam
521 3181 633 3239 Sanctae
649 3180 747 3239 liaris
766 3180 803 3238 de
824 3181 920 3239 llcnte
933 3179 970 3237 de

212 3271 347 3330 Guardia.

216 3414 385 3476 Honorius
394 3412 580 3489 episcopus,
590 3427 706 3474 servus
715 3428 887 3475 servorum
895 3412 967 3484 Dei,

176 3510 345 3586 Angelicae
360 3509 539 3571 fundatrici
550 3509 700 3570 ecclesia
712 3510 842 3571 sancte
853 3508 969 3570 Mariae

177 3607 219 3669 de
232 3608 344 3668 Monte
358 3607 399 3668 de
418 3606 575 3679 Guardia,
593 3606 733 3668 salutern
752 3607 786 3669 et
803 3606 971 3684 Apostoli-

177 3702 538 3767 cambenedictionem.

219 3805 325 3875 Quum
343 3803 416 3879 pias
439 3801 678 3880 postulantium
691 3802 880 3864 voluntates
897 3801 970 3863 stne

177 3898 316 3961 laesione
332 3899 474 3977 justitiae
503 3899 622 3961 alienae
649 3898 771 3962 ducere
791 3914 970 3977 possumus

178 3996 219 4057 ad
242 3996 408 4068 effectum,
435 3997 566 4072 gratum
590 3996 776 4072 petentibus
797 4012 970 4058 assensum

177 4093 400 4171 impendimus
415 4094 449 4154 et
462 4092 622 4154 favorem.
639 4094 833 4171 Eapropter,
849 4093 971 4156 dilecta

177 4190 215 4251 in
243 4191 374 4251 Christo
405 4189 487 4258 iilia,
512 4189 620 4251 felicis
648 4190 889 4252 recordationis
915 4193 971 4251 ln-

178 4287 326 4349 nocentii
345 4303 438 4364 papae
460 4287 715 4364 praedecesscris
734 4288 839 4350 nostri
861 4288 968 4351 vesti·

179 4383 244 4460 giis
266 4383 484 4456 inhaerentes,
500 4384 678 4446 ecclesiam
702 4386 832 4446 Sanctae
853 4385 969 4446 Mariae

176 4481 218 4543 de
235 4481 347 4543 Monte
359 4481 400 4542 de
412 4482 557 4543 Guardia
567 4482 624 4544 tuo
634 4481 743 4543 studio
758 4481 966 4554 fabricatam,

177 4592 198 4638 a
217 4577 451 4654 jurisdictione
469 4579 616 4656 episcopi
639 4579 673 4639 et
691 4578 841 4640 ecclesiae
861 4580 971 4638 Bono-

177 4674 305 4735 niensis
316 4674 505 4747 eximimus,
522 4675 555 4737 et
575 4674 618 4736 ad
636 4675 808 4752 exemplar
821 4674 970 4751 ejusdem

180 4772 378 4844 innocentii,
411 4773 444 4834 et
478 4772 576 4833 bonae
606 4771 774 4833 memoriae
802 4770 970 4832 Caelestini

177 4884 273 4947 papae
286 4868 542 4946 praedecessoris
557 4868 663 4929 nostri
678 4868 877 4946 Apostolicae
891 4883 971 4944 pro-

177 4966 332 5028 tectioris
356 4964 513 5042 praesidio
532 4965 783 5026 communimus.
795 4964 889 5025 Nulli
910 4981 969 5028 er·

177 5078 232 5139 go,
247 5062 310 5124 etc.
329 5062 363 5123 Si
379 5061 453 5138 quis
467 5062 590 5134 autem,
611 5062 674 5123 etc.
694 5062 813 5123 Datum
833 5062 968 5138 Signiae,

178 5159 332 5222 kalendis
340 5158 430 5237 julii,
443 5157 653 5237 pontificatus
668 5157 774 5220 nostri
788 5173 876 5221 anno
894 5174 971 5236 sep·

177 5254 269 5319 timo.

1272 681 1365 743 ritus
1378 684 1416 741 tn
1433 682 1556 742 socio.

1315 820 1412 894 tijulii
1435 820 1517 879 1113.

1141 954 1248 1019 [Bnllar.
1260 955 1379 1013 noman,
1392 953 1432 1004 ed.
1448 952 1554 1011 Tauria,
1567 952 1613 1013 111,
1625 952 1694 1015 381]

1023 1090 1179 1148 Stationem
1202 1089 1361 1147 institutam
1393 1087 1430 1146 ab
1459 1088 1628 1146 Innocentio
1650 1086 1726 1160 apud
1749 1087 1815 1146 illud

1057 1176 1198 1250 hospitale
1209 1178 1361 1250 quotannis
1375 1174 1587 1247 celebrandam,
1598 1175 1815 1248 sdemnemque
1922 1205 1923 1208 =

1057 1266 1293 1339 supplicationem
1308 1265 1415 1341 effigiei
1430 1265 1586 1325 salvatoris
1605 1264 1751 1324 delatione
1764 1264 1815 1322 bu-

1057 1354 1181 1413 bendam
1195 1354 1353 1415 mnurmat

1062 1488 1814 1567 Honoriusepiscopus,servasservorumliei,

1022 1588 1152 1650 dilectis
1167 1587 1245 1649 tiliis
1259 1587 1393 1660 rectori,
1412 1587 1445 1649 et
1458 1585 1619 1648 iratribus
1633 1585 1816 1663 Hospitalis

1024 1686 1136 1747 Sancti
1152 1685 1295 1762 Spiritus
1306 1684 1342 1746 in
1355 1684 1468 1757 saxia,
1476 1685 1617 1746 salutem
1627 1687 1661 1745 et
1674 1684 1816 1761 Aposto-

1022 1783 1121 1845 licam
1132 1782 1407 1845 benedictionem.

1061 1880 1111 1942 ad
1137 1878 1442 1942 commemorandas
1471 1878 1606 1955 nuptias
1637 1876 1813 1949 salutares,

1023 1993 1097 2054 quae
1127 1977 1164 2039 in
1187 1976 1405 2038 conversione
1431 1975 1615 2052 peccatoris
1643 1974 1816 2035 moraliter

1023 2072 1233 2136 celebrantur
1246 2074 1334 2135 inter
1346 2073 1500 2149 spiritum
1513 2070 1671 2143 bominis,
1684 2072 1722 2132 et
1735 2086 1814 2146 gra-

1022 2171 1103 2234 tiam
1125 2171 1322 2244 conditoris,
1339 2186 1382 2231 ex
1402 2169 1521 2248 quibus
1539 2168 1681 2231 affectus
1704 2169 1742 2230 et
1761 2184 1816 2230 ac-

1022 2269 1130 2331 tiones
1150 2270 1308 2346 tanquam
1331 2267 1394 2328 lilii
1420 2281 1460 2327 ac
1488 2266 1569 2327 filiae
1592 2268 1813 2342 generantum

1023 2365 1189 2427 dominica
1207 2365 1314 2441 prima
1337 2364 1412 2441 post
1435 2365 1586 2425 octavam
1607 2362 1814 2439 Epiphania,

1024 2463 1154 2540 quando
1166 2463 1246 2524 illud
1257 2463 1379 2537 legitur
1388 2460 1609 2537 evangelium,
1621 2460 1709 2538 qood
1719 2464 1816 2522 Jesus

1024 2575 1099 2621 cum
1121 2559 1293 2636 discipulis
1319 2559 1391 2619 suis
1414 2558 1451 2619 in
1475 2559 1564 2619 cana
1587 2558 1739 2628 (ialileae,
1760 2556 1816 2617 ubi

1024 2657 1129 2719 mater
1155 2656 1260 2733 ipsius
1288 2656 1375 2728 erat,
1408 2656 1570 2717 invitatus
1604 2654 1646 2716 ad
1681 2654 1815 2731 nuptias

1023 2768 1144 2830 aquam
1158 2751 1323 2815 convertit
1336 2752 1372 2812 in
1385 2752 1512 2824 vinum,
1530 2750 1714 2812 solemnem
1730 2750 1814 2827 apud

1024 2849 1187 2928 hospitale
1212 2851 1358 2911 vesuum
1392 2848 1597 2910 instituimus
1625 2848 1814 2919 stationem,

1023 2949 1137 3024 inquo
1152 2962 1210 3009 vos
1226 2962 1269 3008 ex
1282 2945 1490 3008 institutione
1503 2946 1617 3006 nostra
1626 2945 1744 3006 divino
1758 2961 1815 3006 es·

1023 3047 1067 3109 tis
1082 3044 1240 3122 obsequio
1253 3043 1445 3120 mancipati,
1467 3059 1507 3105 ea
1528 3043 1738 3119 potissimum
1762 3057 1816 3104 ra-

1023 3144 1124 3215 tione,
1154 3141 1240 3220 quod
1271 3141 1400 3202 inillis
1437 3142 1564 3219 nuptiis
1597 3157 1660 3202 sex
1687 3140 1814 3218 hydriae

1024 3240 1204 3301 secundum
1218 3238 1483 3316 purificationem
1499 3238 1692 3301 ,iudaeorum
1712 3236 1819 3323 fuisse

1024 3338 1215 3399 narrantur.
1229 3337 1269 3398 m
1283 3336 1415 3413 quidem
1431 3336 1467 3396 in
1482 3335 1547 3397 boc
1565 3334 1726 3412 hospitali
1740 3338 1816 3398 tan-

1024 3448 1124 3510 quam
1150 3433 1186 3494 in
1211 3435 1300 3494 cana
1315 3432 1464 3504 Galileae,
1489 3432 1563 3494 loco
1586 3432 1746 3495 videlicet
1760 3430 1814 3492 ubi

1023 3530 1114 3592 zelus
1125 3533 1176 3593 est
1186 3529 1447 3605 transmigrandi
1457 3528 1597 3590 devitiis
1608 3528 1650 3589 ad
1663 3529 1813 3601 virtutes,

1024 3628 1140 3704 positae
1170 3627 1247 3689 sunt
1267 3642 1327 3688 sex
1350 3626 1489 3702 hydriae,
1510 3626 1543 3686 id
1559 3626 1619 3698 est,
1634 3641 1697 3686 sex
1715 3641 1814 3703 opera

1024 3723 1262 3786 misericordiae
1290 3723 1453 3794 instItuta,
1470 3739 1544 3800 quae
1572 3722 1651 3784 sunt
1678 3737 1815 3800 pascere

1025 3821 1237 3892 esurientem,
1251 3819 1366 3897 potare
1380 3819 1559 3891 sitientem,
1569 3820 1731 3896 colligere
1743 3821 1816 3881 bos-

1024 3918 1135 3995 pitem,
1151 3917 1274 3978 vestire
1287 3916 1423 3989 nudum,
1435 3917 1572 3978 visitare
1585 3916 1767 3988 infirmum,
1783 3917 1815 3978 et

1025 4015 1267 4078 incarceratum
1282 4012 1385 4074 adire.
1401 4013 1451 4075 Ad
1465 4013 1733 4090 purificationem
1748 4014 1814 4076 uti-

1024 4126 1089 4189 que
1108 4111 1308 4183 ludaeorum,
1324 4112 1361 4171 ut
1380 4126 1440 4187 per
1461 4110 1521 4171 illa
1534 4110 1692 4173 videlicet
1707 4111 1813 4173 cond·

1024 4211 1132 4272 tentes
1166 4224 1186 4270 a
1213 4207 1305 4269 vitiis
1330 4207 1517 4284 expientur.
1546 4208 1621 4269 Istae
1650 4224 1732 4270 vero
1756 4223 1816 4269 sex

1023 4303 1813 4383 hydriaeusqueadsummumimplentur‚quandc

1023 4403 1083 4464 illa
1105 4417 1166 4464 sex
1190 4416 1293 4477 opera
1316 4399 1554 4461 misericordiae
1575 4402 1617 4463 ad
1632 4402 1813 4478 perlectum

1024 4514 1129 4575 usque
1143 4499 1314 4574 geruntur,
1333 4496 1367 4558 et
1380 4512 1423 4557 ex
1437 4512 1523 4573 aqua
1538 4498 1575 4559 tlt
1585 4498 1702 4559 vinum
1716 4513 1814 4577 quum

1024 4613 1068 4658 ex
1086 4595 1204 4657 merito
1215 4594 1436 4670 eleemosynae
1448 4596 1505 4670 jus
1524 4595 1721 4657 accenditur
1734 4595 1814 4658 cari·

1024 4693 1113 4756 tatis.
1138 4692 1220 4764 Quia
1236 4704 1317 4752 vero
1338 4692 1437 4753 lesus
1459 4704 1534 4752 cum
1553 4690 1728 4770 dIscipulis
1746 4693 1813 4753 suis

1024 4790 1065 4851 ad
1080 4790 1141 4851 lias
1157 4786 1288 4865 nuptias
1302 4787 1337 4849 in
1356 4788 1447 4848 Cana
1469 4787 1617 4860 Galileae,
1640 4789 1698 4850 ubi
1711 4789 1814 4851 mater

1024 4889 1099 4963 ejus
1127 4886 1209 4956 erat,
1231 4884 1353 4959 legitur
1373 4883 1543 4956 inritatus,
1563 4883 1691 4948 idcirco
1712 4887 1814 4948 ratio-

1025 4981 1186 5045 nabilitcr
1196 4980 1410 5050 instituimus,
1422 4983 1459 5044 ut
1467 4980 1593 5057 efligies
1605 4983 1813 5044 Jesucbristi

1024 5076 1625 5154 abeatiPetrlbasillca,perejusdem
1636 5081 1812 5144 canonicos

1024 5175 1067 5238 ad
1086 5175 1209 5237 dictum
1226 5172 1401 5249 hospitale,
1415 5172 1472 5233 ubi
1485 5174 1647 5236 memoria
1661 5174 1814 5239 beatissi-

1024 5287 1087 5335 mae
1102 5270 1217 5335 matris
1230 5272 1302 5346 ejus
1326 5266 1494 5341 recolitur,
1510 5269 1598 5331 intra
1621 5287 1756 5350 capsam
1773 5289 1814 5335 ex

1024 5382 1107 5430 auro
1131 5369 1165 5429 et
1192 5367 1330 5441 argento
1351 5366 1385 5428 et
1411 5365 1578 5442 lapidibus
1597 5370 1753 5444 pretiosis
1773 5368 1812 5430 ad

1024 5466 1088 5527 boc
1115 5462 1305 5541 specialiter
1335 5460 1551 5527 fabrefactam
1579 5466 1813 5528 venerabiliter

1024 5559 1224 5640 deportetur,
1252 5557 1406 5619 fidelibus
1429 5557 1572 5635 populis,
1597 5559 1655 5637 qui
1683 5562 1727 5625 ad
1754 5563 1811 5623 bas

1069 6068 1924 6210 ᾼ--Α
