<?xml version="1.0" encoding="UTF-8"?>
<!DOCTYPE html PUBLIC "-//W3C//DTD XHTML 1.0 Transitional//EN"
    "http://www.w3.org/TR/xhtml1/DTD/xhtml1-transitional.dtd">
<html xmlns="http://www.w3.org/1999/xhtml" xml:lang="en" lang="en">
 <head>
  <title>
</title>
<meta http-equiv="Content-Type" content="text/html;charset=utf-8" />
  <meta name='ocr-system' content='tesseract 3.04.00' />
  <meta name='ocr-capabilities' content='ocr_page ocr_carea ocr_par ocr_line ocrx_word'/>
</head>
<body>
  <div class='ocr_page' id='page_1' title='image "./mediiaevibiblio04bottgoog_0364.png"; bbox 0 0 3930 6206; ppageno 0'>
   <div class='ocr_carea' id='block_1_1' title="bbox 730 323 1749 391">
    <p class='ocr_par' dir='ltr' id='par_1_1' title="bbox 730 323 1749 391">
     <span class='ocr_line' id='line_1_1' title="bbox 730 323 1749 391; baseline 0.007 -7"><span class='ocrx_word' id='word_1_1' title='bbox 730 323 958 387; x_wconf 77' lang='lat' dir='ltr'><strong>EPISTOLAE.</strong></span> <span class='ocrx_word' id='word_1_2' title='bbox 982 325 1059 385; x_wconf 87' lang='lat' dir='ltr'><strong>LIB.</strong></span> <span class='ocrx_word' id='word_1_3' title='bbox 1084 326 1139 386; x_wconf 84' lang='lat' dir='ltr'>lx.</span> <span class='ocrx_word' id='word_1_4' title='bbox 1690 330 1749 391; x_wconf 79' lang='grc'>694</span> 
     </span>
    </p>
   </div>
   <div class='ocr_carea' id='block_1_2' title="bbox 477 482 1748 579">
    <p class='ocr_par' dir='ltr' id='par_1_2' title="bbox 477 482 1748 579">
     <span class='ocr_line' id='line_1_2' title="bbox 477 482 1748 579; baseline 0.038 -76"><span class='ocrx_word' id='word_1_5' title='bbox 477 491 535 579; x_wconf 69' lang='lat' dir='ltr'>IV</span> <span class='ocrx_word' id='word_1_6' title='bbox 954 482 1135 555; x_wconf 80' lang='lat' dir='ltr'>rideretur,</span> <span class='ocrx_word' id='word_1_7' title='bbox 1152 482 1346 561; x_wconf 89' lang='lat' dir='ltr'>ampliorem</span> <span class='ocrx_word' id='word_1_8' title='bbox 1357 483 1453 545; x_wconf 87' lang='lat' dir='ltr'>nobis</span> <span class='ocrx_word' id='word_1_9' title='bbox 1471 484 1626 547; x_wconf 83' lang='lat' dir='ltr'>fiduciam</span> <span class='ocrx_word' id='word_1_10' title='bbox 1640 502 1748 563; x_wconf 72' lang='lat' dir='ltr'>praes-</span> 
     </span>
    </p>
   </div>
   <div class='ocr_carea' id='block_1_3' title="bbox 955 580 1868 660">
    <p class='ocr_par' dir='ltr' id='par_1_3' title="bbox 955 580 1868 660">
     <span class='ocr_line' id='line_1_3' title="bbox 955 580 1868 660; baseline 0.005 -19"><span class='ocrx_word' id='word_1_11' title='bbox 955 580 1092 642; x_wconf 88' lang='lat' dir='ltr'>titisses.</span> <span class='ocrx_word' id='word_1_12' title='bbox 1126 580 1175 642; x_wconf 79' lang='lat' dir='ltr'>ad</span> <span class='ocrx_word' id='word_1_13' title='bbox 1200 580 1444 658; x_wconf 88' lang='lat' dir='ltr'>prorogandum</span> <span class='ocrx_word' id='word_1_14' title='bbox 1474 585 1585 644; x_wconf 91' lang='lat' dir='ltr'>autem</span> <span class='ocrx_word' id='word_1_15' title='bbox 1612 584 1748 660; x_wconf 76' lang='lat' dir='ltr'>treugas</span> <span class='ocrx_word' id='word_1_16' title='bbox 1862 620 1868 627; x_wconf 89' lang='lat'>-</span> 
     </span>
    </p>
   </div>
   <div class='ocr_carea' id='block_1_4' title="bbox 163 646 1745 755">
    <p class='ocr_par' dir='ltr' id='par_1_4' title="bbox 163 646 1745 755">
     <span class='ocr_line' id='line_1_4' title="bbox 163 646 1745 755; baseline 0.005 -19"><span class='ocrx_word' id='word_1_17' title='bbox 163 647 216 709; x_wconf 60' lang='grc' dir='ltr'>’Μ</span> <span class='ocrx_word' id='word_1_18' title='bbox 230 646 453 715; x_wconf 58' lang='lat' dir='ltr'><strong><em>Ludwmm’</em></strong></span> <span class='ocrx_word' id='word_1_19' title='bbox 471 646 690 707; x_wconf 57' lang='lat' dir='ltr'>mmmm</span> <span class='ocrx_word' id='word_1_20' title='bbox 708 655 837 721; x_wconf 58' lang='lat' dir='ltr'>mem·</span> <span class='ocrx_word' id='word_1_21' title='bbox 953 677 1045 753; x_wconf 89' lang='lat' dir='ltr'>ipsas</span> <span class='ocrx_word' id='word_1_22' title='bbox 1061 677 1123 739; x_wconf 92' lang='lat' dir='ltr'>etsi</span> <span class='ocrx_word' id='word_1_23' title='bbox 1143 678 1177 739; x_wconf 87' lang='lat' dir='ltr'>ta</span> <span class='ocrx_word' id='word_1_24' title='bbox 1191 680 1304 740; x_wconf 90' lang='lat' dir='ltr'>nostra</span> <span class='ocrx_word' id='word_1_25' title='bbox 1318 679 1507 741; x_wconf 88' lang='lat' dir='ltr'>reverentia</span> <span class='ocrx_word' id='word_1_26' title='bbox 1520 696 1586 742; x_wconf 90' lang='lat' dir='ltr'>non</span> <span class='ocrx_word' id='word_1_27' title='bbox 1601 680 1745 755; x_wconf 82' lang='lat' dir='ltr'>induxit,</span> 
     </span>
    </p>
   </div>
   <div class='ocr_carea' id='block_1_5' title="bbox 67 763 1747 5528">
    <p class='ocr_par' dir='ltr' id='par_1_5' title="bbox 67 763 1747 5528">
     <span class='ocr_line' id='line_1_5' title="bbox 380 763 1747 854; baseline 0.013 -32"><span class='ocrx_word' id='word_1_28' title='bbox 380 765 398 822; x_wconf 80' lang='lat'><strong>3</strong></span> <span class='ocrx_word' id='word_1_29' title='bbox 413 763 528 838; x_wconf 75' lang='lat' dir='ltr'><strong>augusti</strong></span> <span class='ocrx_word' id='word_1_30' title='bbox 545 763 623 827; x_wconf 72' lang='lat' dir='ltr'>itit.</span> <span class='ocrx_word' id='word_1_31' title='bbox 953 773 1128 836; x_wconf 84' lang='lat' dir='ltr'>induxisse</span> <span class='ocrx_word' id='word_1_32' title='bbox 1139 775 1255 836; x_wconf 88' lang='lat' dir='ltr'>saltem</span> <span class='ocrx_word' id='word_1_33' title='bbox 1267 774 1378 837; x_wconf 91' lang='lat' dir='ltr'>debuit</span> <span class='ocrx_word' id='word_1_34' title='bbox 1386 777 1607 839; x_wconf 86' lang='lat' dir='ltr'>consideratio</span> <span class='ocrx_word' id='word_1_35' title='bbox 1621 778 1747 854; x_wconf 91' lang='lat' dir='ltr'>negotii</span> 
     </span>
     <span class='ocr_line' id='line_1_6' title="bbox 133 857 1745 951; baseline 0.004 -20"><span class='ocrx_word' id='word_1_36' title='bbox 133 880 347 946; x_wconf 72' lang='lat' dir='ltr'>[acnqmcace.</span> <span class='ocrx_word' id='word_1_37' title='bbox 360 877 489 936; x_wconf 75' lang='lat' dir='ltr'>callist,</span> <span class='ocrx_word' id='word_1_38' title='bbox 500 879 566 935; x_wconf 78' lang='lat' dir='ltr'>xix,</span> <span class='ocrx_word' id='word_1_39' title='bbox 579 877 634 928; x_wconf 80' lang='lat' dir='ltr'>rar.</span> <span class='ocrx_word' id='word_1_40' title='bbox 647 879 755 941; x_wconf 76' lang='lat' dir='ltr'>aegest..</span> <span class='ocrx_word' id='word_1_41' title='bbox 766 877 866 935; x_wconf 73' lang='lat' dir='ltr'>liuta,</span> <span class='ocrx_word' id='word_1_42' title='bbox 952 874 1065 933; x_wconf 84' lang='lat' dir='ltr'>Terrae</span> <span class='ocrx_word' id='word_1_43' title='bbox 1092 874 1233 944; x_wconf 85' lang='lat' dir='ltr'>Sanctae,</span> <span class='ocrx_word' id='word_1_44' title='bbox 1252 877 1385 950; x_wconf 87' lang='lat' dir='ltr'>propter</span> <span class='ocrx_word' id='word_1_45' title='bbox 1402 875 1500 951; x_wconf 85' lang='lat' dir='ltr'>qnod,</span> <span class='ocrx_word' id='word_1_46' title='bbox 1517 857 1603 937; x_wconf 82' lang='lat' dir='ltr'>sicut</span> <span class='ocrx_word' id='word_1_47' title='bbox 1615 878 1647 938; x_wconf 92' lang='lat' dir='ltr'>et</span> <span class='ocrx_word' id='word_1_48' title='bbox 1665 877 1745 939; x_wconf 93' lang='lat' dir='ltr'>tunc</span> 
     </span>
     <span class='ocr_line' id='line_1_7' title="bbox 441 958 1744 1043; baseline 0.011 -21"><span class='ocrx_word' id='word_1_49' title='bbox 441 958 516 1022; x_wconf 77' lang='lat' dir='ltr'>epist.</span> <span class='ocrx_word' id='word_1_50' title='bbox 530 958 565 1022; x_wconf 80' lang='lat'>¹·]</span> <span class='ocrx_word' id='word_1_51' title='bbox 951 968 1012 1029; x_wconf 92' lang='lat' dir='ltr'>tibi</span> <span class='ocrx_word' id='word_1_52' title='bbox 1039 968 1212 1030; x_wconf 81' lang='lat' dir='ltr'>notificare</span> <span class='ocrx_word' id='word_1_53' title='bbox 1236 970 1436 1043; x_wconf 84' lang='lat' dir='ltr'><strong>curavimus,</strong></span> <span class='ocrx_word' id='word_1_54' title='bbox 1453 972 1682 1035; x_wconf 78' lang='lat' dir='ltr'>ordinavimus</span> <span class='ocrx_word' id='word_1_55' title='bbox 1707 974 1744 1035; x_wconf 93' lang='lat' dir='ltr'>in</span> 
     </span>
     <span class='ocr_line' id='line_1_8' title="bbox 100 1064 1744 1142; baseline 0.004 -16"><span class='ocrx_word' id='word_1_56' title='bbox 100 1066 314 1127; x_wconf 84' lang='lat' dir='ltr'>instantissime</span> <span class='ocrx_word' id='word_1_57' title='bbox 342 1073 474 1139; x_wconf 76' lang='lat' dir='ltr'>precatur</span> <span class='ocrx_word' id='word_1_58' title='bbox 495 1079 594 1138; x_wconf 88' lang='lat' dir='ltr'>regem</span> <span class='ocrx_word' id='word_1_59' title='bbox 609 1064 784 1123; x_wconf 85' lang='lat' dir='ltr'>Ludovicum</span> <span class='ocrx_word' id='word_1_60' title='bbox 804 1071 834 1122; x_wconf 88' lang='lat' dir='ltr'>ut</span> <span class='ocrx_word' id='word_1_61' title='bbox 852 1065 895 1121; x_wconf 91' lang='lat' dir='ltr'>in·</span> <span class='ocrx_word' id='word_1_62' title='bbox 952 1065 1117 1142; x_wconf 88' lang='lat' dir='ltr'>colloquio</span> <span class='ocrx_word' id='word_1_63' title='bbox 1162 1066 1250 1128; x_wconf 90' lang='lat' dir='ltr'>inter</span> <span class='ocrx_word' id='word_1_64' title='bbox 1286 1084 1347 1128; x_wconf 86' lang='lat' dir='ltr'>nos</span> <span class='ocrx_word' id='word_1_65' title='bbox 1386 1071 1420 1130; x_wconf 91' lang='lat' dir='ltr'>et</span> <span class='ocrx_word' id='word_1_66' title='bbox 1458 1070 1668 1132; x_wconf 88' lang='lat' dir='ltr'>carissimum</span> <span class='ocrx_word' id='word_1_67' title='bbox 1707 1072 1744 1133; x_wconf 91' lang='lat' dir='ltr'>in</span> 
     </span>
     <span class='ocr_line' id='line_1_9' title="bbox 136 1152 1746 1230; baseline 0.001 -2"><span class='ocrx_word' id='word_1_68' title='bbox 136 1154 238 1214; x_wconf 88' lang='lat' dir='ltr'>ducias</span> <span class='ocrx_word' id='word_1_69' title='bbox 265 1152 330 1213; x_wconf 84' lang='lat' dir='ltr'>belli</span> <span class='ocrx_word' id='word_1_70' title='bbox 357 1167 513 1228; x_wconf 63' lang='lat' dir='ltr'>ll⁰l08⁸le</span> <span class='ocrx_word' id='word_1_71' title='bbox 545 1154 613 1211; x_wconf 86' lang='lat' dir='ltr'>velit</span> <span class='ocrx_word' id='word_1_72' title='bbox 640 1167 706 1210; x_wconf 79' lang='lat'>⁰¹¹¹¹1</span> <span class='ocrx_word' id='word_1_73' title='bbox 738 1154 896 1227; x_wconf 70' lang='lat' dir='ltr'>Assdltlfflffi</span> <span class='ocrx_word' id='word_1_74' title='bbox 952 1162 1083 1223; x_wconf 88' lang='lat' dir='ltr'>Christo</span> <span class='ocrx_word' id='word_1_75' title='bbox 1099 1164 1204 1224; x_wconf 90' lang='lat' dir='ltr'>illium</span> <span class='ocrx_word' id='word_1_76' title='bbox 1220 1164 1605 1229; x_wconf 84' lang='lat' dir='ltr'>Fredericumillustrem</span> <span class='ocrx_word' id='word_1_77' title='bbox 1620 1171 1746 1230; x_wconf 87' lang='lat' dir='ltr'>Roma-</span> 
     </span>
     <span class='ocr_line' id='line_1_10' title="bbox 134 1258 1745 1349; baseline 0.005 -31"><span class='ocrx_word' id='word_1_78' title='bbox 134 1258 217 1318; x_wconf 63' lang='lat'>1080·</span> <span class='ocrx_word' id='word_1_79' title='bbox 952 1275 1070 1321; x_wconf 92' lang='lat' dir='ltr'>norum</span> <span class='ocrx_word' id='word_1_80' title='bbox 1095 1261 1340 1337; x_wconf 75' lang='lat' dir='ltr'>imperatorem,</span> <span class='ocrx_word' id='word_1_81' title='bbox 1364 1279 1495 1340; x_wconf 91' lang='lat' dir='ltr'>semper</span> <span class='ocrx_word' id='word_1_82' title='bbox 1514 1267 1690 1341; x_wconf 91' lang='lat' dir='ltr'>augustum</span> <span class='ocrx_word' id='word_1_83' title='bbox 1711 1266 1745 1349; x_wconf 86' lang='lat' dir='ltr'>et</span> 
     </span>
     <span class='ocr_line' id='line_1_11' title="bbox 131 1357 1743 1437; baseline 0.001 -15"><span class='ocrx_word' id='word_1_84' title='bbox 131 1360 304 1422; x_wconf 85' lang='lat' dir='ltr'>Honorius</span> <span class='ocrx_word' id='word_1_85' title='bbox 310 1358 897 1437; x_wconf 79' lang='lat' dir='ltr'>episcopus...,carissimoincbristc</span> <span class='ocrx_word' id='word_1_86' title='bbox 951 1372 1063 1433; x_wconf 88' lang='lat' dir='ltr'>regem</span> <span class='ocrx_word' id='word_1_87' title='bbox 1077 1357 1201 1419; x_wconf 87' lang='lat' dir='ltr'>Siciliae</span> <span class='ocrx_word' id='word_1_88' title='bbox 1215 1358 1392 1431; x_wconf 89' lang='lat' dir='ltr'>celebrato,</span> <span class='ocrx_word' id='word_1_89' title='bbox 1407 1362 1443 1421; x_wconf 92' lang='lat' dir='ltr'>ut</span> <span class='ocrx_word' id='word_1_90' title='bbox 1453 1376 1518 1437; x_wconf 82' lang='lat' dir='ltr'>pax</span> <span class='ocrx_word' id='word_1_91' title='bbox 1529 1361 1618 1424; x_wconf 92' lang='lat' dir='ltr'>inter</span> <span class='ocrx_word' id='word_1_92' title='bbox 1629 1378 1743 1424; x_wconf 86' lang='lat' dir='ltr'>omnes</span> 
     </span>
     <span class='ocr_line' id='line_1_12' title="bbox 95 1454 1744 1533; baseline 0 -12"><span class='ocrx_word' id='word_1_93' title='bbox 95 1457 296 1521; x_wconf 84' lang='lat' dir='ltr'>filioncstro</span> <span class='ocrx_word' id='word_1_94' title='bbox 316 1457 483 1521; x_wconf 60' lang='lat' dir='ltr'>liudovico</span> <span class='ocrx_word' id='word_1_95' title='bbox 495 1457 567 1533; x_wconf 89' lang='lat' dir='ltr'>regi</span> <span class='ocrx_word' id='word_1_96' title='bbox 580 1457 785 1519; x_wconf 76' lang='lat' dir='ltr'>Francorum</span> <span class='ocrx_word' id='word_1_97' title='bbox 805 1455 897 1517; x_wconf 88' lang='lat' dir='ltr'>illus·</span> <span class='ocrx_word' id='word_1_98' title='bbox 952 1454 1168 1527; x_wconf 88' lang='lat' dir='ltr'>christianos,</span> <span class='ocrx_word' id='word_1_99' title='bbox 1186 1458 1219 1517; x_wconf 90' lang='lat' dir='ltr'>et</span> <span class='ocrx_word' id='word_1_100' title='bbox 1230 1457 1374 1518; x_wconf 82' lang='lat' dir='ltr'>maxime</span> <span class='ocrx_word' id='word_1_101' title='bbox 1389 1457 1478 1519; x_wconf 91' lang='lat' dir='ltr'>inter</span> <span class='ocrx_word' id='word_1_102' title='bbox 1487 1459 1744 1521; x_wconf 77' lang='lat' dir='ltr'>excellentiores</span> 
     </span>
     <span class='ocr_line' id='line_1_13' title="bbox 95 1552 1745 1632; baseline 0.001 -15"><span class='ocrx_word' id='word_1_103' title='bbox 95 1555 151 1626; x_wconf 88' lang='lat' dir='ltr'>tri,</span> <span class='ocrx_word' id='word_1_104' title='bbox 171 1555 327 1625; x_wconf 87' lang='lat' dir='ltr'>salutem,</span> <span class='ocrx_word' id='word_1_105' title='bbox 345 1555 408 1617; x_wconf 87' lang='lat' dir='ltr'>etc.</span> <span class='ocrx_word' id='word_1_106' title='bbox 951 1552 1131 1629; x_wconf 89' lang='lat' dir='ltr'>principes,</span> <span class='ocrx_word' id='word_1_107' title='bbox 1149 1552 1281 1615; x_wconf 90' lang='lat' dir='ltr'>interim</span> <span class='ocrx_word' id='word_1_108' title='bbox 1295 1556 1497 1623; x_wconf 86' lang='lat' dir='ltr'>servaretur,</span> <span class='ocrx_word' id='word_1_109' title='bbox 1517 1557 1681 1632; x_wconf 85' lang='lat' dir='ltr'>quatenus</span> <span class='ocrx_word' id='word_1_110' title='bbox 1696 1557 1745 1618; x_wconf 92' lang='lat' dir='ltr'>sic</span> 
     </span>
     <span class='ocr_line' id='line_1_14' title="bbox 136 1649 1744 1732; baseline 0.001 -18"><span class='ocrx_word' id='word_1_111' title='bbox 136 1651 719 1729; x_wconf 78' lang='lat' dir='ltr'>Longaeprosperitatisquaregnum</span> <span class='ocrx_word' id='word_1_112' title='bbox 730 1650 894 1722; x_wconf 77' lang='lat' dir='ltr'>Franciae,</span> <span class='ocrx_word' id='word_1_113' title='bbox 950 1649 1014 1726; x_wconf 91' lang='lat' dir='ltr'>ipsi</span> <span class='ocrx_word' id='word_1_114' title='bbox 1030 1652 1141 1711; x_wconf 84' lang='lat' dir='ltr'>Terrae</span> <span class='ocrx_word' id='word_1_115' title='bbox 1161 1650 1299 1712; x_wconf 88' lang='lat' dir='ltr'>liberius</span> <span class='ocrx_word' id='word_1_116' title='bbox 1322 1652 1452 1715; x_wconf 82' lang='lat' dir='ltr'>veniret</span> <span class='ocrx_word' id='word_1_117' title='bbox 1477 1653 1518 1715; x_wconf 88' lang='lat' dir='ltr'>ab</span> <span class='ocrx_word' id='word_1_118' title='bbox 1542 1655 1744 1732; x_wconf 80' lang='lat' dir='ltr'>omniparis</span> 
     </span>
     <span class='ocr_line' id='line_1_15' title="bbox 95 1748 1140 1825; baseline -0.004 -14"><span class='ocrx_word' id='word_1_119' title='bbox 95 1748 599 1812; x_wconf 87' lang='lat' dir='ltr'>concussisiereomnibusaliis</span> <span class='ocrx_word' id='word_1_120' title='bbox 609 1749 734 1825; x_wconf 89' lang='lat' dir='ltr'>regnis,</span> <span class='ocrx_word' id='word_1_121' title='bbox 747 1748 896 1810; x_wconf 88' lang='lat' dir='ltr'>noscitur</span> <span class='ocrx_word' id='word_1_122' title='bbox 950 1762 1140 1807; x_wconf 85' lang='lat' dir='ltr'>succursus.</span> 
     </span>
     <span class='ocr_line' id='line_1_16' title="bbox 94 1845 1744 1925; baseline 0.002 -17"><span class='ocrx_word' id='word_1_123' title='bbox 94 1848 267 1919; x_wconf 87' lang='lat' dir='ltr'>floruisse,</span> <span class='ocrx_word' id='word_1_124' title='bbox 276 1847 383 1924; x_wconf 91' lang='lat' dir='ltr'>prima</span> <span class='ocrx_word' id='word_1_125' title='bbox 390 1847 608 1923; x_wconf 88' lang='lat' dir='ltr'>etpraacipua,</span> <span class='ocrx_word' id='word_1_126' title='bbox 618 1847 895 1908; x_wconf 88' lang='lat' dir='ltr'>sicutcommunis</span> <span class='ocrx_word' id='word_1_127' title='bbox 991 1845 1054 1905; x_wconf 91' lang='lat' dir='ltr'>Sed</span> <span class='ocrx_word' id='word_1_128' title='bbox 1070 1845 1140 1906; x_wconf 90' lang='lat' dir='ltr'>esto</span> <span class='ocrx_word' id='word_1_129' title='bbox 1154 1846 1238 1923; x_wconf 87' lang='lat' dir='ltr'>quod</span> <span class='ocrx_word' id='word_1_130' title='bbox 1253 1845 1293 1907; x_wconf 92' lang='lat' dir='ltr'>de</span> <span class='ocrx_word' id='word_1_131' title='bbox 1310 1845 1392 1923; x_wconf 88' lang='lat' dir='ltr'>ipsis</span> <span class='ocrx_word' id='word_1_132' title='bbox 1407 1847 1533 1925; x_wconf 82' lang='lat' dir='ltr'>treugis</span> <span class='ocrx_word' id='word_1_133' title='bbox 1557 1864 1744 1925; x_wconf 87' lang='lat' dir='ltr'>prorogan-</span> 
     </span>
     <span class='ocr_line' id='line_1_17' title="bbox 94 1941 1744 2023; baseline -0.002 -12"><span class='ocrx_word' id='word_1_134' title='bbox 94 1946 201 2011; x_wconf 81' lang='lat' dir='ltr'>babet</span> <span class='ocrx_word' id='word_1_135' title='bbox 214 1946 339 2023; x_wconf 90' lang='lat' dir='ltr'>opinio,</span> <span class='ocrx_word' id='word_1_136' title='bbox 356 1960 458 2009; x_wconf 88' lang='lat' dir='ltr'>causa</span> <span class='ocrx_word' id='word_1_137' title='bbox 475 1944 539 2013; x_wconf 87' lang='lat' dir='ltr'>fuit</span> <span class='ocrx_word' id='word_1_138' title='bbox 550 1944 636 2021; x_wconf 87' lang='lat' dir='ltr'>quod</span> <span class='ocrx_word' id='word_1_139' title='bbox 653 1959 785 2019; x_wconf 82' lang='lat' dir='ltr'>semper</span> <span class='ocrx_word' id='word_1_140' title='bbox 799 1958 894 2019; x_wconf 89' lang='lat' dir='ltr'>reges</span> <span class='ocrx_word' id='word_1_141' title='bbox 949 1941 1001 2003; x_wconf 91' lang='lat' dir='ltr'>dis</span> <span class='ocrx_word' id='word_1_142' title='bbox 1016 1941 1057 2004; x_wconf 92' lang='lat' dir='ltr'>ob</span> <span class='ocrx_word' id='word_1_143' title='bbox 1080 1943 1189 2004; x_wconf 89' lang='lat' dir='ltr'>certas</span> <span class='ocrx_word' id='word_1_144' title='bbox 1216 1958 1335 2004; x_wconf 84' lang='lat' dir='ltr'>causas</span> <span class='ocrx_word' id='word_1_145' title='bbox 1353 1944 1442 2006; x_wconf 90' lang='lat' dir='ltr'>inter</span> <span class='ocrx_word' id='word_1_146' title='bbox 1454 1949 1487 2006; x_wconf 92' lang='lat' dir='ltr'>te</span> <span class='ocrx_word' id='word_1_147' title='bbox 1506 1961 1546 2007; x_wconf 90' lang='lat' dir='ltr'>ac</span> <span class='ocrx_word' id='word_1_148' title='bbox 1570 1946 1744 2022; x_wconf 87' lang='lat' dir='ltr'>praeiatum</span> 
     </span>
     <span class='ocr_line' id='line_1_18' title="bbox 93 2040 1743 2120; baseline 0.001 -17"><span class='ocrx_word' id='word_1_149' title='bbox 93 2042 217 2104; x_wconf 90' lang='lat' dir='ltr'>babuit</span> <span class='ocrx_word' id='word_1_150' title='bbox 231 2042 346 2104; x_wconf 89' lang='lat' dir='ltr'>iideac</span> <span class='ocrx_word' id='word_1_151' title='bbox 361 2043 482 2119; x_wconf 89' lang='lat' dir='ltr'>pietate</span> <span class='ocrx_word' id='word_1_152' title='bbox 502 2042 711 2118; x_wconf 71' lang='lat' dir='ltr'>conspicuos</span> <span class='ocrx_word' id='word_1_153' title='bbox 736 2042 769 2103; x_wconf 91' lang='lat' dir='ltr'>et</span> <span class='ocrx_word' id='word_1_154' title='bbox 781 2056 896 2103; x_wconf 90' lang='lat' dir='ltr'>sacro-</span> <span class='ocrx_word' id='word_1_155' title='bbox 948 2040 1077 2115; x_wconf 80' lang='lat' dir='ltr'>Angliaa</span> <span class='ocrx_word' id='word_1_156' title='bbox 1101 2055 1213 2116; x_wconf 90' lang='lat' dir='ltr'>regem</span> <span class='ocrx_word' id='word_1_157' title='bbox 1240 2042 1420 2103; x_wconf 82' lang='lat' dir='ltr'>convenire</span> <span class='ocrx_word' id='word_1_158' title='bbox 1450 2058 1517 2103; x_wconf 92' lang='lat' dir='ltr'>uon</span> <span class='ocrx_word' id='word_1_159' title='bbox 1538 2044 1668 2120; x_wconf 91' lang='lat' dir='ltr'>potuit;</span> <span class='ocrx_word' id='word_1_160' title='bbox 1701 2044 1743 2105; x_wconf 90' lang='lat' dir='ltr'>ad</span> 
     </span>
     <span class='ocr_line' id='line_1_19' title="bbox 93 2137 1740 2215; baseline -0.001 -12"><span class='ocrx_word' id='word_1_161' title='bbox 93 2139 565 2210; x_wconf 86' lang='lat' dir='ltr'>sauctaeRomanaaEcclesiae,</span> <span class='ocrx_word' id='word_1_162' title='bbox 576 2154 673 2215; x_wconf 85' lang='lat' dir='ltr'>quam</span> <span class='ocrx_word' id='word_1_163' title='bbox 686 2137 894 2214; x_wconf 88' lang='lat' dir='ltr'>providentia</span> <span class='ocrx_word' id='word_1_164' title='bbox 949 2137 1144 2198; x_wconf 89' lang='lat' dir='ltr'>movendum</span> <span class='ocrx_word' id='word_1_165' title='bbox 1178 2153 1271 2199; x_wconf 89' lang='lat' dir='ltr'>arma</span> <span class='ocrx_word' id='word_1_166' title='bbox 1303 2138 1463 2200; x_wconf 91' lang='lat' dir='ltr'>continuo</span> <span class='ocrx_word' id='word_1_167' title='bbox 1500 2140 1614 2201; x_wconf 88' lang='lat' dir='ltr'>contra</span> <span class='ocrx_word' id='word_1_168' title='bbox 1645 2155 1740 2214; x_wconf 89' lang='lat' dir='ltr'>eum,</span> 
     </span>
     <span class='ocr_line' id='line_1_20' title="bbox 91 2233 1742 2311; baseline 0 -10"><span class='ocrx_word' id='word_1_169' title='bbox 91 2240 156 2301; x_wconf 86' lang='lat' dir='ltr'>Dei</span> <span class='ocrx_word' id='word_1_170' title='bbox 186 2240 329 2301; x_wconf 87' lang='lat' dir='ltr'>matrem</span> <span class='ocrx_word' id='word_1_171' title='bbox 359 2237 506 2298; x_wconf 90' lang='lat' dir='ltr'>omnium</span> <span class='ocrx_word' id='word_1_172' title='bbox 534 2236 794 2297; x_wconf 88' lang='lat' dir='ltr'>christianorum</span> <span class='ocrx_word' id='word_1_173' title='bbox 821 2252 894 2298; x_wconf 90' lang='lat' dir='ltr'>esse</span> <span class='ocrx_word' id='word_1_174' title='bbox 949 2234 1059 2310; x_wconf 89' lang='lat' dir='ltr'>spreto</span> <span class='ocrx_word' id='word_1_175' title='bbox 1073 2233 1211 2311; x_wconf 84' lang='lat' dir='ltr'>praeiato</span> <span class='ocrx_word' id='word_1_176' title='bbox 1226 2236 1348 2297; x_wconf 89' lang='lat' dir='ltr'>statuto</span> <span class='ocrx_word' id='word_1_177' title='bbox 1359 2237 1473 2299; x_wconf 83' lang='lat' dir='ltr'>nostro</span> <span class='ocrx_word' id='word_1_178' title='bbox 1488 2239 1521 2298; x_wconf 90' lang='lat' dir='ltr'>et</span> <span class='ocrx_word' id='word_1_179' title='bbox 1536 2253 1615 2298; x_wconf 89' lang='lat' dir='ltr'>cura</span> <span class='ocrx_word' id='word_1_180' title='bbox 1630 2239 1742 2301; x_wconf 75' lang='lat' dir='ltr'>Terra</span> 
     </span>
     <span class='ocr_line' id='line_1_21' title="bbox 90 2331 1743 2411; baseline -0.002 -12"><span class='ocrx_word' id='word_1_181' title='bbox 90 2336 204 2401; x_wconf 76' lang='lat' dir='ltr'>soluit</span> <span class='ocrx_word' id='word_1_182' title='bbox 217 2337 251 2409; x_wconf 88' lang='lat' dir='ltr'>et</span> <span class='ocrx_word' id='word_1_183' title='bbox 265 2335 470 2410; x_wconf 80' lang='lat' dir='ltr'>magistram,</span> <span class='ocrx_word' id='word_1_184' title='bbox 494 2333 590 2411; x_wconf 85' lang='lat' dir='ltr'>quasi</span> <span class='ocrx_word' id='word_1_185' title='bbox 604 2333 744 2410; x_wconf 85' lang='lat' dir='ltr'>quadam</span> <span class='ocrx_word' id='word_1_186' title='bbox 759 2333 893 2409; x_wconf 89' lang='lat' dir='ltr'>specia—</span> <span class='ocrx_word' id='word_1_187' title='bbox 950 2332 1078 2393; x_wconf 80' lang='lat' dir='ltr'>Sanctae</span> <span class='ocrx_word' id='word_1_188' title='bbox 1089 2331 1287 2407; x_wconf 86' lang='lat' dir='ltr'>posthabita,</span> <span class='ocrx_word' id='word_1_189' title='bbox 1298 2349 1371 2409; x_wconf 81' lang='lat' dir='ltr'>quae</span> <span class='ocrx_word' id='word_1_190' title='bbox 1382 2334 1563 2397; x_wconf 88' lang='lat' dir='ltr'>necessitas</span> <span class='ocrx_word' id='word_1_191' title='bbox 1572 2337 1606 2396; x_wconf 92' lang='lat' dir='ltr'>te</span> <span class='ocrx_word' id='word_1_192' title='bbox 1618 2335 1743 2411; x_wconf 84' lang='lat' dir='ltr'>coegitt</span> 
     </span>
     <span class='ocr_line' id='line_1_22' title="bbox 91 2428 1741 2507; baseline -0.002 -12"><span class='ocrx_word' id='word_1_193' title='bbox 91 2434 192 2499; x_wconf 83' lang='lat' dir='ltr'>litate</span> <span class='ocrx_word' id='word_1_194' title='bbox 208 2433 356 2497; x_wconf 87' lang='lat' dir='ltr'>devotos.</span> <span class='ocrx_word' id='word_1_195' title='bbox 374 2432 434 2493; x_wconf 88' lang='lat' dir='ltr'>Cui</span> <span class='ocrx_word' id='word_1_196' title='bbox 454 2432 543 2493; x_wconf 90' lang='lat' dir='ltr'>enim</span> <span class='ocrx_word' id='word_1_197' title='bbox 563 2430 622 2495; x_wconf 89' lang='lat' dir='ltr'>alii</span> <span class='ocrx_word' id='word_1_198' title='bbox 643 2447 753 2493; x_wconf 88' lang='lat' dir='ltr'>causae</span> <span class='ocrx_word' id='word_1_199' title='bbox 765 2431 894 2492; x_wconf 89' lang='lat' dir='ltr'>tamdi-</span> <span class='ocrx_word' id='word_1_200' title='bbox 947 2428 1141 2490; x_wconf 81' lang='lat' dir='ltr'>audivimus</span> <span class='ocrx_word' id='word_1_201' title='bbox 1163 2430 1251 2491; x_wconf 90' lang='lat' dir='ltr'>enim</span> <span class='ocrx_word' id='word_1_202' title='bbox 1267 2430 1353 2507; x_wconf 84' lang='lat' dir='ltr'>quod</span> <span class='ocrx_word' id='word_1_203' title='bbox 1376 2432 1417 2491; x_wconf 91' lang='lat' dir='ltr'>ad</span> <span class='ocrx_word' id='word_1_204' title='bbox 1437 2431 1661 2492; x_wconf 84' lang='lat' dir='ltr'>inuadendum</span> <span class='ocrx_word' id='word_1_205' title='bbox 1670 2433 1741 2493; x_wconf 90' lang='lat' dir='ltr'>ter-</span> 
     </span>
     <span class='ocr_line' id='line_1_23' title="bbox 89 2527 1744 2609; baseline -0.004 -12"><span class='ocrx_word' id='word_1_206' title='bbox 89 2548 170 2609; x_wconf 79' lang='lat' dir='ltr'>guoe</span> <span class='ocrx_word' id='word_1_207' title='bbox 186 2530 335 2592; x_wconf 85' lang='lat' dir='ltr'>adscribi</span> <span class='ocrx_word' id='word_1_208' title='bbox 358 2530 466 2606; x_wconf 87' lang='lat' dir='ltr'>potest</span> <span class='ocrx_word' id='word_1_209' title='bbox 487 2529 567 2591; x_wconf 90' lang='lat' dir='ltr'>dicti</span> <span class='ocrx_word' id='word_1_210' title='bbox 586 2529 682 2604; x_wconf 90' lang='lat' dir='ltr'>regni</span> <span class='ocrx_word' id='word_1_211' title='bbox 701 2529 893 2591; x_wconf 90' lang='lat' dir='ltr'>continuata</span> <span class='ocrx_word' id='word_1_212' title='bbox 947 2541 1018 2586; x_wconf 88' lang='lat' dir='ltr'>ram</span> <span class='ocrx_word' id='word_1_213' title='bbox 1033 2542 1131 2602; x_wconf 85' lang='lat' dir='ltr'>quam</span> <span class='ocrx_word' id='word_1_214' title='bbox 1147 2527 1234 2588; x_wconf 92' lang='lat' dir='ltr'>idem</span> <span class='ocrx_word' id='word_1_215' title='bbox 1249 2542 1309 2588; x_wconf 81' lang='lat' dir='ltr'>rex</span> <span class='ocrx_word' id='word_1_216' title='bbox 1324 2528 1433 2589; x_wconf 91' lang='lat' dir='ltr'>adhuc</span> <span class='ocrx_word' id='word_1_217' title='bbox 1450 2529 1534 2590; x_wconf 88' lang='lat' dir='ltr'>citra</span> <span class='ocrx_word' id='word_1_218' title='bbox 1549 2545 1641 2590; x_wconf 89' lang='lat' dir='ltr'>mare</span> <span class='ocrx_word' id='word_1_219' title='bbox 1655 2529 1744 2591; x_wconf 90' lang='lat' dir='ltr'>obti-</span> 
     </span>
     <span class='ocr_line' id='line_1_24' title="bbox 88 2624 1743 2705; baseline -0.001 -14"><span class='ocrx_word' id='word_1_220' title='bbox 88 2629 240 2691; x_wconf 85' lang='lat' dir='ltr'>ielicitas</span> <span class='ocrx_word' id='word_1_221' title='bbox 255 2644 355 2705; x_wconf 84' lang='lat' dir='ltr'>quam</span> <span class='ocrx_word' id='word_1_222' title='bbox 363 2626 575 2689; x_wconf 89' lang='lat' dir='ltr'>abundantiae</span> <span class='ocrx_word' id='word_1_223' title='bbox 589 2626 721 2703; x_wconf 87' lang='lat' dir='ltr'>pietatis</span> <span class='ocrx_word' id='word_1_224' title='bbox 736 2628 769 2688; x_wconf 92' lang='lat' dir='ltr'>et</span> <span class='ocrx_word' id='word_1_225' title='bbox 791 2626 894 2688; x_wconf 88' lang='lat' dir='ltr'>mise·</span> <span class='ocrx_word' id='word_1_226' title='bbox 947 2626 1013 2693; x_wconf 86' lang='lat' dir='ltr'>nat,</span> <span class='ocrx_word' id='word_1_227' title='bbox 1034 2625 1067 2684; x_wconf 90' lang='lat' dir='ltr'>te</span> <span class='ocrx_word' id='word_1_228' title='bbox 1082 2624 1230 2700; x_wconf 81' lang='lat' dir='ltr'>accingis</span> <span class='ocrx_word' id='word_1_229' title='bbox 1251 2624 1284 2685; x_wconf 90' lang='lat' dir='ltr'>et</span> <span class='ocrx_word' id='word_1_230' title='bbox 1298 2640 1357 2701; x_wconf 91' lang='lat' dir='ltr'>per</span> <span class='ocrx_word' id='word_1_231' title='bbox 1380 2626 1544 2691; x_wconf 82' lang='lat' dir='ltr'>vassallos</span> <span class='ocrx_word' id='word_1_232' title='bbox 1568 2627 1601 2689; x_wconf 89' lang='lat' dir='ltr'>et</span> <span class='ocrx_word' id='word_1_233' title='bbox 1615 2625 1743 2695; x_wconf 86' lang='lat' dir='ltr'>conioe·</span> 
     </span>
     <span class='ocr_line' id='line_1_25' title="bbox 87 2721 1741 2803; baseline -0.003 -13"><span class='ocrx_word' id='word_1_234' title='bbox 87 2727 251 2791; x_wconf 76' lang='lat' dir='ltr'>ricordiae</span> <span class='ocrx_word' id='word_1_235' title='bbox 266 2726 337 2797; x_wconf 86' lang='lat' dir='ltr'>Dei,</span> <span class='ocrx_word' id='word_1_236' title='bbox 351 2725 386 2786; x_wconf 93' lang='lat' dir='ltr'>in</span> <span class='ocrx_word' id='word_1_237' title='bbox 409 2727 504 2802; x_wconf 73' lang='lat' dir='ltr'>cuius</span> <span class='ocrx_word' id='word_1_238' title='bbox 528 2740 629 2789; x_wconf 88' lang='lat' dir='ltr'>manu</span> <span class='ocrx_word' id='word_1_239' title='bbox 649 2724 726 2789; x_wconf 89' lang='lat' dir='ltr'>sunt</span> <span class='ocrx_word' id='word_1_240' title='bbox 746 2725 892 2787; x_wconf 90' lang='lat' dir='ltr'>omnium</span> <span class='ocrx_word' id='word_1_241' title='bbox 947 2721 1079 2783; x_wconf 89' lang='lat' dir='ltr'>deratos</span> <span class='ocrx_word' id='word_1_242' title='bbox 1092 2722 1166 2785; x_wconf 88' lang='lat' dir='ltr'>tuos</span> <span class='ocrx_word' id='word_1_243' title='bbox 1181 2722 1288 2785; x_wconf 87' lang='lat' dir='ltr'>iecisti</span> <span class='ocrx_word' id='word_1_244' title='bbox 1300 2726 1371 2800; x_wconf 88' lang='lat' dir='ltr'>jam</span> <span class='ocrx_word' id='word_1_245' title='bbox 1382 2723 1474 2787; x_wconf 88' lang='lat' dir='ltr'>illam</span> <span class='ocrx_word' id='word_1_246' title='bbox 1489 2724 1615 2797; x_wconf 80' lang='lat' dir='ltr'>invadi,</span> <span class='ocrx_word' id='word_1_247' title='bbox 1628 2726 1663 2789; x_wconf 89' lang='lat' dir='ltr'>et</span> <span class='ocrx_word' id='word_1_248' title='bbox 1682 2724 1741 2803; x_wconf 85' lang='lat' dir='ltr'>qui</span> 
     </span>
     <span class='ocr_line' id='line_1_26' title="bbox 89 2818 1746 2902; baseline -0.002 -15"><span class='ocrx_word' id='word_1_249' title='bbox 89 2825 282 2902; x_wconf 83' lang='lat' dir='ltr'>potestates</span> <span class='ocrx_word' id='word_1_250' title='bbox 300 2824 399 2900; x_wconf 86' lang='lat' dir='ltr'>atque</span> <span class='ocrx_word' id='word_1_251' title='bbox 422 2825 501 2899; x_wconf 76' lang='lat' dir='ltr'>iura</span> <span class='ocrx_word' id='word_1_252' title='bbox 523 2838 712 2898; x_wconf 90' lang='lat' dir='ltr'>regnorum,</span> <span class='ocrx_word' id='word_1_253' title='bbox 729 2837 829 2900; x_wconf 88' lang='lat' dir='ltr'>aquo</span> <span class='ocrx_word' id='word_1_254' title='bbox 842 2824 893 2884; x_wconf 93' lang='lat' dir='ltr'>est</span> <span class='ocrx_word' id='word_1_255' title='bbox 946 2818 981 2879; x_wconf 91' lang='lat' dir='ltr'>iu</span> <span class='ocrx_word' id='word_1_256' title='bbox 1010 2820 1202 2895; x_wconf 85' lang='lat' dir='ltr'>treugarum</span> <span class='ocrx_word' id='word_1_257' title='bbox 1227 2822 1462 2898; x_wconf 85' lang='lat' dir='ltr'>prorogatione</span> <span class='ocrx_word' id='word_1_258' title='bbox 1485 2821 1648 2887; x_wconf 85' lang='lat' dir='ltr'>dictarum</span> <span class='ocrx_word' id='word_1_259' title='bbox 1674 2837 1746 2893; x_wconf 88' lang='lat' dir='ltr'>non</span> 
     </span>
     <span class='ocr_line' id='line_1_27' title="bbox 87 2916 1741 2997; baseline -0.003 -13"><span class='ocrx_word' id='word_1_260' title='bbox 87 2921 319 2987; x_wconf 88' lang='lat' dir='ltr'>omnedatum</span> <span class='ocrx_word' id='word_1_261' title='bbox 341 2920 499 2997; x_wconf 88' lang='lat' dir='ltr'>optimum</span> <span class='ocrx_word' id='word_1_262' title='bbox 518 2921 552 2982; x_wconf 91' lang='lat' dir='ltr'>et</span> <span class='ocrx_word' id='word_1_263' title='bbox 570 2935 667 2986; x_wconf 89' lang='lat' dir='ltr'>amne</span> <span class='ocrx_word' id='word_1_264' title='bbox 682 2918 893 2996; x_wconf 90' lang='lat' dir='ltr'>bonumper-</span> <span class='ocrx_word' id='word_1_265' title='bbox 946 2916 1071 2978; x_wconf 86' lang='lat' dir='ltr'>curasti</span> <span class='ocrx_word' id='word_1_266' title='bbox 1102 2916 1296 2997; x_wconf 85' lang='lat' dir='ltr'>obsequium</span> <span class='ocrx_word' id='word_1_267' title='bbox 1321 2917 1417 2979; x_wconf 91' lang='lat' dir='ltr'>nobis</span> <span class='ocrx_word' id='word_1_268' title='bbox 1443 2919 1645 2997; x_wconf 87' lang='lat' dir='ltr'>impendere,</span> <span class='ocrx_word' id='word_1_269' title='bbox 1669 2922 1741 2996; x_wconf 89' lang='lat' dir='ltr'>jam</span> 
     </span>
     <span class='ocr_line' id='line_1_28' title="bbox 86 3013 1740 3099; baseline -0.004 -16"><span class='ocrx_word' id='word_1_270' title='bbox 86 3020 229 3091; x_wconf 83' lang='lat' dir='ltr'>tentum,</span> <span class='ocrx_word' id='word_1_271' title='bbox 259 3021 355 3095; x_wconf 80' lang='lat' dir='ltr'>cujus</span> <span class='ocrx_word' id='word_1_272' title='bbox 373 3019 482 3099; x_wconf 87' lang='lat' dir='ltr'>gratia</span> <span class='ocrx_word' id='word_1_273' title='bbox 509 3033 624 3081; x_wconf 89' lang='lat' dir='ltr'>omnes</span> <span class='ocrx_word' id='word_1_274' title='bbox 651 3017 736 3079; x_wconf 90' lang='lat' dir='ltr'>bene</span> <span class='ocrx_word' id='word_1_275' title='bbox 755 3016 891 3093; x_wconf 87' lang='lat' dir='ltr'>agentes</span> <span class='ocrx_word' id='word_1_276' title='bbox 946 3013 1134 3091; x_wconf 88' lang='lat' dir='ltr'>prorumpis</span> <span class='ocrx_word' id='word_1_277' title='bbox 1154 3014 1255 3076; x_wconf 89' lang='lat' dir='ltr'>etiam</span> <span class='ocrx_word' id='word_1_278' title='bbox 1271 3015 1311 3076; x_wconf 89' lang='lat' dir='ltr'>ad</span> <span class='ocrx_word' id='word_1_279' title='bbox 1327 3014 1501 3087; x_wconf 81' lang='lat' dir='ltr'>offensam,</span> <span class='ocrx_word' id='word_1_280' title='bbox 1516 3016 1593 3093; x_wconf 84' lang='lat' dir='ltr'>dum</span> <span class='ocrx_word' id='word_1_281' title='bbox 1616 3016 1740 3081; x_wconf 86' lang='lat' dir='ltr'>statuto</span> 
     </span>
     <span class='ocr_line' id='line_1_29' title="bbox 86 3111 1738 3197; baseline -0.005 -14"><span class='ocrx_word' id='word_1_282' title='bbox 86 3117 260 3197; x_wconf 83' lang='lat' dir='ltr'>praevenit</span> <span class='ocrx_word' id='word_1_283' title='bbox 283 3119 317 3181; x_wconf 88' lang='lat' dir='ltr'>et</span> <span class='ocrx_word' id='word_1_284' title='bbox 331 3116 545 3194; x_wconf 85' lang='lat' dir='ltr'>subsequitur</span> <span class='ocrx_word' id='word_1_285' title='bbox 558 3116 705 3192; x_wconf 81' lang='lat' dir='ltr'>largiens</span> <span class='ocrx_word' id='word_1_286' title='bbox 728 3115 890 3179; x_wconf 84' lang='lat' dir='ltr'>ineffabili</span> <span class='ocrx_word' id='word_1_287' title='bbox 946 3111 1031 3189; x_wconf 89' lang='lat' dir='ltr'>quod</span> <span class='ocrx_word' id='word_1_288' title='bbox 1059 3111 1100 3173; x_wconf 90' lang='lat' dir='ltr'>de</span> <span class='ocrx_word' id='word_1_289' title='bbox 1126 3128 1207 3189; x_wconf 90' lang='lat' dir='ltr'>pace</span> <span class='ocrx_word' id='word_1_290' title='bbox 1234 3112 1400 3175; x_wconf 79' lang='lat' dir='ltr'>servanda</span> <span class='ocrx_word' id='word_1_291' title='bbox 1427 3113 1592 3177; x_wconf 86' lang='lat' dir='ltr'>edidimus</span> <span class='ocrx_word' id='word_1_292' title='bbox 1616 3112 1738 3189; x_wconf 85' lang='lat' dir='ltr'>incipis</span> 
     </span>
     <span class='ocr_line' id='line_1_30' title="bbox 85 3209 1743 3291; baseline -0.003 -14"><span class='ocrx_word' id='word_1_293' title='bbox 85 3214 246 3277; x_wconf 84' lang='lat' dir='ltr'>bonitate</span> <span class='ocrx_word' id='word_1_294' title='bbox 258 3212 409 3284; x_wconf 77' lang='lat' dir='ltr'>uirtutes,</span> <span class='ocrx_word' id='word_1_295' title='bbox 425 3213 460 3273; x_wconf 93' lang='lat' dir='ltr'>ut</span> <span class='ocrx_word' id='word_1_296' title='bbox 470 3212 503 3275; x_wconf 91' lang='lat' dir='ltr'>et</span> <span class='ocrx_word' id='word_1_297' title='bbox 510 3212 658 3288; x_wconf 88' lang='lat' dir='ltr'>ipsarum</span> <span class='ocrx_word' id='word_1_298' title='bbox 670 3211 807 3288; x_wconf 77' lang='lat' dir='ltr'>praemia</span> <span class='ocrx_word' id='word_1_299' title='bbox 822 3210 892 3271; x_wconf 87' lang='lat' dir='ltr'>lar·</span> <span class='ocrx_word' id='word_1_300' title='bbox 945 3209 1123 3273; x_wconf 87' lang='lat' dir='ltr'>contraire.</span> <span class='ocrx_word' id='word_1_301' title='bbox 1140 3210 1234 3273; x_wconf 88' lang='lat' dir='ltr'>Certe</span> <span class='ocrx_word' id='word_1_302' title='bbox 1249 3210 1357 3287; x_wconf 86' lang='lat' dir='ltr'>ipsius</span> <span class='ocrx_word' id='word_1_303' title='bbox 1371 3212 1482 3272; x_wconf 84' lang='lat' dir='ltr'>Terrae</span> <span class='ocrx_word' id='word_1_304' title='bbox 1498 3211 1628 3275; x_wconf 73' lang='lat' dir='ltr'>Sanctae</span> <span class='ocrx_word' id='word_1_305' title='bbox 1642 3225 1743 3291; x_wconf 88' lang='lat' dir='ltr'>nego·</span> 
     </span>
     <span class='ocr_line' id='line_1_31' title="bbox 84 3306 1740 3388; baseline -0.004 -13"><span class='ocrx_word' id='word_1_306' title='bbox 84 3309 370 3388; x_wconf 79' lang='lat' dir='ltr'>giaturillirinae</span> <span class='ocrx_word' id='word_1_307' title='bbox 392 3309 507 3386; x_wconf 89' lang='lat' dir='ltr'>procul</span> <span class='ocrx_word' id='word_1_308' title='bbox 522 3308 620 3369; x_wconf 92' lang='lat' dir='ltr'>dubio</span> <span class='ocrx_word' id='word_1_309' title='bbox 635 3309 752 3384; x_wconf 88' lang='lat' dir='ltr'>gratiae</span> <span class='ocrx_word' id='word_1_310' title='bbox 767 3308 890 3369; x_wconf 90' lang='lat' dir='ltr'>donum</span> <span class='ocrx_word' id='word_1_311' title='bbox 946 3306 1028 3368; x_wconf 90' lang='lat' dir='ltr'>tium</span> <span class='ocrx_word' id='word_1_312' title='bbox 1053 3323 1224 3385; x_wconf 88' lang='lat' dir='ltr'>nunquam</span> <span class='ocrx_word' id='word_1_313' title='bbox 1239 3308 1346 3384; x_wconf 90' lang='lat' dir='ltr'>magis</span> <span class='ocrx_word' id='word_1_314' title='bbox 1373 3308 1545 3385; x_wconf 87' lang='lat' dir='ltr'>paraliam</span> <span class='ocrx_word' id='word_1_315' title='bbox 1566 3324 1664 3386; x_wconf 81' lang='lat' dir='ltr'>quam</span> <span class='ocrx_word' id='word_1_316' title='bbox 1680 3323 1740 3385; x_wconf 89' lang='lat' dir='ltr'>per</span> 
     </span>
     <span class='ocr_line' id='line_1_32' title="bbox 83 3405 1736 3484; baseline -0.002 -16"><span class='ocrx_word' id='word_1_317' title='bbox 83 3407 164 3480; x_wconf 85' lang='lat' dir='ltr'>suit,</span> <span class='ocrx_word' id='word_1_318' title='bbox 183 3406 271 3484; x_wconf 90' lang='lat' dir='ltr'>quod</span> <span class='ocrx_word' id='word_1_319' title='bbox 286 3406 472 3471; x_wconf 88' lang='lat' dir='ltr'>recolendae</span> <span class='ocrx_word' id='word_1_320' title='bbox 491 3406 659 3468; x_wconf 90' lang='lat' dir='ltr'>memoriae</span> <span class='ocrx_word' id='word_1_321' title='bbox 675 3405 770 3482; x_wconf 89' lang='lat' dir='ltr'>pater</span> <span class='ocrx_word' id='word_1_322' title='bbox 783 3407 816 3467; x_wconf 90' lang='lat' dir='ltr'>et</span> <span class='ocrx_word' id='word_1_323' title='bbox 831 3405 890 3466; x_wconf 93' lang='lat' dir='ltr'>alii</span> <span class='ocrx_word' id='word_1_324' title='bbox 945 3405 1040 3480; x_wconf 91' lang='lat' dir='ltr'>regni</span> <span class='ocrx_word' id='word_1_325' title='bbox 1075 3405 1226 3467; x_wconf 84' lang='lat' dir='ltr'>Franciae</span> <span class='ocrx_word' id='word_1_326' title='bbox 1249 3405 1431 3483; x_wconf 90' lang='lat' dir='ltr'>potentiam</span> <span class='ocrx_word' id='word_1_327' title='bbox 1453 3407 1504 3468; x_wconf 90' lang='lat' dir='ltr'>est</span> <span class='ocrx_word' id='word_1_328' title='bbox 1538 3407 1736 3483; x_wconf 87' lang='lat' dir='ltr'>promotum.</span> 
     </span>
     <span class='ocr_line' id='line_1_33' title="bbox 83 3499 1739 3580; baseline 0.001 -16"><span class='ocrx_word' id='word_1_329' title='bbox 83 3502 326 3579; x_wconf 86' lang='lat' dir='ltr'>progenitores</span> <span class='ocrx_word' id='word_1_330' title='bbox 349 3501 399 3562; x_wconf 91' lang='lat' dir='ltr'>tui</span> <span class='ocrx_word' id='word_1_331' title='bbox 420 3503 625 3567; x_wconf 84' lang='lat' dir='ltr'>Francorum</span> <span class='ocrx_word' id='word_1_332' title='bbox 647 3515 743 3576; x_wconf 90' lang='lat' dir='ltr'>reges</span> <span class='ocrx_word' id='word_1_333' title='bbox 757 3499 891 3562; x_wconf 90' lang='lat' dir='ltr'>inerunt</span> <span class='ocrx_word' id='word_1_334' title='bbox 944 3502 1026 3563; x_wconf 86' lang='lat' dir='ltr'>Vide</span> <span class='ocrx_word' id='word_1_335' title='bbox 1051 3502 1154 3578; x_wconf 90' lang='lat' dir='ltr'>igitur</span> <span class='ocrx_word' id='word_1_336' title='bbox 1179 3504 1338 3580; x_wconf 85' lang='lat' dir='ltr'>quantum</span> <span class='ocrx_word' id='word_1_337' title='bbox 1357 3505 1393 3565; x_wconf 89' lang='lat' dir='ltr'>tu</span> <span class='ocrx_word' id='word_1_338' title='bbox 1417 3503 1489 3580; x_wconf 90' lang='lat' dir='ltr'>ipse</span> <span class='ocrx_word' id='word_1_339' title='bbox 1518 3503 1625 3566; x_wconf 86' lang='lat' dir='ltr'>oiilcis</span> <span class='ocrx_word' id='word_1_340' title='bbox 1640 3501 1739 3565; x_wconf 82' lang='lat' dir='ltr'>ismae</span> 
     </span>
     <span class='ocr_line' id='line_1_34' title="bbox 83 3597 1736 3677; baseline 0 -16"><span class='ocrx_word' id='word_1_341' title='bbox 83 3601 154 3663; x_wconf 85' lang='lat' dir='ltr'>ilde</span> <span class='ocrx_word' id='word_1_342' title='bbox 169 3615 213 3661; x_wconf 91' lang='lat' dir='ltr'>ac</span> <span class='ocrx_word' id='word_1_343' title='bbox 238 3598 414 3663; x_wconf 79' lang='lat' dir='ltr'>devotione</span> <span class='ocrx_word' id='word_1_344' title='bbox 440 3598 613 3675; x_wconf 75' lang='lat' dir='ltr'>precipui,</span> <span class='ocrx_word' id='word_1_345' title='bbox 639 3599 672 3660; x_wconf 88' lang='lat' dir='ltr'>et</span> <span class='ocrx_word' id='word_1_346' title='bbox 694 3597 795 3675; x_wconf 90' lang='lat' dir='ltr'>hujus</span> <span class='ocrx_word' id='word_1_347' title='bbox 810 3597 889 3661; x_wconf 91' lang='lat' dir='ltr'>doni</span> <span class='ocrx_word' id='word_1_348' title='bbox 943 3600 1020 3671; x_wconf 90' lang='lat' dir='ltr'>tuae,</span> <span class='ocrx_word' id='word_1_349' title='bbox 1049 3600 1077 3661; x_wconf 92' lang='lat' dir='ltr'>si</span> <span class='ocrx_word' id='word_1_350' title='bbox 1088 3600 1255 3677; x_wconf 82' lang='lat' dir='ltr'>praedictae</span> <span class='ocrx_word' id='word_1_351' title='bbox 1276 3603 1388 3663; x_wconf 84' lang='lat' dir='ltr'>Terrae</span> <span class='ocrx_word' id='word_1_352' title='bbox 1407 3600 1537 3665; x_wconf 77' lang='lat' dir='ltr'>Sanctae</span> <span class='ocrx_word' id='word_1_353' title='bbox 1564 3617 1736 3673; x_wconf 89' lang='lat' dir='ltr'>succursu,</span> 
     </span>
     <span class='ocr_line' id='line_1_35' title="bbox 82 3694 1738 3775; baseline -0.001 -16"><span class='ocrx_word' id='word_1_354' title='bbox 82 3696 408 3775; x_wconf 76' lang='lat' dir='ltr'>praemiumpraeter</span> <span class='ocrx_word' id='word_1_355' title='bbox 417 3694 611 3759; x_wconf 81' lang='lat' dir='ltr'>felicitatem</span> <span class='ocrx_word' id='word_1_356' title='bbox 621 3697 779 3757; x_wconf 75' lang='lat' dir='ltr'>aternam</span> <span class='ocrx_word' id='word_1_357' title='bbox 790 3711 887 3772; x_wconf 86' lang='lat' dir='ltr'>quam</span> <span class='ocrx_word' id='word_1_358' title='bbox 944 3697 1000 3774; x_wconf 81' lang='lat' dir='ltr'>qui</span> <span class='ocrx_word' id='word_1_359' title='bbox 1013 3713 1072 3774; x_wconf 91' lang='lat' dir='ltr'>per</span> <span class='ocrx_word' id='word_1_360' title='bbox 1099 3713 1238 3773; x_wconf 90' lang='lat' dir='ltr'>regnum</span> <span class='ocrx_word' id='word_1_361' title='bbox 1263 3699 1356 3759; x_wconf 87' lang='lat' dir='ltr'>tuum</span> <span class='ocrx_word' id='word_1_362' title='bbox 1376 3697 1551 3761; x_wconf 90' lang='lat' dir='ltr'>consuevit</span> <span class='ocrx_word' id='word_1_363' title='bbox 1570 3698 1738 3775; x_wconf 84' lang='lat' dir='ltr'>praecipue</span> 
     </span>
     <span class='ocr_line' id='line_1_36' title="bbox 82 3792 1738 3872; baseline -0.001 -17"><span class='ocrx_word' id='word_1_364' title='bbox 82 3796 165 3857; x_wconf 91' lang='lat' dir='ltr'>illos</span> <span class='ocrx_word' id='word_1_365' title='bbox 192 3794 307 3857; x_wconf 81' lang='lat' dir='ltr'>diuino</span> <span class='ocrx_word' id='word_1_366' title='bbox 323 3809 462 3857; x_wconf 88' lang='lat' dir='ltr'>munere</span> <span class='ocrx_word' id='word_1_367' title='bbox 486 3792 653 3854; x_wconf 89' lang='lat' dir='ltr'>credimus</span> <span class='ocrx_word' id='word_1_368' title='bbox 677 3794 886 3867; x_wconf 87' lang='lat' dir='ltr'>consecutos,</span> <span class='ocrx_word' id='word_1_369' title='bbox 944 3795 1142 3871; x_wconf 85' lang='lat' dir='ltr'>promoveri,</span> <span class='ocrx_word' id='word_1_370' title='bbox 1159 3810 1218 3872; x_wconf 88' lang='lat' dir='ltr'>per</span> <span class='ocrx_word' id='word_1_371' title='bbox 1233 3794 1327 3865; x_wconf 89' lang='lat' dir='ltr'>illud,</span> <span class='ocrx_word' id='word_1_372' title='bbox 1352 3795 1385 3856; x_wconf 90' lang='lat' dir='ltr'>te</span> <span class='ocrx_word' id='word_1_373' title='bbox 1398 3796 1569 3870; x_wconf 89' lang='lat' dir='ltr'>regnante,</span> <span class='ocrx_word' id='word_1_374' title='bbox 1586 3794 1738 3868; x_wconf 89' lang='lat' dir='ltr'>contige-</span> 
     </span>
     <span class='ocr_line' id='line_1_37' title="bbox 80 3888 1740 3969; baseline -0.002 -16"><span class='ocrx_word' id='word_1_375' title='bbox 80 3893 151 3953; x_wconf 85' lang='lat' dir='ltr'>iuit</span> <span class='ocrx_word' id='word_1_376' title='bbox 164 3891 267 3953; x_wconf 90' lang='lat' dir='ltr'>etiam</span> <span class='ocrx_word' id='word_1_377' title='bbox 283 3890 477 3967; x_wconf 90' lang='lat' dir='ltr'>temporalis</span> <span class='ocrx_word' id='word_1_378' title='bbox 491 3890 696 3967; x_wconf 88' lang='lat' dir='ltr'>prosperitas</span> <span class='ocrx_word' id='word_1_379' title='bbox 709 3906 786 3967; x_wconf 85' lang='lat' dir='ltr'>qua,</span> <span class='ocrx_word' id='word_1_380' title='bbox 803 3891 889 3953; x_wconf 91' lang='lat' dir='ltr'>sicut</span> <span class='ocrx_word' id='word_1_381' title='bbox 942 3891 987 3952; x_wconf 90' lang='lat' dir='ltr'>rit</span> <span class='ocrx_word' id='word_1_382' title='bbox 997 3890 1161 3967; x_wconf 88' lang='lat' dir='ltr'>impediri.</span> <span class='ocrx_word' id='word_1_383' title='bbox 1173 3889 1255 3951; x_wconf 84' lang='lat' dir='ltr'>Vide</span> <span class='ocrx_word' id='word_1_384' title='bbox 1265 3889 1364 3951; x_wconf 91' lang='lat' dir='ltr'>etiam</span> <span class='ocrx_word' id='word_1_385' title='bbox 1376 3891 1411 3951; x_wconf 93' lang='lat' dir='ltr'>in</span> <span class='ocrx_word' id='word_1_386' title='bbox 1421 3888 1740 3969; x_wconf 86' lang='lat' dir='ltr'>quantamnosdiifl·</span> 
     </span>
     <span class='ocr_line' id='line_1_38' title="bbox 77 3985 1738 4067; baseline -0.004 -16"><span class='ocrx_word' id='word_1_387' title='bbox 77 3993 156 4067; x_wconf 85' lang='lat' dir='ltr'>jam</span> <span class='ocrx_word' id='word_1_388' title='bbox 182 3988 455 4065; x_wconf 80' lang='lat' dir='ltr'>praenotavimus,</span> <span class='ocrx_word' id='word_1_389' title='bbox 487 3989 740 4048; x_wconf 90' lang='lat' dir='ltr'>antecesserunt</span> <span class='ocrx_word' id='word_1_390' title='bbox 772 4003 887 4048; x_wconf 89' lang='lat' dir='ltr'>omnes</span> <span class='ocrx_word' id='word_1_391' title='bbox 942 3988 1098 4050; x_wconf 88' lang='lat' dir='ltr'>cultatem</span> <span class='ocrx_word' id='word_1_392' title='bbox 1114 3987 1264 4059; x_wconf 90' lang='lat' dir='ltr'>inducas,</span> <span class='ocrx_word' id='word_1_393' title='bbox 1279 3989 1335 4065; x_wconf 88' lang='lat' dir='ltr'>qui</span> <span class='ocrx_word' id='word_1_394' title='bbox 1347 3989 1453 4049; x_wconf 90' lang='lat' dir='ltr'>ettuae</span> <span class='ocrx_word' id='word_1_395' title='bbox 1464 3988 1616 4065; x_wconf 90' lang='lat' dir='ltr'>cupimus</span> <span class='ocrx_word' id='word_1_396' title='bbox 1631 3985 1738 4047; x_wconf 90' lang='lat' dir='ltr'>subli-</span> 
     </span>
     <span class='ocr_line' id='line_1_39' title="bbox 78 4084 1736 4162; baseline -0.001 -14"><span class='ocrx_word' id='word_1_397' title='bbox 78 4088 158 4149; x_wconf 87' lang='lat' dir='ltr'>iere</span> <span class='ocrx_word' id='word_1_398' title='bbox 171 4085 366 4161; x_wconf 90' lang='lat' dir='ltr'>aliosreges</span> <span class='ocrx_word' id='word_1_399' title='bbox 392 4084 518 4147; x_wconf 90' lang='lat' dir='ltr'>mundi.</span> <span class='ocrx_word' id='word_1_400' title='bbox 535 4086 575 4145; x_wconf 88' lang='lat' dir='ltr'>Et</span> <span class='ocrx_word' id='word_1_401' title='bbox 596 4084 726 4160; x_wconf 87' lang='lat' dir='ltr'>quidem</span> <span class='ocrx_word' id='word_1_402' title='bbox 741 4099 829 4160; x_wconf 88' lang='lat' dir='ltr'>saepe</span> <span class='ocrx_word' id='word_1_403' title='bbox 843 4087 886 4157; x_wconf 87' lang='lat' dir='ltr'>te,</span> <span class='ocrx_word' id='word_1_404' title='bbox 941 4085 1048 4147; x_wconf 86' lang='lat' dir='ltr'>mitati</span> <span class='ocrx_word' id='word_1_405' title='bbox 1072 4085 1212 4157; x_wconf 85' lang='lat' dir='ltr'>deterre,</span> <span class='ocrx_word' id='word_1_406' title='bbox 1239 4087 1273 4149; x_wconf 89' lang='lat' dir='ltr'>et</span> <span class='ocrx_word' id='word_1_407' title='bbox 1290 4084 1428 4162; x_wconf 88' lang='lat' dir='ltr'>praesato</span> <span class='ocrx_word' id='word_1_408' title='bbox 1446 4084 1639 4161; x_wconf 88' lang='lat' dir='ltr'>imperatori</span> <span class='ocrx_word' id='word_1_409' title='bbox 1654 4099 1736 4161; x_wconf 89' lang='lat' dir='ltr'>pro-</span> 
     </span>
     <span class='ocr_line' id='line_1_40' title="bbox 77 4181 1737 4260; baseline -0.001 -15"><span class='ocrx_word' id='word_1_410' title='bbox 77 4186 130 4245; x_wconf 87' lang='lat' dir='ltr'>iili</span> <span class='ocrx_word' id='word_1_411' title='bbox 150 4182 475 4254; x_wconf 84' lang='lat' dir='ltr'>carissime,atiectu</span> <span class='ocrx_word' id='word_1_412' title='bbox 495 4181 887 4258; x_wconf 88' lang='lat' dir='ltr'>paternomonuimusut</span> <span class='ocrx_word' id='word_1_413' title='bbox 941 4184 1091 4247; x_wconf 89' lang='lat' dir='ltr'>misimus</span> <span class='ocrx_word' id='word_1_414' title='bbox 1126 4198 1183 4245; x_wconf 90' lang='lat' dir='ltr'>eos</span> <span class='ocrx_word' id='word_1_415' title='bbox 1223 4182 1282 4260; x_wconf 84' lang='lat' dir='ltr'>qui</span> <span class='ocrx_word' id='word_1_416' title='bbox 1319 4184 1487 4245; x_wconf 85' lang='lat' dir='ltr'>violarent</span> <span class='ocrx_word' id='word_1_417' title='bbox 1523 4181 1737 4259; x_wconf 88' lang='lat' dir='ltr'>saepedictum</span> 
     </span>
     <span class='ocr_line' id='line_1_41' title="bbox 76 4279 1681 4363; baseline 0 -21"><span class='ocrx_word' id='word_1_418' title='bbox 76 4282 114 4343; x_wconf 90' lang='lat' dir='ltr'>in</span> <span class='ocrx_word' id='word_1_419' title='bbox 154 4280 211 4341; x_wconf 87' lang='lat' dir='ltr'>his</span> <span class='ocrx_word' id='word_1_420' title='bbox 231 4279 382 4341; x_wconf 90' lang='lat' dir='ltr'>studeres</span> <span class='ocrx_word' id='word_1_421' title='bbox 396 4294 519 4363; x_wconf 29' lang='lat' dir='ltr'>&#39;eorum</span> <span class='ocrx_word' id='word_1_422' title='bbox 542 4279 684 4354; x_wconf 78' lang='lat' dir='ltr'>vestigia</span> <span class='ocrx_word' id='word_1_423' title='bbox 700 4279 835 4351; x_wconf 86' lang='lat' dir='ltr'>imitari,</span> <span class='ocrx_word' id='word_1_424' title='bbox 853 4281 886 4343; x_wconf 91' lang='lat' dir='ltr'>et</span> <span class='ocrx_word' id='word_1_425' title='bbox 940 4281 1098 4351; x_wconf 81' lang='lat' dir='ltr'>statutum</span> <span class='ocrx_word' id='word_1_426' title='bbox 1114 4280 1321 4342; x_wconf 91' lang='lat' dir='ltr'>districtione</span> <span class='ocrx_word' id='word_1_427' title='bbox 1336 4281 1500 4341; x_wconf 90' lang='lat' dir='ltr'>canonica</span> <span class='ocrx_word' id='word_1_428' title='bbox 1513 4296 1681 4342; x_wconf 87' lang='lat' dir='ltr'>coercere.</span> 
     </span>
     <span class='ocr_line' id='line_1_42' title="bbox 75 4376 1737 4458; baseline 0 -17"><span class='ocrx_word' id='word_1_429' title='bbox 75 4378 209 4458; x_wconf 82' lang='lat' dir='ltr'>quibus</span> <span class='ocrx_word' id='word_1_430' title='bbox 233 4391 268 4437; x_wconf 89' lang='lat' dir='ltr'>es</span> <span class='ocrx_word' id='word_1_431' title='bbox 288 4376 389 4452; x_wconf 88' lang='lat' dir='ltr'>digne</span> <span class='ocrx_word' id='word_1_432' title='bbox 403 4391 577 4437; x_wconf 88' lang='lat' dir='ltr'>successor</span> <span class='ocrx_word' id='word_1_433' title='bbox 599 4376 634 4436; x_wconf 91' lang='lat' dir='ltr'>iu</span> <span class='ocrx_word' id='word_1_434' title='bbox 650 4391 801 4452; x_wconf 89' lang='lat' dir='ltr'>regnum,</span> <span class='ocrx_word' id='word_1_435' title='bbox 820 4376 886 4438; x_wconf 90' lang='lat' dir='ltr'>stu·</span> <span class='ocrx_word' id='word_1_436' title='bbox 981 4381 1148 4454; x_wconf 85' lang='lat' dir='ltr'>Rogamus</span> <span class='ocrx_word' id='word_1_437' title='bbox 1162 4378 1264 4453; x_wconf 88' lang='lat' dir='ltr'>igitur</span> <span class='ocrx_word' id='word_1_438' title='bbox 1276 4378 1488 4440; x_wconf 89' lang='lat' dir='ltr'>serenitatem</span> <span class='ocrx_word' id='word_1_439' title='bbox 1501 4378 1737 4441; x_wconf 90' lang='lat' dir='ltr'>tuametobse·</span> 
     </span>
     <span class='ocr_line' id='line_1_43' title="bbox 74 4473 1733 4553; baseline -0.002 -14"><span class='ocrx_word' id='word_1_440' title='bbox 74 4478 183 4539; x_wconf 89' lang='lat' dir='ltr'>deres</span> <span class='ocrx_word' id='word_1_441' title='bbox 207 4474 385 4535; x_wconf 88' lang='lat' dir='ltr'>succedere</span> <span class='ocrx_word' id='word_1_442' title='bbox 411 4473 513 4535; x_wconf 87' lang='lat' dir='ltr'>etiam</span> <span class='ocrx_word' id='word_1_443' title='bbox 529 4473 564 4534; x_wconf 93' lang='lat' dir='ltr'>in</span> <span class='ocrx_word' id='word_1_444' title='bbox 579 4474 697 4534; x_wconf 87' lang='lat' dir='ltr'>dacore</span> <span class='ocrx_word' id='word_1_445' title='bbox 712 4474 882 4545; x_wconf 81' lang='lat' dir='ltr'>uirtutum,</span> <span class='ocrx_word' id='word_1_446' title='bbox 940 4491 1075 4537; x_wconf 89' lang='lat' dir='ltr'>cramus</span> <span class='ocrx_word' id='word_1_447' title='bbox 1102 4475 1136 4535; x_wconf 93' lang='lat' dir='ltr'>in</span> <span class='ocrx_word' id='word_1_448' title='bbox 1152 4474 1291 4535; x_wconf 78' lang='lat' dir='ltr'>Domino</span> <span class='ocrx_word' id='word_1_449' title='bbox 1309 4478 1387 4537; x_wconf 70' lang='lat' dir='ltr'>,lesu</span> <span class='ocrx_word' id='word_1_450' title='bbox 1401 4475 1545 4547; x_wconf 85' lang='lat' dir='ltr'>Christe,</span> <span class='ocrx_word' id='word_1_451' title='bbox 1559 4477 1733 4553; x_wconf 84' lang='lat' dir='ltr'>quatenus,</span> 
     </span>
     <span class='ocr_line' id='line_1_44' title="bbox 74 4570 1734 4653; baseline -0.002 -17"><span class='ocrx_word' id='word_1_452' title='bbox 74 4576 184 4653; x_wconf 87' lang='lat' dir='ltr'>idque</span> <span class='ocrx_word' id='word_1_453' title='bbox 210 4575 243 4634; x_wconf 91' lang='lat' dir='ltr'>te</span> <span class='ocrx_word' id='word_1_454' title='bbox 265 4571 428 4633; x_wconf 89' lang='lat' dir='ltr'>iacturum</span> <span class='ocrx_word' id='word_1_455' title='bbox 444 4586 502 4648; x_wconf 90' lang='lat' dir='ltr'>spe</span> <span class='ocrx_word' id='word_1_456' title='bbox 515 4573 607 4633; x_wconf 86' lang='lat' dir='ltr'>certa</span> <span class='ocrx_word' id='word_1_457' title='bbox 623 4570 831 4643; x_wconf 80' lang='lat' dir='ltr'>confidimus,</span> <span class='ocrx_word' id='word_1_458' title='bbox 850 4575 883 4635; x_wconf 91' lang='lat' dir='ltr'>et</span> <span class='ocrx_word' id='word_1_459' title='bbox 939 4572 1133 4637; x_wconf 79' lang='lat' dir='ltr'>haecomnia</span> <span class='ocrx_word' id='word_1_460' title='bbox 1156 4572 1337 4649; x_wconf 90' lang='lat' dir='ltr'>prudenter</span> <span class='ocrx_word' id='word_1_461' title='bbox 1356 4571 1541 4638; x_wconf 84' lang='lat' dir='ltr'>attendens,</span> <span class='ocrx_word' id='word_1_462' title='bbox 1565 4571 1606 4635; x_wconf 90' lang='lat' dir='ltr'>ab</span> <span class='ocrx_word' id='word_1_463' title='bbox 1622 4573 1734 4649; x_wconf 89' lang='lat' dir='ltr'>impu-</span> 
     </span>
     <span class='ocr_line' id='line_1_45' title="bbox 72 4667 1734 4750; baseline -0.002 -16"><span class='ocrx_word' id='word_1_464' title='bbox 72 4685 249 4749; x_wconf 85' lang='lat' dir='ltr'>generoso</span> <span class='ocrx_word' id='word_1_465' title='bbox 260 4668 365 4750; x_wconf 85' lang='lat' dir='ltr'>stipiti</span> <span class='ocrx_word' id='word_1_466' title='bbox 378 4684 397 4729; x_wconf 88' lang='lat' dir='ltr'>a</span> <span class='ocrx_word' id='word_1_467' title='bbox 412 4684 477 4745; x_wconf 87' lang='lat' dir='ltr'>quo</span> <span class='ocrx_word' id='word_1_468' title='bbox 493 4667 587 4729; x_wconf 88' lang='lat' dir='ltr'>ducis</span> <span class='ocrx_word' id='word_1_469' title='bbox 596 4668 771 4744; x_wconf 90' lang='lat' dir='ltr'>originem,</span> <span class='ocrx_word' id='word_1_470' title='bbox 789 4667 883 4729; x_wconf 89' lang='lat' dir='ltr'>iutu-</span> <span class='ocrx_word' id='word_1_471' title='bbox 937 4670 1094 4745; x_wconf 84' lang='lat' dir='ltr'>guatinas</span> <span class='ocrx_word' id='word_1_472' title='bbox 1115 4670 1214 4735; x_wconf 87' lang='lat' dir='ltr'>terrae</span> <span class='ocrx_word' id='word_1_473' title='bbox 1239 4669 1318 4733; x_wconf 91' lang='lat' dir='ltr'>dicti</span> <span class='ocrx_word' id='word_1_474' title='bbox 1338 4668 1427 4746; x_wconf 91' lang='lat' dir='ltr'>regis</span> <span class='ocrx_word' id='word_1_475' title='bbox 1447 4669 1488 4731; x_wconf 90' lang='lat' dir='ltr'>ob</span> <span class='ocrx_word' id='word_1_476' title='bbox 1512 4669 1734 4731; x_wconf 87' lang='lat' dir='ltr'>reverentiam</span> 
     </span>
     <span class='ocr_line' id='line_1_46' title="bbox 71 4764 1734 4847; baseline -0.004 -16"><span class='ocrx_word' id='word_1_477' title='bbox 71 4786 157 4831; x_wconf 88' lang='lat' dir='ltr'>rum</span> <span class='ocrx_word' id='word_1_478' title='bbox 178 4767 281 4827; x_wconf 89' lang='lat' dir='ltr'>etiam</span> <span class='ocrx_word' id='word_1_479' title='bbox 304 4764 467 4826; x_wconf 76' lang='lat' dir='ltr'>fructibus</span> <span class='ocrx_word' id='word_1_480' title='bbox 491 4765 634 4829; x_wconf 88' lang='lat' dir='ltr'>similem</span> <span class='ocrx_word' id='word_1_481' title='bbox 660 4765 828 4826; x_wconf 91' lang='lat' dir='ltr'>credimus</span> <span class='ocrx_word' id='word_1_482' title='bbox 850 4769 883 4828; x_wconf 87' lang='lat' dir='ltr'>et</span> <span class='ocrx_word' id='word_1_483' title='bbox 937 4767 1082 4828; x_wconf 88' lang='lat' dir='ltr'>divinam</span> <span class='ocrx_word' id='word_1_484' title='bbox 1092 4767 1125 4828; x_wconf 91' lang='lat' dir='ltr'>at</span> <span class='ocrx_word' id='word_1_485' title='bbox 1136 4768 1284 4847; x_wconf 89' lang='lat' dir='ltr'>nostram</span> <span class='ocrx_word' id='word_1_486' title='bbox 1295 4765 1475 4841; x_wconf 88' lang='lat' dir='ltr'>abstineas,</span> <span class='ocrx_word' id='word_1_487' title='bbox 1488 4768 1521 4828; x_wconf 90' lang='lat' dir='ltr'>et</span> <span class='ocrx_word' id='word_1_488' title='bbox 1533 4768 1607 4828; x_wconf 90' lang='lat' dir='ltr'>tuos</span> <span class='ocrx_word' id='word_1_489' title='bbox 1617 4764 1734 4828; x_wconf 92' lang='lat' dir='ltr'>subdi-</span> 
     </span>
     <span class='ocr_line' id='line_1_47' title="bbox 71 4863 1731 4947; baseline -0.003 -19"><span class='ocrx_word' id='word_1_490' title='bbox 71 4879 270 4947; x_wconf 87' lang='lat' dir='ltr'>speramus.</span> <span class='ocrx_word' id='word_1_491' title='bbox 935 4867 987 4926; x_wconf 90' lang='lat' dir='ltr'>tos</span> <span class='ocrx_word' id='word_1_492' title='bbox 1001 4863 1291 4934; x_wconf 89' lang='lat' dir='ltr'>iaciasahstinere,</span> <span class='ocrx_word' id='word_1_493' title='bbox 1309 4880 1435 4943; x_wconf 86' lang='lat' dir='ltr'>uosque</span> <span class='ocrx_word' id='word_1_494' title='bbox 1456 4865 1594 4925; x_wconf 88' lang='lat' dir='ltr'>interim</span> <span class='ocrx_word' id='word_1_495' title='bbox 1607 4863 1731 4924; x_wconf 87' lang='lat' dir='ltr'>resumi</span> 
     </span>
     <span class='ocr_line' id='line_1_48' title="bbox 114 4958 1731 5036; baseline -0.002 -13"><span class='ocrx_word' id='word_1_496' title='bbox 114 4958 336 5029; x_wconf 62' lang='lat' dir='ltr'>caeterumsi</span> <span class='ocrx_word' id='word_1_497' title='bbox 350 4974 477 5035; x_wconf 85' lang='lat' dir='ltr'>preces,</span> <span class='ocrx_word' id='word_1_498' title='bbox 489 4959 696 5036; x_wconf 85' lang='lat' dir='ltr'>immoquasi</span> <span class='ocrx_word' id='word_1_499' title='bbox 717 4959 881 5036; x_wconf 88' lang='lat' dir='ltr'>primitias</span> <span class='ocrx_word' id='word_1_500' title='bbox 935 4961 1094 5022; x_wconf 89' lang='lat' dir='ltr'>iaciemus</span> <span class='ocrx_word' id='word_1_501' title='bbox 1105 4962 1298 5036; x_wconf 89' lang='lat' dir='ltr'>treugarum</span> <span class='ocrx_word' id='word_1_502' title='bbox 1314 4961 1489 5022; x_wconf 89' lang='lat' dir='ltr'>tractatum</span> <span class='ocrx_word' id='word_1_503' title='bbox 1505 4963 1538 5022; x_wconf 89' lang='lat' dir='ltr'>at</span> <span class='ocrx_word' id='word_1_504' title='bbox 1555 4961 1596 5022; x_wconf 89' lang='lat' dir='ltr'>ad</span> <span class='ocrx_word' id='word_1_505' title='bbox 1609 4960 1731 5021; x_wconf 92' lang='lat' dir='ltr'>bonum</span> 
     </span>
     <span class='ocr_line' id='line_1_49' title="bbox 69 5055 1731 5138; baseline -0.003 -16"><span class='ocrx_word' id='word_1_506' title='bbox 69 5074 230 5138; x_wconf 87' lang='lat' dir='ltr'>precum,</span> <span class='ocrx_word' id='word_1_507' title='bbox 248 5071 330 5133; x_wconf 86' lang='lat' dir='ltr'>quas</span> <span class='ocrx_word' id='word_1_508' title='bbox 352 5055 412 5117; x_wconf 91' lang='lat' dir='ltr'>tibi</span> <span class='ocrx_word' id='word_1_509' title='bbox 437 5057 645 5133; x_wconf 80' lang='lat' dir='ltr'>porreximus</span> <span class='ocrx_word' id='word_1_510' title='bbox 666 5073 726 5132; x_wconf 88' lang='lat' dir='ltr'>pro</span> <span class='ocrx_word' id='word_1_511' title='bbox 752 5057 880 5133; x_wconf 87' lang='lat' dir='ltr'>treugis</span> <span class='ocrx_word' id='word_1_512' title='bbox 935 5058 1045 5129; x_wconf 84' lang='lat' dir='ltr'>finem,</span> <span class='ocrx_word' id='word_1_513' title='bbox 1061 5060 1127 5119; x_wconf 87' lang='lat' dir='ltr'>Deo</span> <span class='ocrx_word' id='word_1_514' title='bbox 1146 5058 1300 5129; x_wconf 86' lang='lat' dir='ltr'>donante,</span> <span class='ocrx_word' id='word_1_515' title='bbox 1318 5059 1465 5133; x_wconf 87' lang='lat' dir='ltr'>perduci.</span> <span class='ocrx_word' id='word_1_516' title='bbox 1481 5058 1608 5120; x_wconf 89' lang='lat' dir='ltr'>Taliter</span> <span class='ocrx_word' id='word_1_517' title='bbox 1621 5057 1731 5117; x_wconf 88' lang='lat' dir='ltr'>autem</span> 
     </span>
     <span class='ocr_line' id='line_1_50' title="bbox 68 5152 1731 5232; baseline -0.004 -13"><span class='ocrx_word' id='word_1_518' title='bbox 68 5158 168 5219; x_wconf 91' lang='lat' dir='ltr'>inter</span> <span class='ocrx_word' id='word_1_519' title='bbox 181 5155 216 5215; x_wconf 90' lang='lat' dir='ltr'>te</span> <span class='ocrx_word' id='word_1_520' title='bbox 233 5169 273 5214; x_wconf 88' lang='lat' dir='ltr'>ac</span> <span class='ocrx_word' id='word_1_521' title='bbox 288 5153 453 5214; x_wconf 90' lang='lat' dir='ltr'>illustrem</span> <span class='ocrx_word' id='word_1_522' title='bbox 473 5168 585 5229; x_wconf 89' lang='lat' dir='ltr'>regem</span> <span class='ocrx_word' id='word_1_523' title='bbox 609 5154 738 5229; x_wconf 80' lang='lat' dir='ltr'>angliae</span> <span class='ocrx_word' id='word_1_524' title='bbox 761 5169 881 5231; x_wconf 92' lang='lat' dir='ltr'>proro-</span> <span class='ocrx_word' id='word_1_525' title='bbox 935 5171 1031 5216; x_wconf 91' lang='lat' dir='ltr'>cures</span> <span class='ocrx_word' id='word_1_526' title='bbox 1046 5154 1208 5216; x_wconf 81' lang='lat' dir='ltr'>exaudire</span> <span class='ocrx_word' id='word_1_527' title='bbox 1222 5170 1336 5232; x_wconf 88' lang='lat' dir='ltr'>preces</span> <span class='ocrx_word' id='word_1_528' title='bbox 1348 5157 1478 5217; x_wconf 87' lang='lat' dir='ltr'>nostras</span> <span class='ocrx_word' id='word_1_529' title='bbox 1489 5152 1731 5230; x_wconf 83' lang='lat' dir='ltr'>bacvicequod</span> 
     </span>
     <span class='ocr_line' id='line_1_51' title="bbox 68 5250 1728 5332; baseline -0.004 -16"><span class='ocrx_word' id='word_1_530' title='bbox 68 5250 576 5332; x_wconf 71' lang='lat' dir='ltr'>gaudismeliusexaudisses,</span> <span class='ocrx_word' id='word_1_531' title='bbox 602 5250 778 5313; x_wconf 90' lang='lat' dir='ltr'>tribuisses</span> <span class='ocrx_word' id='word_1_532' title='bbox 800 5251 878 5313; x_wconf 75' lang='lat' dir='ltr'>braic</span> <span class='ocrx_word' id='word_1_533' title='bbox 934 5253 1094 5315; x_wconf 83' lang='lat' dir='ltr'>aduersus</span> <span class='ocrx_word' id='word_1_534' title='bbox 1119 5252 1311 5328; x_wconf 87' lang='lat' dir='ltr'>precamina</span> <span class='ocrx_word' id='word_1_535' title='bbox 1340 5254 1455 5314; x_wconf 89' lang='lat' dir='ltr'>nostra</span> <span class='ocrx_word' id='word_1_536' title='bbox 1486 5267 1552 5313; x_wconf 92' lang='lat' dir='ltr'>non</span> <span class='ocrx_word' id='word_1_537' title='bbox 1581 5250 1728 5314; x_wconf 83' lang='lat' dir='ltr'>ridearis</span> 
     </span>
     <span class='ocr_line' id='line_1_52' title="bbox 67 5347 1729 5426; baseline -0.004 -12"><span class='ocrx_word' id='word_1_538' title='bbox 67 5354 207 5414; x_wconf 81' lang='lat' dir='ltr'>nostrae</span> <span class='ocrx_word' id='word_1_539' title='bbox 223 5349 295 5425; x_wconf 88' lang='lat' dir='ltr'>spei</span> <span class='ocrx_word' id='word_1_540' title='bbox 322 5348 556 5410; x_wconf 89' lang='lat' dir='ltr'>certitudinem</span> <span class='ocrx_word' id='word_1_541' title='bbox 579 5348 776 5424; x_wconf 92' lang='lat' dir='ltr'>pleniorem,</span> <span class='ocrx_word' id='word_1_542' title='bbox 794 5355 827 5410; x_wconf 89' lang='lat' dir='ltr'>et</span> <span class='ocrx_word' id='word_1_543' title='bbox 837 5349 878 5409; x_wconf 92' lang='lat' dir='ltr'>ad</span> <span class='ocrx_word' id='word_1_544' title='bbox 933 5366 1032 5411; x_wconf 87' lang='lat' dir='ltr'>aures</span> <span class='ocrx_word' id='word_1_545' title='bbox 1048 5352 1081 5411; x_wconf 91' lang='lat' dir='ltr'>et</span> <span class='ocrx_word' id='word_1_546' title='bbox 1094 5350 1242 5411; x_wconf 89' lang='lat' dir='ltr'>animum</span> <span class='ocrx_word' id='word_1_547' title='bbox 1258 5349 1464 5420; x_wconf 80' lang='lat' dir='ltr'>obfirmasse,</span> <span class='ocrx_word' id='word_1_548' title='bbox 1480 5348 1564 5426; x_wconf 87' lang='lat' dir='ltr'>quod</span> <span class='ocrx_word' id='word_1_549' title='bbox 1577 5347 1729 5410; x_wconf 90' lang='lat' dir='ltr'>nonadi-</span> 
     </span>
     <span class='ocr_line' id='line_1_53' title="bbox 67 5443 1729 5528; baseline -0.004 -16"><span class='ocrx_word' id='word_1_550' title='bbox 67 5444 319 5528; x_wconf 83' lang='lat' dir='ltr'>porrigendum</span> <span class='ocrx_word' id='word_1_551' title='bbox 335 5445 421 5507; x_wconf 87' lang='lat' dir='ltr'>alias</span> <span class='ocrx_word' id='word_1_552' title='bbox 440 5443 499 5524; x_wconf 88' lang='lat' dir='ltr'>(i),</span> <span class='ocrx_word' id='word_1_553' title='bbox 524 5460 597 5506; x_wconf 91' lang='lat' dir='ltr'>cum</span> <span class='ocrx_word' id='word_1_554' title='bbox 618 5460 673 5509; x_wconf 91' lang='lat' dir='ltr'>res</span> <span class='ocrx_word' id='word_1_555' title='bbox 696 5461 878 5523; x_wconf 81' lang='lat' dir='ltr'>exposcere</span> <span class='ocrx_word' id='word_1_556' title='bbox 933 5464 1005 5509; x_wconf 89' lang='lat' dir='ltr'>mas</span> <span class='ocrx_word' id='word_1_557' title='bbox 1021 5447 1116 5509; x_wconf 91' lang='lat' dir='ltr'>nobis</span> <span class='ocrx_word' id='word_1_558' title='bbox 1136 5447 1291 5509; x_wconf 79' lang='lat' dir='ltr'>fiduciam</span> <span class='ocrx_word' id='word_1_559' title='bbox 1317 5446 1499 5507; x_wconf 90' lang='lat' dir='ltr'>decaetero</span> <span class='ocrx_word' id='word_1_560' title='bbox 1521 5447 1553 5508; x_wconf 90' lang='lat' dir='ltr'>te</span> <span class='ocrx_word' id='word_1_561' title='bbox 1577 5444 1729 5523; x_wconf 90' lang='lat' dir='ltr'>rogandi,</span> 
     </span>
    </p>
   </div>
   <div class='ocr_carea' id='block_1_6' title="bbox 110 5646 804 5723">
    <p class='ocr_par' dir='ltr' id='par_1_6' title="bbox 110 5646 804 5723">
     <span class='ocr_line' id='line_1_54' title="bbox 110 5646 804 5723; baseline -0.004 -16"><span class='ocrx_word' id='word_1_562' title='bbox 110 5650 158 5723; x_wconf 81' lang='lat' dir='ltr'>(i)</span> <span class='ocrx_word' id='word_1_563' title='bbox 189 5646 265 5706; x_wconf 75' lang='lat' dir='ltr'>t&#39;ide</span> <span class='ocrx_word' id='word_1_564' title='bbox 280 5662 377 5720; x_wconf 71' lang='lat' dir='ltr'>surpra.</span> <span class='ocrx_word' id='word_1_565' title='bbox 393 5646 440 5704; x_wconf 89' lang='lat' dir='ltr'>lib.</span> <span class='ocrx_word' id='word_1_566' title='bbox 456 5649 531 5716; x_wconf 78' lang='lat' dir='ltr'>l&#39;lll,</span> <span class='ocrx_word' id='word_1_567' title='bbox 546 5648 627 5721; x_wconf 82' lang='lat' dir='ltr'>epist.</span> <span class='ocrx_word' id='word_1_568' title='bbox 644 5648 679 5706; x_wconf 82' lang='lat' dir='ltr'>db</span> <span class='ocrx_word' id='word_1_569' title='bbox 696 5655 723 5705; x_wconf 86' lang='lat' dir='ltr'>ct</span> <span class='ocrx_word' id='word_1_570' title='bbox 745 5648 804 5705; x_wconf 74' lang='lat' dir='ltr'>aaa.</span> 
     </span>
    </p>
   </div>
   <div class='ocr_carea' id='block_1_7' title="bbox 0 0 1970 6205">
    <p class='ocr_par' dir='ltr' id='par_1_7' title="bbox 0 0 1970 6205">
     <span class='ocr_line' id='line_1_55' title="bbox 0 0 1970 6205; baseline 0 0"><span class='ocrx_word' id='word_1_571' title='bbox 0 0 1970 6205; x_wconf 95' lang='lat' dir='ltr'> </span> 
     </span>
    </p>
   </div>
  </div>
 </body>
</html>
