4014 6224
1153 185 1165 221 Ι

132 315 181 378 28³
744 314 974 379 aristeum.
996 315 1076 379 tta.
1099 314 1154 377 VI.
1715 315 1775 373 134

131 473 360 551 submissas
374 472 652 551 postulationibus
666 473 847 537 elementer
861 486 924 534 an·
977 472 1088 534 slones
1106 470 1251 544 auterre,
1276 468 1404 534 ablatas
1427 471 1585 542 retinere,
1608 471 1773 544 minuere,

135 571 259 634 ammas
273 572 309 635 et
330 570 508 648 praelatum
535 570 774 633 monasterium
799 570 835 633 ia
858 582 924 646 qno
978 584 1039 630 seu
1057 567 1260 647 quibuslibet
1278 568 1514 630 vexationibus
1539 568 1692 643 langare,
1715 567 1775 630 sed

133 669 239 731 (ιιιιιιο
253 667 336 729 estis
350 666 509 744 obsequio
526 667 735 743 mancipate,
752 666 794 729 ad
809 681 925 728 exem·
978 665 1090 727 omnia
1113 662 1249 747 *integre
1281 667 1520 726 conserventur
1550 680 1681 737 earum,
1712 681 1773 743 pro

133 766 203 843 piar
216 763 323 826 ieliois
337 763 580 826 recordationis
594 762 777 826 Alexandri
798 764 832 825 et
850 764 925 823 Cte-
979 777 1119 839 quarum
1131 761 1373 837 gubernatione
1386 777 1425 824 ao
1436 762 1677 824 sustentatione
1690 778 1774 824 oon·

133 860 740 939 lestiaipreedeoessorumnostrorum
753 862 924 922 Romano·
978 873 1073 921 cesse
1098 860 1178 921 sunt
1212 856 1327 919 usibus
1360 859 1560 921 omnimodis
1585 859 1772 937 protutura,

133 972 204 1023 rum
217 958 412 1037 pontificum
436 957 497 1019 suh
522 956 612 1021 beati
635 956 727 1019 Petri
751 956 785 1018 et
809 957 924 1019 nostra
979 955 1072 1017 selva
1086 954 1392 1032 sedisapostolicae
1417 957 1624 1030 auctoritate,
1640 959 1672 1019 et
1687 960 1773 1019 Cas-

132 1056 332 1136 promotione
347 1054 558 1133 suscipimus,
575 1054 610 1116 et
622 1053 796 1131 praesentis
807 1051 924 1139 scripti
979 1053 1122 1113 sinensis
1140 1053 1335 1114 monasterii
1350 1040 1460 1114 debita
1470 1054 1602 1130 justitia
1622 1055 1654 1115 et
1671 1069 1772 1115 reve-

133 1153 306 1232 privilegio
319 1151 574 1215 communimus.
589 1152 777 1213 statuentes
785 1152 822 1213 ut
830 1160 925 1227 quas·
978 1151 1097 1211 rectia.
1112 1151 1221 1228 Siqua
1233 1149 1534 1225 igituriniuturim
1543 1151 1774 1214 ecclesiastica

132 1260 274 1328 eumque
308 1249 549 1327 possessiones,
587 1258 806 1325 quacumque
837 1246 924 1309 bona
979 1247 1193 1309 saecularisve
1209 1252 1352 1323 persona
1367 1246 1593 1308 harenostree
1608 1248 1773 1310 constitus

132 1348 218 1410 idem
242 1347 491 1408 monasterium·
510 1345 548 1406 in
563 1345 818 1422 praesentiarum
835 1347 925 1422 juste
979 1343 1081 1406 tionis
1096 1343 1251 1420 peginam
1273 1346 1394 1406 sciens
1407 1346 1524 1414 eontra
1547 1359 1620 1405 eam
1647 1347 1773 1407 temore

132 1444 334 1507 etmnonioe
347 1442 505 1520 possidet,
513 1442 616 1505 autin
627 1441 776 1504 futurum
786 1454 926 1503 conoes—
978 1441 1096 1503 venire
1119 1440 1309 1512 tentaverit,
1336 1440 1485 1502 seeundo
1516 1440 1659 1504 tertiove
1681 1456 1776 1503 com·

131 1538 926 1618 sionepontiticum,largitioneregum,velprin-
979 1537 1115 1609 monita,
1131 1537 1200 1599 nisi
1225 1538 1355 1599 reatum
1375 1554 1472 1599 suum
1497 1554 1646 1614 congrua
1668 1538 1775 1601 setis·-

131 1635 436 1716 cipum,0blatione
455 1636 615 1708 bdelium,
641 1651 702 1697 sen
730 1635 808 1697 aliis
824 1635 925 1713 justis
979 1632 1122 1696 hebone
1142 1635 1345 1707 eorrexerit,
1366 1635 1540 1712 potestatis
1570 1635 1775 1713 honorisque

131 1734 246 1805 modis,
264 1733 444 1809 praestante
456 1733 607 1804 Domino,
621 1732 745 1809 poterit
765 1730 922 1809 adipisci,
979 1732 1033 1792 sui
1047 1730 1344 1808 dignitatecereat,
1357 1732 1637 1809 reamquedlvino
1645 1733 1774 1811 judicio

130 1829 528 1906 maerebisethisquae
537 1828 923 1906 postvossuooessoriat,
979 1828 1126 1905 existere
1137 1828 1182 1890 de
1194 1830 1383 1906 perpetrate
1391 1829 1568 1906 iniquitate
1582 1832 1774 1908 cognoscat,

129 1932 163 1991 et
175 1927 316 1990 illabata
328 1927 556 2003 permaneant,
570 1926 605 1988 in
620 1925 741 2003 quibus
756 1925 829 1987 baec
844 1940 922 2002 pro·
979 1928 1012 1989 et
1023 1942 1050 1988 a„
1059 1926 1287 1994 saeratissimo
1301 1942 1440 2004 corpore
1449 1927 1483 1989 et
1496 1928 1659 2004 sanguino
1669 1928 1729 1991 Dei
1740 1930 1776 1991 et

129 2024 376 2104 priisduximus
391 2022 926 2100 exprimendcvooabulis.Eocle-
979 2021 1369 2101 bominlfiledemptoris
1404 2025 1512 2086 nostri
1540 2027 1621 2087 iesu
1647 2025 1774 2087 Christi

128 2122 214 2184 siam
234 2122 348 2184 Sancti
366 2121 436 2183 Viti
450 2136 525 2181 cum
543 2119 697 2182 omnibus
714 2120 925 2197 pertinentiis
980 2121 1091 2183 aliena
1104 2120 1172 2190 liat,
1189 2120 1289 2198 atque
1303 2120 1338 2182 in
1355 2123 1506 2190 extremo
1522 2122 1677 2183 examine
1698 2123 1774 2185 dis-

127 2218 210 2289 suis,
236 2217 414 2279 ecstasim
441 2218 476 2277 S.
492 2216 657 2278 iohannis
683 2216 725 2277 de
751 2216 925 2277 Camerata
978 2218 1086 2280 tricies
1124 2218 1244 2280 ultioni
1282 2218 1463 2295 subiaceat.
1496 2219 1630 2287 Cunctis
1663 2222 1775 2281 autem

128 2331 204 2377 cum
218 2314 429 2391 pertinentiis
443 2313 532 2389 suis;
551 2316 608 2390 jus
632 2312 718 2389 puori
740 2311 870 2375 habetis
888 2312 926 2373 in
980 2313 1087 2376 eidem
1101 2313 1174 2376 loco
1187 2326 1248 2376 sua
1258 2317 1337 2392 jura
1350 2314 1561 2377 servantibus
1575 2316 1619 2378 sit
1633 2332 1699 2393 pax
1711 2319 1773 2377 Do·

127 2411 271 2474 ecclesa
287 2410 485 2482 sanarem
499 2420 573 2488 quse
584 2409 835 2481 estinElereto,
849 2425 924 2471 me·
979 2410 1061 2472 mini
1086 2412 1196 2473 nostri
1208 2414 1289 2474 iesu
1314 2412 1450 2485 Christi,
1474 2414 1637 2490 quewnus
1663 2415 1697 2474 et
1719 2412 1774 2475 hic

126 2509 287 2571 dietawm
302 2507 508 2570 oblationum
533 2507 569 2568 in
589 2507 741 2569 ecclesiis
762 2508 864 2569 castri
883 2506 925 2569 de
980 2505 1123 2570 fructum
1138 2506 1233 2570 bonae
1253 2509 1396 2571 actionis
1419 2510 1667 2586 peramanter
1686 2510 1775 2587 apua

128 2605 325 2668 Tulliacotio
354 2605 389 2666 in
420 2604 687 2667 solemnitatibus
720 2605 862 2666 Paschae
892 2606 926 2667 et
979 2604 1166 2667 districtum
1186 2606 1335 2684 judicem
1361 2607 1499 2684 premia
1523 2610 1657 2670 eterne
1681 2608 1774 2685 pacis

127 2702 260 2766 Natalis
276 2702 419 2774 Domini,
435 2703 469 2765 et
490 2701 701 2764 medietatem
725 2701 766 2763 de
780 2700 925 2763 oblatio-
978 2702 1166 2764 montani.
1182 2706 1298 2778 Amen,
1317 2707 1434 2775 Amen,
1449 2707 1563 2764 Amen.

127 2799 454 2872 nibusmortuorum,
469 2799 676 2876 sepulturam
688 2799 926 2876 majornmho-
1021 2800 1089 2874 Ego
1107 2800 1286 2872 Honorius,
1301 2799 1483 2861 Catholicis
1497 2800 1655 2905 Ecclesiae
1679 2801 1773 2878 epis-

128 2899 258 2959 minum
276 2894 409 2973 praeiati
428 2894 561 2958 castris
592 2897 803 2973 sepulturam
828 2896 923 2959 Pedii
981 2910 1096 2972 copus,
1113 2896 1285 2972 suscripsi

127 2992 263 3054 Butarae
278 3007 353 3052 oum
367 2991 543 3053 medietate
558 2990 763 3053 oblationum
777 2992 926 3052 mortuo·
1019 2995 1088 3067 Ego
1103 2995 1210 3067 lingo,
1223 2992 1408 3055 Hostiensis
1419 2992 1453 3055 et
1461 2993 1679 3055 velletrensis
1689 2994 1775 3072 epis

128 3102 220 3150 ram
232 3087 384 3149 Decimae
410 3086 687 3159 molendinorum,
702 3103 775 3163 quae
792 3087 925 3148 suntin
981 3102 1083 3164 copus
1097 3088 1269 3165 suscripsi.

127 3185 220 3248 salle
241 3185 300 3245 SS
315 3185 452 3257 Cosmae,
467 3184 500 3246 et
523 3181 688 3255 hamieni,
713 3183 779 3246 et
769 3199 807 3245 m
829 3183 925 3246 alveo
1019 3187 1088 3260 ligo
1114 3186 1220 3247 Guido
1246 3186 1474 3249 Praenestinus
1500 3187 1676 3265 episcopus
1697 3196 1774 3250 sus-

126 3296 203 3355 suo,
219 3279 314 3343 salve
336 3281 563 3342 moderatione
581 3281 721 3343 concilii
743 3280 923 3356 massalis,
979 3281 1094 3360 oripsi.

126 3377 404 3455 miginmmodios
415 3377 666 3441 sementaricios
677 3378 788 3450 terrae,
796 3377 923 3450 vineas,
1020 3383 1088 3458 Ego
1107 3384 1187 3455 iao,
1213 3381 1359 3445 etune.
1390 3382 1579 3446 Marcellini
1599 3383 1774 3461 presbyter

126 3476 249 3548 tems,
261 3474 521 3553 sylvasdomos,
536 3475 703 3538 casularia
714 3475 831 3552 quoein
843 3488 927 3552 proe·
981 3477 1072 3539 card.
1090 3495 1135 3540 ss.

126 3571 218 3635 dicto
228 3573 340 3634 castro
353 3571 494 3642 hebetis,
508 3572 573 3635 duo
588 3572 790 3640 molendina,
805 3572 925 3648 viginti
1018 3577 1086 3651 Ego
1105 3575 1303 3652 Stephanus,
1322 3576 1398 3638 tit...
1415 3575 1588 3655 presbyter
1608 3576 1698 3638 card.
1726 3594 1770 3639 ss.

125 3669 213 3733 duos
238 3669 340 3747 pedes
366 3670 542 3742 terrerum,
566 3670 607 3733 de
630 3668 751 3747 quibus
774 3669 925 3731 homines
1019 3673 1087 3747 Ego
1097 3671 1252 3745 Thomas,
1266 3671 1355 3735 tituli
1368 3672 1499 3735 Sanctae
1517 3672 1648 3734 Sabinae
1660 3672 1770 3749 presb.

124 3767 235 3831 vestri
249 3767 446 3829 monasterii
458 3768 536 3831 sunt
550 3766 725 3839 infeudati,
747 3764 924 3829 ecclesiam
980 3765 1071 3829 card.
1083 3784 1128 3829 ss.

124 3866 162 3927 S.
173 3864 293 3946 Marisa
303 3863 543 3925 desorboeum
553 3863 706 3926 omnibus
716 3863 925 3941 pertinentiis
1018 3867 1087 3941 Ego
1099 3867 1255 3938 ioannes,
1270 3864 1320 3928 tit.
1338 3868 1468 3927 Sanotae
1483 3864 1645 3928 Praxedis
1657 3866 1768 3943 presb.

123 3963 211 4032 suis,
224 3960 437 4023 medietatem
448 3961 545 4022 molae
557 3963 591 4022 S.
603 3961 733 4032 Donati,
747 3960 927 4038 aquaeduc-
980 3960 1069 4022 card.
1085 3956 1132 4022 ss.

123 4061 198 4121 tum
213 4059 251 4120 in
262 4058 351 4120 velle
366 4058 406 4120 de
418 4058 612 4120 Talliaootio
627 4074 704 4121 cum,
715 4057 925 4135 pertinentiis
1019 4060 1087 4134 ligo
1102 4057 1270 4127 Octavius,
1285 4059 1343 4120 ss.
1361 4057 1469 4134 Sergii
1491 4058 1524 4121 et
1539 4058 1661 4121 Bacchi
1683 4058 1769 4121 dieo.

123 4156 211 4229 suis,
220 4155 544 4231 medietatemsylvae
552 4156 670 4232 capitis
679 4171 785 4232 eques,
797 4155 924 4232 sylvam
980 4154 1071 4217 card.
1089 4168 1133 4216 ss.
1610 4238 1614 4241 -

122 4253 171 4315 de
180 4251 269 4315 colle
278 4252 406 4313 decoci
416 4262 561 4329 persuos
572 4252 743 4314 terminos.
757 4253 924 4314 Praeterea
1019 4252 1086 4329 ago
1113 4252 1313 4329 Reynerius,
1344 4253 1377 4313 S.
1404 4252 1519 4314 Mariae
1534 4251 1570 4314 in
1595 4253 1771 4315 cosmedin

122 4349 368 4412 refutationem
402 4363 514 4410 coram
545 4349 704 4426 predicto
734 4348 924 4411 Alexandro
979 4348 1234 4411 diaconites

122 4447 378 4524 praedecessore
390 4447 504 4507 nostro
518 4447 726 4523 promissam,
744 4456 843 4523 quern
863 4461 926 4508 no-
1018 4449 1086 4523 ligo
1106 4449 1285 4518 Romanus,
1303 4447 1336 4506 S.
1357 4445 1474 4523 angeli
1494 4446 1579 4508 diac.
1607 4448 1698 4509 card.
1723 4460 1768 4510 ss.

121 4542 206 4605 bilis
235 4544 293 4605 sir
314 4542 577 4605 Bartholomaeus
606 4543 647 4604 de
672 4543 858 4607 Tulliaeoao
884 4543 924 4605 de
1017 4543 1262 4621 EgoAEgidius,
1273 4544 1330 4604 SS
1339 4545 1464 4605 cosmae
1478 4544 1768 4651 etDamianidiac.

121 4641 244 4717 pravis
256 4640 563 4712 consuetudinibus
580 4654 663 4717 quas
683 4656 704 4701 a
722 4640 833 4703 vestro
848 4654 924 4701 mo·
979 4639 1068 4700 card.
1087 4655 1132 4701 ss

121 4737 282 4799 matario
303 4734 461 4811 exigebat
473 4751 586 4797 coram
602 4736 753 4813 personis
774 4735 924 4812 pluribus
1018 4738 1086 4812 Ego
1100 4736 1228 4810 Petrus,
1244 4738 1277 4798 S.
1294 4735 1611 4812 Georgiiadvelum
1624 4741 1769 4803 Aureum
1804 4769 1810 4775 -

121 4832 219 4905 iecit,
229 4833 387 4895 semmei
401 4831 529 4893 firmem
544 4831 716 4904 habentes,
728 4832 925 4895 auctoritate
979 4831 1065 4894 diac.
1081 4833 1171 4895 card.
1188 4848 1234 4895 ss.

119 4928 324 5006 apostoliea
332 4927 546 5005 prohibemus
558 4944 702 5005 nequas
713 4929 926 4991 consuetudi
1017 4931 1136 4991 Datum
1150 4930 1283 4992 verulis
1298 4944 1358 5007 per
1374 4945 1508 4991 manum
1529 4931 1634 5004 Willi,
1651 4933 1685 4993 S.
1702 4933 1771 4992 Ro-

118 5038 187 5089 nes
207 5027 305 5103 ipsas
319 5024 408 5086 idem
427 5025 689 5087 Bartholomaeus
705 5026 757 5088 vel
775 5026 925 5088 heredes
979 5041 1086 5088 manae
1121 5027 1278 5091 Eccleshe
1312 5027 1591 5100 vicecancellarii,
1617 5029 1662 5087 lll
1689 5042 1768 5088 non.

117 5126 201 5199 ejas
215 5123 335 5199 aliquo
350 5123 500 5199 tempore
522 5123 555 5184 in
576 5122 812 5185 monasterium
826 5138 926 5185 exer·
979 5122 1107 5200 aprilis,
1134 5123 1205 5184 ind
1232 5125 1288 5194 lx,
1316 5124 1563 5185 incarnationis
1589 5123 1788 5209 Dominicae,

118 5237 206 5283 cere
220 5223 440 5298 praesumant
462 5220 677 5282 lleoernlmus
697 5236 776 5296 ergo
791 5220 925 5283 utnulll
980 5232 1068 5282 anno
1088 5220 1277 5291 Messall,
1299 5220 1510 5297 ponhlicatus
1537 5234 1616 5281 vero
1644 5219 1769 5282 domini

117 5318 268 5380 omnino
288 5315 461 5378 hominum
478 5316 578 5379 liceat
597 5317 773 5394 prelatum
787 5332 926 5379 monas·
980 5317 1118 5379 Ηοιιοιιι
1130 5332 1224 5416 papea
1240 5318 1285 5379 III
1298 5318 1501 5379 annosexto.

117 5415 254 5477 terium
269 5414 394 5477 temere
409 5412 614 5489 perturbare,
631 5415 690 5476 aut
703 5416 775 5529 ejus
789 5429 925 5489 posses-
