3930 6206
134 278 192 341 621

135 435 214 499 terii
239 451 283 498 ex
306 436 412 499 altera
427 436 629 509 vertebatur,
658 437 848 498 invenimus
871 451 931 513 pro

135 533 329 610 patriarcha
369 533 562 609 probatum,
586 534 674 611 quod
708 534 933 610 recipiebatur

134 632 269 708 inipso
295 630 498 692 monasterio
528 631 820 706 processionaliter
856 648 930 692 cum

134 727 286 799 incenso,
304 743 391 804 aqua
401 727 584 799 benedicta,
597 728 745 799 uticona,
758 728 790 789 et
799 727 930 803 quando

133 824 367 887 revertebatur
380 841 399 886 a
423 825 534 886 Gradu
547 824 764 900 pulsabantur
774 823 820 884 ibi
835 840 930 885 cam-

134 938 245 1000 panae,
281 922 368 985 sicut
392 922 425 983 in
449 923 526 983 aliis
546 922 698 984 ecclesiis
720 921 876 992 civitatis,
899 923 932 982 et

135 1020 223 1098 quod
253 1019 357 1081 abbas
380 1020 576 1096 quandoque
602 1020 663 1082 ivit
697 1019 739 1080 ad
768 1019 930 1095 synodum

133 1118 340 1195 patriarchas
363 1116 604 1195 quinquaginta
633 1117 756 1178 solidos
787 1119 932 1195 Veneto-

133 1216 416 1294 rum„minorum,
437 1218 471 1277 et
494 1231 553 1291 per
570 1214 682 1292 plures
697 1230 804 1276 annos
818 1213 931 1275 exsol-

131 1329 229 1375 vens.
258 1312 436 1374 Probatum
460 1327 539 1373 vero
553 1327 613 1388 pro
629 1312 785 1388 episcopo
799 1312 931 1373 inveni-

132 1413 201 1482 tur,
229 1409 316 1486 quod
342 1409 489 1486 ejusdem
509 1408 704 1470 monasterii
723 1407 931 1471 confirmavit

132 1506 273 1568 abbates
293 1505 349 1583 qui
369 1505 401 1565 ei
416 1504 638 1567 obedientiam
661 1505 694 1565 et
708 1504 930 1567 reverentiam

132 1604 386 1681 impenderunt3
406 1601 543 1664 abbates
567 1602 667 1663 etiam
691 1601 837 1678 eJusdem
859 1618 931 1662 mo-

133 1700 276 1762 nasterii
300 1699 341 1760 ad
359 1697 503 1776 synodos
528 1698 707 1760 veniebant
726 1698 883 1776 episcopi,
898 1700 931 1761 et

130 1797 235 1869 idem,
258 1797 299 1858 ad
323 1797 499 1873 exsequias
519 1797 690 1868 invitatus,
707 1796 931 1873 recipiebatur

131 1894 429 1972 processionaliter
443 1909 518 1955 oum
534 1893 743 1955 solemnitate
759 1893 927 1971 praedicta,

131 2006 175 2053 ac
195 1990 352 2052 similiter
371 1990 531 2052 invitatus
542 1991 578 2051 in
593 1990 677 2053 festo
695 1991 785 2052 beati
796 1991 930 2066 Georgii

132 2089 389 2166 procurationes
413 2087 547 2159 ibidem,
564 2103 661 2165 quem
680 2088 716 2149 in
729 2088 853 2149 barcba
869 2103 930 2148 sua

133 2187 170 2248 in
194 2186 279 2248 festo
301 2185 543 2263 purificationis
566 2185 671 2247 beatae
686 2186 835 2262 Virginis
849 2201 931 2246 con-

131 2272 312 2345 ducebant
329 2286 410 2344 Cum
425 2283 536 2344 autem
556 2283 591 2343 in
606 2283 660 2344 bis
675 2284 781 2360 primo
797 2298 930 2359 posses-

130 2382 226 2444 sorio
241 2382 371 2458 egerint
384 2380 587 2458 patriarcba,
604 2381 637 2442 et
658 2381 832 2457 episcopus
855 2395 929 2440 me-

130 2480 269 2552 morati,
288 2494 350 2541 nos
363 2494 423 2540 eos
442 2479 483 2539 ad
499 2478 754 2555 possessionem,
772 2478 824 2538 vel
835 2477 929 2554 quasi

130 2577 343 2640 restituimus
358 2576 602 2652 praedictorum.
616 2578 738 2636 Verum
754 2576 832 2651 quia
851 2575 930 2636 hinc

130 2675 214 2737 inde
240 2674 396 2751 petitorio
422 2673 640 2734 nibilominus
674 2673 783 2733 actum
807 2672 878 2743 luit,
899 2674 931 2734 et

132 2774 279 2849 utraque
294 2787 371 2848 pars
387 2771 492 2832 totum
509 2786 605 2831 suum
613 2772 669 2847 jus
683 2769 813 2831 videtur
827 2770 861 2830 in
873 2772 931 2846 ju-

131 2871 261 2932 dicium
278 2869 467 2941 deduxisse,
480 2883 541 2929 nos
551 2868 633 2929 visis
649 2867 929 2943 praedecessorum

131 2967 327 3029 nostrorum
347 2964 543 3043 privilegiis,
563 2964 802 3025 monasterium
821 2964 929 3039 ipsum

130 3066 175 3127 de
191 3063 335 3125 fratrom
350 3063 538 3124 nostrorum
554 3061 694 3122 consilio
706 3060 846 3121 liberum
857 3076 930 3121 esse

130 3162 358 3229 decernimus,
375 3160 408 3221 et
426 3160 615 3220 immediate
627 3158 668 3219 ad
683 3161 864 3220 Romanam
873 3159 931 3218 lic-

130 3260 274 3322 clesiam
300 3258 469 3335 pertinere
484 3277 493 3316 ε
511 3255 593 3317 illud
618 3256 653 3315 in
681 3253 873 3332 praemissis,
898 3255 932 3315 et

130 3357 224 3429 aliis,
242 3371 317 3433 quae
332 3354 610 3432 jnrisdictionem,
637 3351 670 3413 et
691 3350 930 3427 subjectionem

129 3453 333 3531 respiciunt,
373 3451 414 3512 ab
442 3449 650 3527 impetitione
674 3447 837 3508 dictorum
858 3463 930 3524 <pa-

130 3551 294 3615 triarchae
322 3565 362 3611 ac
386 3548 532 3625 episcopi
553 3545 773 3614 absolventes,
790 3560 856 3605 non
870 3543 931 3605 ob-

130 3649 246 3714 stante
260 3647 470 3723 possessione
483 3644 573 3705 circa
593 3642 750 3718 praedicta
765 3640 903 3717 probata
920 3663 927 3700 :

130 3764 212 3809 cum
240 3761 306 3807 non
334 3741 509 3805 docuerint
526 3757 562 3801 se
576 3740 669 3801 tanto
685 3741 833 3815 tempore
847 3739 929 3800 talia

130 3843 338 3923 percepisse,
365 3839 451 3917 quod
473 3854 534 3916 per
554 3839 617 3898 boc
638 3836 802 3897 libertatis
830 3834 931 3898 fuerit

131 3937 323 4019 privilegiis
344 3936 548 4011 derogatum.
575 3936 797 3995 Reservamus
820 3933 929 3993 autern

129 4040 292 4116 episcopo
306 4032 475 4112 praedicto,
500 4047 573 4108 quae
589 4030 653 4091 sibi
668 4031 758 4091 circa
771 4030 927 4102 chrisma,

130 4136 247 4197 oleum
273 4134 434 4202 sanetum,
463 4128 689 4191 ordinationes
718 4127 928 4198 clericorum,

130 4234 166 4295 et
179 4230 332 4308 quaedam
347 4229 414 4289 alia
427 4228 462 4287 in
475 4226 600 4287 eisdem
609 4224 793 4301 privilegiis
806 4225 930 4300 specia-

130 4329 213 4390 liter
220 4325 446 4388 reservantur.
461 4323 509 4384 lld
525 4323 596 4383 baeo
606 4338 680 4384 cum
693 4321 733 4382 de
749 4321 929 4397 premissis

736 277 963 339 EPISTOLAE.
987 277 1065 338 LlB.
1088 279 1173 339 Vlll.

1313 447 1450 534 CCVII

1019 591 1071 649 Ad
1084 590 1241 650 abbatem
1254 591 1288 651 et
1299 593 1457 664 priorem
1471 590 1743 651 sanctificaberis·

1113 687 1146 747 ct
1160 687 1338 748 curatorem
1353 691 1648 748 cameracensem.

1288 808 1382 866 lmaii
1398 808 1476 867 liat.

1123 915 1243 979 [illisus
1259 915 1339 978 Opem
1355 914 1499 979 diplomat,
1513 916 1555 973 ΙΙΙ,
1570 914 1638 979 387.]

986 1019 1135 1078 Sororibus
1149 1021 1177 1077 S.
1193 1020 1301 1078 Nicolsi
1315 1020 1477 1093 regularem
1490 1019 1616 1078 habitum
1633 1020 1776 1079 licentiam

1311 1108 1451 1167 concedit.

1019 1217 1776 1294 Honorius,etc.,dilectlsllliisabbatietpriori

986 1314 1774 1382 S.AubertieteantoriCameracensi,salutem...

1025 1412 1160 1473 Dilectae
1185 1412 1220 1471 ln
1240 1412 1370 1473 Christo
1393 1411 1471 1472 illias
1493 1411 1651 1487 priorissa
1667 1413 1700 1471 et
1721 1427 1777 1471 so-

984 1525 1078 1570 rores
1105 1512 1138 1570 S.
1169 1510 1299 1570 Nicolai
1326 1509 1366 1569 de
1391 1509 1519 1569 Ditiaco
1552 1507 1786 1569 atrebatensis

985 1606 1140 1668 diaecesis
1152 1606 1221 1667 suis
1231 1605 1327 1666 nobis
1338 1605 1458 1668 litteris
1470 1605 1676 1677 intimarunt,
1690 1605 1776 1680 qnod

985 1720 1060 1764 cum
1088 1704 1253 1780 hospitale
1280 1719 1464 1780 pauperum
1496 1702 1532 1763 iu
1560 1702 1676 1763 eodem
1703 1702 1776 1762 loco

983 1800 1085 1864 suerit
1100 1801 1141 1862 ab
1163 1801 1312 1877 antiquo,
1338 1816 1536 1877 sororesque
1558 1816 1631 1876 quae
1651 1814 1778 1876 paupe-

984 1898 1077 1959 ribus
1091 1897 1282 1960 serviebant
1295 1897 1429 1968 ibidem,
1446 1897 1578 1958 tandem
1593 1898 1630 1959 ut
1644 1912 1680 1956 se
1696 1911 1776 1959 are·

984 1996 1050 2058 tius
1070 1995 1191 2056 divinis
1214 1994 1382 2071 obsequiis
1402 1994 1599 2069 obligarent,
1626 1992 1775 2054 habitum

984 2092 1172 2168 regulcem
1200 2107 1240 2152 ac
1271 2091 1498 2153 institutiones
1526 2090 1653 2151 ordinis
1688 2088 1776 2149 beati

984 2190 1129 2251 Victoris
1155 2204 1326 2270 assumere
1354 2189 1553 2263 satagentes,
1587 2202 1687 2263 super
1715 2185 1778 2247 boo

985 2301 1184 2347 consensum
1198 2284 1399 2347 venerabilis
1419 2284 1532 2345 fratris
1552 2283 1657 2344 nostri
1676 2285 1801 2344 Atre-‘

984 2383 1131 2445 batensis
1152 2382 1301 2459 episcopi
1323 2381 1494 2443 humiliter
1513 2381 1688 2457 petierunt.
1713 2381 1777 2442 Sed

984 2497 1059 2542 eum
1083 2496 1149 2541 non
1174 2483 1352 2557 potuerunt
1372 2480 1582 2557 aliquatenus
1616 2478 1775 2551 obtinere,

985 2576 1050 2638 nisi
1072 2572 1292 2654 promissione
1311 2577 1464 2653 primitus
1486 2576 1549 2637 sibi
1570 2574 1667 2647 lacta,
1691 2576 1778 2652 quod

985 2675 1109 2752 absque
1133 2690 1192 2735 suo
1215 2690 1393 2745 consensu,
1416 2674 1450 2735 et
1472 2673 1606 2741 licentia
1627 2674 1774 2750 speciali,

985 2774 1111 2833 nullam
1131 2771 1195 2833 sibi
1216 2773 1252 2833 in
1276 2771 1479 2833 abbatissam
1499 2787 1558 2832 seu
1583 2772 1777 2847 priorissam

984 2869 1155 2945 eligerent,
1172 2885 1233 2931 nec
1246 2884 1394 2930 sororem
1410 2884 1472 2930 nec
1487 2883 1681 2930 conversam
1696 2868 1779 2929 reci·

984 2970 1110 3043 pereni,
1127 2966 1194 3025 nisi
1207 2981 1268 3026 suo
1284 2980 1448 3027 consensu
1462 2966 1563 3041 petito
1576 2965 1729 3040 primitus
1742 2966 1777 3027 et

984 3063 1127 3125 obtento.
1155 3065 1265 3133 Quare
1292 3061 1387 3122 nobis
1413 3061 1585 3121 humiliter
1608 3061 1778 3136 supplica-

984 3161 1072 3231 runt,
1096 3161 1132 3220 ut
1157 3174 1232 3220 cum
1255 3158 1318 3220 etsi
1342 3159 1382 3218 de
1406 3158 1486 3220 dicti
1506 3158 1653 3235 episcopi
1676 3157 1776 3219 beni-

983 3256 1110 3333 gnitate
1131 3272 1197 3316 non
1221 3255 1381 3327 dubitent,
1404 3271 1540 3317 suorum
1559 3256 1671 3316 tamen
1691 3257 1777 3317 tem-

984 3353 1120 3430 poribus
1135 3367 1365 3413 successorum
1379 3351 1515 3413 videant
1533 3368 1577 3414 ex
1595 3352 1658 3413 hoc
1674 3368 1791 3427 grave.

985 3449 1049 3510 sibi
1062 3466 1160 3527 posse
1174 3449 1383 3526 dispendium
1398 3449 1544 3520 evenire,
1565 3452 1598 3510 et
1616 3465 1779 3525 augmen-

984 3549 1055 3610 tum
1070 3548 1175 3623 ipsius
1190 3547 1255 3608 loci
1272 3547 1492 3623 spiritualiter
1505 3549 1538 3608 et
1551 3547 1779 3624 temporaliter

984 3644 1164 3721 plurimum
1179 3644 1345 3720 impediri,
1362 3643 1403 3704 ad
1415 3644 1643 3705 remittendam
1659 3645 1707 3705 eis
1718 3660 1780 3706 ne-

985 3740 1173 3803 cessitatem
1210 3740 1413 3817 hujusmodi,
1451 3756 1525 3801 cum
1553 3742 1588 3801 in
1624 3741 1777 3802 omnibus

985 3838 1061 3898 aliis
1094 3836 1158 3898 sibi
1187 3837 1293 3898 velint
1318 3836 1391 3912 lege
1416 3836 1604 3897 dioecesana
1629 3837 1775 3910 subesse,

984 3936 1094 4011 ipsum
1103 3934 1303 4010 Apostolicis
1320 3932 1474 4009 precibus
1493 3933 1650 3994 inducere
1665 3934 1779 4010 digna·

985 4047 1107 4093 remur.
1134 4033 1214 4091 Cum
1245 4045 1325 4105 ergo
1360 4046 1474 4091 earum
1510 4031 1626 4107 petitio
1653 4032 1777 4093 rationi

984 4144 1130 4190 consona
1154 4128 1318 4199 videatur,
1340 4127 1491 4188 eumdem
1511 4128 1701 4204 episcopum
1720 4144 1778 4189 ro·

984 4227 1128 4302 gandam
1146 4226 1301 4286 duximus
1315 4226 1348 4285 et
1362 4225 1573 4296 monendum,
1595 4224 1691 4285 nobis
1711 4225 1776 4286 sibi

984 4323 1100 4385 dantes
1126 4322 1246 4383 litteris
1271 4323 1304 4381 in
1331 4321 1506 4393 mandatis,
1535 4323 1571 4383 ut
1594 4320 1775 4399 episcopali

126 4424 375 4505 quinquaginta
395 4421 511 4483 solidis
536 4419 576 4480 ad
596 4417 819 4496 subjectionis
840 4418 931 4477 indi·
980 4421 1057 4495 jure
1076 4419 1112 4479 in
1137 4418 1233 4478 domo
1255 4418 1327 4495 ipsa
1354 4433 1414 4494 per
1441 4418 1552 4479 omnia
1578 4418 1642 4478 sibi
1669 4419 1774 4486 salvo,

126 4525 265 4586 citima
292 4518 483 4597 patriarcha
509 4516 554 4578 sit
576 4516 698 4587 actum,
720 4516 931 4590 persenten-
983 4515 1128 4591 eligendi
1160 4514 1223 4575 sibi
1252 4514 1446 4591 priorissam
1474 4531 1533 4576 seu
1561 4514 1773 4587 abbatissam,

124 4622 213 4684 tiam
236 4616 425 4695 hujusmodi
439 4630 506 4676 non
520 4613 708 4683 adimimus,
726 4611 754 4672 si
774 4612 841 4672 alio
851 4615 930 4688 jure
984 4614 1081 4688 prout
1106 4611 1171 4683 loci
1198 4611 1284 4672 ratio
1308 4610 1497 4687 postulabit,
1526 4628 1565 4672 ac
1593 4612 1775 4689 recipiendi

126 4718 172 4778 de
192 4713 359 4793 episcopis
381 4711 526 4789 experiri
549 4710 704 4780 voluerit,
719 4710 927 4785 potestatem.
985 4708 1088 4770 libere
1100 4723 1246 4779 sorores,
1263 4723 1453 4779 conversos,
1471 4714 1569 4785 atque
1584 4724 1773 4780 conversas,

127 4815 277 4889 Ideoque
291 4808 484 4871 discretioni
494 4809 614 4869 vestrae
625 4821 684 4882 per
695 4807 820 4882 scripta
828 4809 930 4883 Apos·
984 4806 1033 4866 eis
1043 4805 1182 4867 liberam
1193 4805 1318 4867 tribuat
1330 4806 1535 4882 potestatem,
1549 4805 1628 4866 nesi
1640 4804 1775 4866 libertas

126 4910 234 4973 tolica
256 4906 464 4976 mandamus,
487 4904 662 4982 quatenus,
686 4903 773 4980 quod
791 4919 811 4962 a
834 4902 929 4964 nobis
983 4902 1059 4963 aliis
1078 4902 1246 4977 religiosis
1261 4917 1430 4973 concessa,
1447 4903 1627 4977 denegetur
1638 4901 1773 4974 eisdem,

127 5021 235 5083 super
255 5005 319 5065 boc
335 5004 386 5064 est
402 5001 645 5064 sententialiter
669 5000 856 5071 diffinitum,
874 4999 927 5060 la·
983 5000 1076 5061 locus
1090 5015 1157 5060 non
1170 4998 1333 5074 proficiat,
1350 4999 1407 5060 sed
1428 4998 1570 5069 deliciet,
1592 4998 1726 5074 id⁴quod
1743 4998 1775 5059 ei

127 5102 242 5174 elatis,
264 5099 489 5177 appellatione
507 5097 700 5174 postposita,
725 5112 784 5174 per
807 5112 930 5157 censu·
984 5095 1101 5156 debeat
1115 5096 1282 5171 imputari.
1300 5095 1390 5167 Quod
1410 5096 1438 5155 si
1454 5095 1539 5156 forte
1558 5095 1672 5156 eontra
1687 5095 1775 5171 peti-

128 5216 207 5263 ram
217 5197 480 5260 ecclesiasticam
491 5196 631 5256 firmiter
643 5193 824 5255 observari.
838 5193 928 5264 Quod
983 5194 1107 5254 tionem
1122 5193 1281 5269 ipsarum,
1296 5196 1328 5253 et
1342 5207 1457 5268 preces
1469 5194 1600 5252 nostras
1611 5206 1711 5252 causa
1724 5206 1776 5252 ra·

128 5299 162 5358 si
190 5310 260 5357 non
288 5310 405 5355 omnes
429 5293 481 5353 bis
508 5291 727 5368 exsequendis
754 5290 928 5367 potueritis
982 5289 1154 5352 tinnabilis
1180 5289 1303 5350 dictum
1336 5289 1448 5349 tuetur
1482 5288 1684 5363 episcopum,
1719 5291 1777 5352 aut

130 5394 310 5463 interesse,
332 5391 396 5451 duo
422 5391 568 5451 vestrum
592 5388 809 5449 nibilominus
831 5402 930 5447 exse·
983 5402 1056 5447 eam
1083 5384 1179 5447 nobis
1206 5400 1265 5461 per
1299 5399 1377 5444 suas
1403 5384 1496 5443 curet
1529 5382 1658 5445 litteras
1694 5385 1776 5446 inti-

132 5491 421 5568 quantur.l)atum
436 5487 602 5558 Laterani,
619 5501 724 5546 nonas
740 5484 830 5556 maii,
846 5500 930 5560 pon·
983 5498 1086 5555 mare,
1121 5487 1179 5543 aut
1209 5482 1295 5558 quod
1320 5480 1429 5557 potius
1466 5482 1528 5561 est,
1561 5480 1609 5540 eis
1639 5482 1775 5558 petitam

130 5587 283 5650 tillcatus
297 5586 402 5647 nostri
417 5599 504 5646 anno
522 5584 649 5645 octavo.
983 5580 1181 5651 libertatem,
1202 5593 1303 5642 causa
1327 5577 1399 5653 ipsa
1422 5590 1488 5637 non
1509 5577 1671 5652 obstante,
1695 5594 1776 5640 con·
