3930 6206
100 341 162 401 717

101 514 173 561 mos
186 498 296 576 ipsius
310 501 345 563 ln
358 497 469 562 lundis
484 500 565 572 suis,
582 502 616 562 et
638 500 679 561 de
702 499 801 562 bonis
815 515 896 577 pro-

101 595 186 673 priis
202 597 243 657 ad
260 611 342 657 usus
355 612 538 673 pauperum
554 597 824 668 construxerunt,
842 596 898 657 nbi

100 709 216 770 quum,
227 693 707 765 sicutasseruntexbonissibi
718 693 849 755 collatis
857 692 898 754 ab

100 790 187 866 ipsis
198 791 429 867 temporalium
438 790 556 853 floreat
566 790 725 863 ubertate,
734 790 899 867 recipiun-

100 888 157 949 tur
172 889 243 949 tam
257 887 424 963 indigenae
438 904 537 965 qnam
557 887 707 950 extranei
722 903 896 964 pauperes,

96 986 135 1046 et
145 985 196 1046 eis
204 986 286 1046 satis
294 984 433 1046 honeste
442 986 476 1045 in
485 985 895 1061 necessariisprovidetur.

102 1083 200 1143 Unde
224 1082 391 1159 provideri
406 1098 426 1143 a
441 1081 539 1145 nobis
558 1082 730 1145 humiliter
747 1083 898 1160 postula·

101 1180 194 1251 runt,
208 1182 245 1240 ut
259 1180 369 1256 ipsum
384 1179 560 1255 hospitale,
577 1181 610 1242 et
625 1184 697 1258 ejus
715 1180 800 1241 hona
816 1196 900 1257 pau-

101 1275 239 1354 peribus
252 1276 409 1352 deputata
424 1276 456 1336 in
472 1294 552 1338 usus
565 1277 713 1338 converti
733 1277 817 1337 alins
833 1293 899 1337 nou

101 1373 287 1449 contingat.
300 1374 369 1433 Nos
379 1388 459 1449 ergo
475 1389 590 1434 eorum
604 1374 668 1451 piis
679 1374 832 1450 precibus
847 1373 902 1434 in-

101 1470 223 1531 clinati
249 1470 446 1532 auctoritate
474 1471 690 1547 praesentium
717 1471 900 1533 districtius

102 1567 306 1638 inhibemus,
320 1582 363 1628 ne
378 1567 536 1644 praedicta
551 1569 667 1629 contra
680 1568 724 1638 id,
737 1568 823 1645 quod
836 1567 898 1629 ob-

102 1665 274 1726 servatum
290 1664 341 1725 est
356 1664 527 1736 hactenus,
542 1665 685 1726 aliorum
698 1681 797 1742 quam
812 1681 899 1741 pau-

102 1761 243 1838 peribus
266 1760 382 1821 usibus
410 1761 619 1837 deputentur.
649 1762 766 1822 Latum
801 1763 901 1824 Late-

101 1858 192 1932 rani,
203 1861 235 1920 X
247 1858 409 1920 kalendas
421 1858 616 1931 decembris,
631 1874 719 1920 anno
730 1874 829 1920 nono.

395 2149 399 2157 ¹
441 2214 567 2302 xxix

152 2386 208 2446 Ad
218 2384 374 2447 abbatem
388 2384 507 2446 Snnctt
518 2384 667 2446 Martini
680 2385 722 2444 de
735 2381 854 2444 Mottte

400 2481 614 2542 Viterdtcnst.

359 2628 395 2686 ib
413 2628 546 2685 novemb.
569 2625 647 2685 luat.

330 2768 437 2835 [Bnllar.
447 2768 540 2828 vatic,
551 2769 596 2829 lll,
610 2768 678 2834 ltu]

102 2903 249 2962 Abbatem
275 2901 441 2961 monasterii
464 2903 493 2961 S.
508 2902 622 2962 llartini
650 2901 679 2958 in
705 2899 859 2969 monibus,
885 2914 901 2957 a

140 2992 378 3063 nonnullisque
397 2990 433 3048 ab
452 2990 614 3063 apostolica
639 2989 712 3048 Sede
735 2988 901 3047 demandari

141 3087 271 3153 possem,
279 3079 355 3136 curis
367 3079 476 3148 eximit,
490 3085 524 3136 ut
532 3078 620 3151 quieti
629 3083 714 3150 atque
723 3076 900 3150 contempla·

141 3167 214 3225 doni
227 3174 312 3225 vacet
325 3165 451 3223 liberius.

146 3309 316 3372 Honorius
351 3309 537 3385 episcopus,
573 3323 689 3369 seruus
730 3322 901 3368 servorum

101 3407 180 3479 Del,
197 3405 318 3467 dilecto
341 3405 410 3467 illio
429 3403 541 3466 abbati
564 3404 676 3465 Sancti
699 3403 835 3466 Martini
861 3392 925 3464 de

102 3506 223 3565 Monte
236 3501 449 3572 viterbiensi,
463 3501 604 3563 salutem
624 3502 657 3563 et
679 3500 901 3578 apostolicam

101 3599 384 3662 benedictionem.

146 3699 176 3758 A
188 3696 285 3757 nobis
302 3695 474 3756 humiliter
490 3694 678 3772 postulasti,
693 3696 730 3756 ut
742 3710 816 3756 cnm
831 3708 904 3771 pro·

102 3795 182 3872 pter
196 3792 398 3869 judiciorum
414 3792 585 3870 strepitum
597 3791 769 3867 contingat
779 3792 903 3853 sanctae

102 3890 398 3966 contemplationis
410 3889 446 3950 in
460 3889 504 3961 te,
521 3889 625 3951 otium
645 3888 811 3965 impediri,
830 3888 904 3949 exi-

103 4003 201 4050 mere
226 3988 260 4048 te
280 4002 300 4048 a
319 3986 590 4048 commissionum
619 3987 809 4046 nostrarum
830 3984 903 4044 sol-

102 4084 285 4147 licitudine
303 4082 529 4159 dignaremur.
553 4083 624 4144 Nos
641 4095 720 4157 ergo
735 4081 802 4142 tuis
819 4096 902 4157 sup-

102 4179 346 4261 plicationibus
387 4180 587 4250 annuentes,
621 4177 790 4240 devotioni
837 4179 903 4238 tuae

103 4277 309 4341 auctoritate
328 4276 543 4352 praesentium
555 4275 781 4350 indulgemus,
794 4275 832 4336 ut
845 4289 904 4350 per

103 4368 362 4437 commissiones
377 4373 519 4443 nostras,
532 4387 615 4449 quas
627 4371 668 4432 de
680 4372 800 4433 caetern
814 4371 856 4431 ad
871 4373 904 4431 te

715 340 946 405 EPISTOLAE.
969 342 1049 407 ΜΒ.
1072 342 1127 401 tx.

1300 511 1406 597 XXX

1008 660 1058 719 Ad
1074 660 1230 721 orontem
1243 660 1278 720 ct
1291 662 1498 723 conventum
1512 666 1547 725 S.
1563 666 1698 727 Nicotnt

1127 759 1168 818 de
1180 757 1303 818 Protin
1316 762 1567 823 modenensis.

1215 887 1249 943 25
1265 888 1398 946 novemb.
1419 890 1498 948 llll.

981 1006 1101 1071 [Regest.,
1123 1007 1169 1058 lib.
1179 1009 1353 1073 lX.epist.bl.
1371 1012 1428 1061 blss.
1442 1014 1563 1064 LnPnrte
1578 1014 1612 1065 dn
1626 1016 1719 1081 Theti]

955 1131 1087 1206 Indulget
1101 1132 1144 1190 eis
1158 1140 1188 1191 nt
1207 1132 1334 1192 decimas
1354 1137 1496 1194 novalium
1519 1138 1591 1197 inira
1611 1141 1749 1199 terminos

990 1222 1018 1277 in
1040 1221 1143 1292 quibus
1163 1229 1275 1280 veteres
1293 1221 1420 1281 decimas
1441 1227 1635 1299 percipiebant
1654 1229 1746 1302 perci·
1838 1228 1842 1233 ⁴

990 1322 1057 1382 pere
1070 1310 1194 1368 valeant.

995 1436 1174 1507 Honorius,
1192 1438 1267 1509 etc,
1291 1438 1421 1500 dilectis
1448 1440 1564 1501 tiliis...
1583 1441 1693 1504 abbati
1715 1444 1749 1505 et

955 1532 1132 1594 conventui
1159 1535 1271 1596 Sancti
1296 1535 1427 1596 Nicolai
1446 1536 1486 1597 de
1509 1538 1628 1610 Pratis,
1655 1542 1747 1599 Lau-

955 1627 1114 1690 dunensis
1129 1629 1293 1702 dioecesis,
1308 1632 1460 1706 salutem,
1477 1635 1539 1696 etc.

994 1725 1097 1786 Justis
1123 1728 1317 1803 petentium,
1344 1730 1419 1800 etc,
1442 1745 1550 1804 usque
1569 1732 1747 1809 complere.

955 1823 1005 1881 Ex
1030 1825 1124 1898 parte
1145 1823 1309 1900 siquidem
1333 1825 1519 1887 devotionis
1544 1829 1667 1889 vestrae
1687 1829 1750 1893 tuit

954 1917 1051 1979 uobis
1070 1918 1242 1981 humiliter
1255 1922 1488 1998 supplicatum,
1503 1926 1540 1986 ut
1560 1940 1634 1986 cum
1653 1925 1748 1987 vobis

955 2014 996 2076 de
1008 2015 1178 2077 laboribus
1188 2019 1422 2094 parochiarum
1434 2020 1651 2083 ecclesiarum
1664 2038 1749 2100 qua-

955 2111 1106 2174 rumdam
1133 2116 1321 2178 vestrarum
1345 2117 1477 2179 veteres
1496 2117 1641 2179 decimas
1665 2135 1746 2196 per-

955 2207 1066 2283 cipere
1089 2209 1134 2271 sit
1158 2226 1362 2283 concessum,
1378 2213 1473 2274 vobis
1498 2214 1659 2275 vellemus
1683 2216 1748 2277 mi-

956 2304 1170 2368 sericorditer
1183 2307 1367 2384 indulgere,
1390 2311 1425 2371 nt
1438 2310 1479 2372 de
1493 2312 1591 2372 terris
1605 2327 1679 2388 quae
1693 2313 1749 2373 iu·

956 2401 1006 2462 ira
1017 2403 1195 2479 parochias
1212 2407 1412 2467 memoratas
1427 2407 1634 2483 rediguntur,
1649 2409 1748 2470 novi-

955 2499 1006 2560 ter
1038 2500 1080 2560 ad
1116 2501 1279 2563 culturam
1317 2501 1359 2564 de
1398 2503 1604 2580 indulgentia
1634 2506 1749 2567 nostra

956 2595 1148 2658 facultatem
1164 2598 1320 2675 exigendi
1340 2600 1485 2661 decimas
1502 2600 1664 2663 habeatis.
1679 2603 1749 2663 Nos

956 2692 1059 2769 igitur
1081 2694 1202 2756 vestris
1224 2695 1352 2757 devotis
1367 2697 1520 2773 precibus
1535 2697 1699 2771 inclinati,
1713 2700 1750 2762 ut

955 2790 992 2850 in
1006 2791 1176 2866 parochiis
1189 2792 1407 2854 ecclesiarum
1422 2796 1607 2855 vestrarum
1623 2796 1658 2855 in
1674 2795 1751 2872 qui-

955 2885 1029 2959 bus,
1045 2889 1143 2965 prout
1162 2890 1316 2966 superius
1334 2891 1385 2952 est
1403 2904 1600 2967 expressum
1618 2891 1749 2953 ueteres

955 2983 1050 3046 vobis
1075 2984 1211 3046 decimae
1236 2987 1314 3047 sunt
1332 3002 1498 3047 concessae
1513 2988 1554 3048 de
1573 2986 1751 3049 novalibus

956 3095 1013 3142 eas
1022 3081 1193 3157 percipere
1203 3081 1341 3143 ualeatis
1352 3084 1549 3144 auctoritate
1561 3083 1656 3147 vobis
1668 3099 1754 3160 prae-

957 3178 1100 3238 sentium
1119 3177 1340 3254 indulgemus.
1357 3179 1448 3240 Nulli
1462 3194 1552 3256 ergo,
1569 3182 1645 3251 etc,
1662 3180 1750 3242 hanc

957 3273 1113 3351 paginam
1141 3276 1265 3336 nostrae
1296 3276 1523 3337 concessionis
1553 3276 1747 3353 intringere,

957 3371 1019 3432 etc.
1051 3370 1086 3431 Si
1113 3371 1187 3448 quis
1211 3371 1413 3444 aute1n‚etc.
1436 3373 1554 3434 Datum
1579 3374 1751 3446 Laterani,

956 3470 1017 3531 Vll
1029 3467 1190 3531 kalendas
1205 3468 1400 3543 decembris,
1417 3485 1506 3532 anno
1518 3486 1618 3533 nono.

1292 3728 1419 3814 XXXI

951 3867 1010 3937 'Ad
1023 3878 1218 3949 eptscopum
1228 3878 1481 3947 Betnncensem,
1494 3878 1532 3937 G.
1547 3879 1675 3940 Pcttret
1688 3892 1752 3939 or-

996 3974 1233 4033 clttdtucnnuna
1253 3972 1287 4033 et
1306 3973 1516 4047 magnaram
1529 3975 1751 4036 Lcunerttutz

998 4069 1201 4130 mannicum
1215 4070 1464 4130 Pnrtsteusem.

1219 4196 1400 4256 itnovemb.
1418 4198 1496 4257 lttt.
1599 4198 1603 4207 '

990 4324 1109 4386 [liegest.,
1121 4320 1167 4373 tib.
1178 4321 1222 4377 tx,
1231 4321 1308 4386 epist.
1320 4320 1361 4371 ot.
1372 4321 1430 4371 llas.
1444 4322 1567 4373 LePorio
1577 4322 1612 4372 du
1625 4322 1719 4388 thail]

958 4446 1074 4506 Mandat
1097 4446 1139 4503 eis
1157 4452 1188 4502 ut
1205 4444 1325 4502 durante
1349 4459 1485 4517 processu
1506 4446 1697 4518 inquisitionis
1711 4446 1748 4505 de

102 4470 288 4547 contigerit
305 4469 489 4547 impetrari,
505 4484 572 4529 non
593 4467 659 4529 nisi
672 4468 713 4529 de
733 4467 904 4543 indulgen-

102 4570 157 4633 tia
178 4567 369 4645 hujusmodi
390 4567 591 4627 montionem
612 4564 762 4637 fecerint,
781 4580 902 4641 proce,
925 4560 926 4565 ¹
993 4533 1096 4593 abbate
1116 4533 1212 4590 Sancti
1227 4530 1427 4605 symphoriani
1442 4533 1623 4590 Belvnceusis
1636 4535 1750 4591 nuncds

991 4628 1151 4680 conventus
1176 4618 1281 4678 iaciant
1304 4621 1334 4676 in
1355 4620 1490 4693 expensis
1508 4635 1636 4694 congrue
1651 4622 1746 4694 provi·

103 4668 189 4729 dere
204 4664 362 4727 teneauis.
378 4662 471 4724 Nulli
485 4677 565 4739 ergo
580 4664 714 4723 omnino
732 4661 903 4722 hominum
992 4709 1064 4767 deri.

101 4763 212 4825 liceat
228 4761 315 4822 hanc
336 4759 492 4837 paginam
512 4760 635 4820 nostrae
657 4758 902 4820 constitutionis
925 4806 926 4837 ι

101 4858 304 4934 intringere,
320 4857 373 4918 vel
388 4856 419 4929 ei
434 4871 520 4916 ausu
533 4855 713 4918 temerario
723 4854 900 4916 contraire.
925 4874 926 4877 ¹

105 4957 145 5018 Si
157 4955 233 5034 quis
255 4955 365 5016 autem
378 4953 441 5013 hoc
460 4952 623 5014 attentare
642 4951 900 5028 praesumpserit,
925 4986 926 4991 κ

103 5050 374 5127 indignationem
400 5048 635 5125 omnipotentis
655 5048 715 5109 Dei
729 5047 763 5109 et
783 5047 901 5109 beato-

102 5166 185 5213 rum
199 5149 291 5210 Petri
306 5149 339 5208 et
350 5145 447 5207 Pauli
461 5144 695 5221 Apostolorum
706 5147 778 5222 eius
789 5160 825 5205 se
836 5160 902 5204 no-

102 5247 200 5310 verit
212 5245 434 5307 incursurum.
451 5243 568 5303 Datum
584 5240 753 5313 Laterani,
773 5242 819 5302 III
833 5240 901 5301 kal.

103 5341 306 5415 decembris,
318 5339 529 5418 pontificatus
541 5338 647 5399 nostri
662 5352 751 5399 anuo
761 5352 862 5398 nono.

997 4834 1179 4901 Honorius,
1210 4834 1285 4907 etc„
1314 4832 1560 4895 venerabilibus
1587 4832 1682 4895 fratri
1686 4876 1747 4895 .....

957 4932 1114 5008 episcopo
1141 4929 1335 4991 Belracensi
1361 4932 1395 4991 et
1430 4933 1468 4990 G.
1491 4930 1612 4992 Peurel
1636 4930 1750 4992 archi·

958 5029 1100 5090 diacono
1120 5028 1154 5089 et
1180 5027 1341 5102 magistro
1365 5028 1570 5088 Lanrernntz
1589 5027 1750 5089 canonico

958 5123 1154 5196 Parisiensi,
1172 5124 1323 5195 salutem,
1338 5124 1371 5184 et
1393 5166 1401 5182 .

997 5222 1078 5283 Cum
1101 5219 1144 5282 ad
1167 5220 1359 5297 petitionem
1387 5219 1582 5280 dilectorum
1607 5219 1751 5280 illiorum

959 5321 1143 5380 conventus
1159 5316 1353 5379 monasterii
1370 5318 1403 5376 S.
1422 5315 1658 5395 symphoriani
1670 5317 1752 5377 Bel-

957 5414 1112 5477 vacensis
1135 5413 1229 5477 uobis
1250 5413 1440 5474 dederimus
1464 5411 1500 5472 in
1523 5412 1700 5485 mandatis,
1716 5418 1754 5477 ut

960 5513 1082 5574 demta
1105 5512 1139 5573 et
1156 5509 1323 5572 actibus...
1347 5508 1476 5571 abbatis
1490 5524 1606 5571 eorum
1621 5510 1752 5573 verita-

960 5613 1025 5671 tem
1045 5607 1187 5671 sollicite
1206 5606 1423 5683 inquirentes,
1449 5605 1536 5682 qnod
1557 5604 1753 5670 inveneritis
