4014 6224
816 226 1046 292 EPISTOLAE.
1069 227 1147 290 LIB.
1170 228 1226 291 VI.

1371 396 1510 485 LXXX

1094 549 1146 610 Aci
1158 548 1313 611 abbatem
1330 550 1372 610 cic
1390 548 1526 611 Ocuetct
1542 548 1780 611 caterniano

1209 652 1214 659 '
1364 647 1509 707 ordinis.

241 550 294 611 Ad
312 549 609 624 arcntepocopum
631 548 933 610 Mediolanensem.

396 677 465 736 Sine
478 677 563 767 signo
575 676 778 750 chronologia.

229 802 315 866 Vide
350 803 514 870 Quintam
545 801 984 877 comptmtiouem,lib.1,
1313 774 1466 848 3j⁸¹¹¹¹³f¹¹
1479 775 1557 833 ¹²²²·

191 899 241 963 tit.
257 902 288 973 8,
301 904 354 963 Dc
368 900 470 963 oetutc
484 900 519 962 et
532 900 696 975 quartam
708 901 741 962 er
753 902 875 963 ordine
886 914 985 976 prcc-
1042 896 1155 961 [emnil.
1167 896 1406 949 lesnaedenan.
1417 897 1505 950 ceren.
1517 898 1630 962 putueo,
1641 904 1660 950 t·
1670 900 1714 959 rx,
1727 914 1753 966 a·
1765 899 1834 967 ¹⁸5]

187 998 429 1072 mmm
445 997 468 1058 t·
484 998 511 1066 1³
527 996 589 1059 ⁰⁰¹·
604 998 672 1060 148·
1041 1021 1157 1081 Mandat
1171 1029 1203 1081 ut
1214 1021 1456 1081 audiantceuaam
1472 1024 1545 1087 inter
1556 1032 1728 1083 conventum
1743 1026 1833 1084 Ceuc-

230 1093 879 1170 P⁰ffl1³⁸td0⁰ff⁰¹⁸0³iguitfflr0ssiuffl
899 1093 985 1172 ΨΜ
1076 1112 1114 1168 tel
1136 1125 1173 1169 er
1193 1126 1249 1169 una
1270 1120 1359 1183 parte,
1387 1119 1416 1169 et
1442 1111 1639 1171 bleiubnrdum
1664 1113 1770 1172 laicum
1798 1129 1835 1172 ex

188 1190 338 1253 affirmat
351 1192 407 1268 agi
427 1191 463 1252 in
486 1190 551 1252 bac
572 1191 736 1252 Decretali
759 1195 810 1252 Dc
831 1194 986 1266 episcopo
1077 1199 1175 1270 altera,
1192 1206 1220 1257 et
1234 1199 1291 1257 line
1305 1200 1444 1258 canonico
1459 1201 1621 1259 terminent.

189 1291 363 1361 ‘wem’
379 1304 446 1350 ³⁰¹¹
460 1303 540 1350 vem
555 1288 595 1349 ‘¹⁰
611 1291 793 1360 calmem
811 1287 851 1349 ad
866 1287 988 1365 ΨΜ
1080 1324 1247 1389 Honorius
1259 1327 1568 1403 episcopusservus
1580 1342 1753 1389 semorum
1762 1329 1833 1403 bei,
1892 1294 1901 1315 κ

187 1385 317 1448 tionem
341 1401 411 1446 ⁸⁰³³
433 1384 718 1462 interpretationis
745 1384 843 1447 affert
865 1400 985 1446 ¹²⁰¹¹¹⁹¹¹
1041 1421 1172 1485 arrectis
1187 1422 1266 1484 flurs
1280 1421 1392 1485 annau
1406 1423 1447 1484 aa
1461 1424 1593 1485 cenem
1606 1424 1835 1487 ueteranum
1891 1458 1901 1465 -

189 1482 284 1545 Μ’
299 1481 510 1560 ⁰pi⁸⁰⁰p³¹i⁸²
527 1482 613 1560 ΨΜ
628 1481 708 1543 ‘¹¹⁰st
722 1498 797 1543 ⁰⁸⁸⁰
812 1485 983 1544 cmm·
1041 1518 1181 1593 ordinis,
1197 1519 1376 1597 praeposito
1389 1519 1430 1580 de
1443 1520 1647 1582 Neunburcb
1661 1522 1695 1583 et
1708 1520 1836 1584 decano

189 1578 239 1683 α’
255 1579 406 1643 mmmm
422 1577 472 1661 (α)
490 1579 658 1641 ammam
673 1578 809 1642 ”latam
827 1579 890 1641 ¹⁰⁰·
908 1579 963 1641 cit·
1041 1615 1081 1676 de
1115 1618 1236 1678 Sancta
1264 1617 1406 1689 Anatha,
1433 1618 1641 1681 Patariansis
1668 1617 1834 1691 dioecesis,

1041 1713 1181 1775 salutem
1195 1714 1229 1775 et
1242 1714 1459 1790 apostolicam
1472 1712 1748 1777 benedictionem.

1080 1809 1199 1873 Dilecti
1212 1810 1309 1872 diii...
1326 1811 1526 1888 praepositus
1539 1812 1572 1873 el
1584 1815 1767 1874 conventus
1780 1826 1839 1875 ec-

1041 1906 1152 1969 clesiae
1183 1907 1297 1970 Sancti
1325 1908 1459 1983 Georgii
1482 1906 1579 1969 uobis
1602 1909 1836 1986 conquerendo

1040 2005 1270 2068 monstrarunt
1287 2005 1375 2082 quod
1393 2004 1609 2067 Meinbardus
1633 2005 1741 2068 laicus
1764 2008 1835 2069 et...

1041 2101 1102 2162 dlii
1117 2104 1190 2179 eJus
1212 2101 1420 2164 pataviensis
1444 2101 1598 2175 dioecesis
1616 2102 1707 2179 ipsos
1725 2103 1836 2165 eccle-

1041 2199 1092 2259 sia
1107 2198 1147 2261 de
1163 2198 1316 2262 Rudnicb
1331 2200 1446 2260 contra
1458 2199 1624 2276 justitiam
1639 2200 1834 2277 spoliarunt.

1041 2297 1122 2356 Cum
1139 2295 1243 2372 igitur
1257 2295 1408 2373 spoliatis
1423 2295 1546 2373 inJuste
1561 2296 1782 2359 restitutionis
1794 2298 1840 2361 sit

1040 2391 1202 2455 beneflcio
1217 2392 1490 2466 succurrendum,
1506 2392 1700 2456 discretioni
1717 2397 1838 2457 vestrae

509 1882 669 1971 LXXIX

187 2037 244 2099 Ad
256 2034 412 2099 ebidem
425 2034 461 2096 et
475 2034 683 2097 concentum
698 2032 817 2095 Sancti
831 2035 987 2095 dedocet

439 2132 734 2207 Rotbomcqcusta.

466 2262 480 2319 l
493 2261 617 2335 januarii
633 2261 712 2319 2222.

215 2386 338 2450 moueat,
352 2383 605 2449 nortimbriae.
618 2385 676 2435 llas.
690 2385 727 2435 La
735 2383 812 2434 Porta
822 2382 856 2434 du
866 2382 960 2448 Thelb]

208 2500 345 2575 luduger
360 2500 416 2559 ibis
430 2508 461 2559 ut
474 2500 570 2558 locent
582 2514 683 2558 eorum
697 2498 827 2557 ecclosias
841 2497 969 2561 decimus

427 2588 530 2662 quibus
541 2587 609 2646 utile
624 2586 756 2649 viderint.

229 2722 398 2785 Honorius
406 2723 592 2799 episcopus,
605 2737 722 2784 servus
731 2736 903 2783 servorum
913 2720 983 2793 Dei,

187 2820 325 2882 dilectis
339 2819 418 2880 filiis
430 2818 542 2881 abbati
554 2823 587 2882 et
601 2819 779 2881 conventui
790 2818 903 2879 Sancti
918 2822 988 2879 Au-

187 2917 292 2980 doeni
307 2917 596 2992 Rotbomagensis,
617 2916 806 2978 salutemet
822 2916 986 2992 apostoli·

188 3030 267 3077 cam
280 3014 555 3076 benedictionem.

229 3112 349 3174 Vestra
357 3111 454 3173 nobis
464 3111 585 3173 relatio
595 3109 874 3188 declaravitquod
886 3124 986 3187 quum

188 3209 234 3272 ad
250 3209 379 3271 lirmam
393 3209 474 3272 dare
492 3207 619 3270 ibuctus
638 3209 825 3270 vestrarum
844 3223 987 3268 consue-

185 3307 308 3369 veritis
325 3306 539 3377 decimarum,
556 3305 736 3367 dioecesani
753 3305 904 3366 locorum
915 3305 987 3367 sta-

187 3404 298 3467 tutum
317 3404 481 3482 quoddam
504 3403 545 3465 de
568 3402 759 3480 hujusmodi
777 3402 914 3463 decimis
934 3401 987 3463 lo·

187 3501 308 3564 candia
319 3499 568 3578 parochialibus
582 3499 784 3577 presbyteris
797 3498 984 3571 ediderunt,

187 3613 254 3676 per
270 3597 357 3674 quod
374 3597 502 3659 utilitas
523 3598 634 3658 vestra
654 3612 721 3657 nou
736 3596 902 3657 modicum
916 3596 985 3656 im·

1042 2505 1101 2566 per
1114 2489 1305 2567 Apostolicn
1325 2491 1450 2567 scripta
1465 2491 1660 2552 mandamus
1675 2493 1838 2569 quatenus

1041 2587 1102 2660 eis,
1111 2586 1330 2664 sicutJustum
1338 2587 1450 2660 fuerit,
1460 2587 1681 2650 restitutionis
1692 2588 1836 2650 audiatis

1042 2699 1189 2753 causam,
1209 2686 1241 2745 et
1254 2682 1477 2762 appellatione
1496 2687 1636 2757 remota,
1653 2685 1719 2746 due
1731 2702 1837 2749 cano-

1041 2780 1117 2843 nico
1131 2781 1329 2854 terminatis,
1342 2780 1505 2843 iacientes
1520 2782 1606 2859 quod
1625 2782 1839 2847 decreveritis

1041 2893 1300 2956 percensuram
1324 2879 1588 2942 ecclesiasticam
1614 2881 1754 2942 tirmiter
1774 2880 1838 2943 ob-

1042 2975 1182 3037 servari.
1204 2976 1317 3037 Testes
1340 2977 1451 3037 autem
1468 2975 1525 3053 qui
1539 2976 1663 3039 luerint
1676 2978 1838 3040 nominati

1041 3070 1071 3131 si
1086 3088 1123 3133 se
1141 3072 1261 3148 gratia,
1278 3072 1365 3144 odio,
1387 3072 1441 3134 vel
1466 3072 1588 3135 timore
1612 3072 1839 3138 subtraxerint

1041 3184 1300 3246 percensuram
1324 3169 1487 3243 eamdem,
1517 3170 1740 3248 appellatione
1763 3188 1839 3236 ces-

1041 3267 1147 3338 sante,
1164 3268 1292 3342 cogatis
1312 3266 1447 3329 veritati
1472 3268 1700 3329 testimonium
1722 3269 1837 3346 perhi-

1041 3360 1135 3437 bare;
1150 3362 1236 3440 quod
1250 3363 1279 3424 si
1290 3379 1357 3423 uon
1368 3379 1482 3425 omnes
1492 3364 1544 3425 bis
1553 3365 1773 3443 exsequendis
1781 3382 1837 3444 po·

1040 3458 1170 3525 tueritis
1185 3460 1360 3532 interesse,
1368 3460 1433 3522 duo
1446 3462 1594 3523 vestrum
1608 3478 1649 3523 ea
1663 3463 1836 3525 nibilomi-

1040 3572 1103 3616 nus
1114 3558 1351 3633 exsequantur.
1363 3559 1481 3621 Datum
1491 3559 1660 3633 Laterani,
1672 3562 1717 3621 111
1727 3575 1834 3623 nonas

187 3693 343 3772 peditur;
360 3708 464 3770 quare
478 3707 579 3769 super
592 3692 655 3754 boc
667 3690 866 3770 Apostolicae
879 3692 986 3768 proui-
1035 3668 1197 3731 ΜΨ
1212 3654 1424 3733 P⁰nt¹fl⁰⁸²¹¹³
1439 3656 1545 3718 ”⁰⁸³¹
1563 3670 1651 3718 ”¹¹¹⁰
1666 3657 1772 3720 Βοιὼ·

187 3790 297 3853 sionis
311 3789 493 3851 remedium
504 3788 717 3866 implorastis.
729 3789 799 3850 Nos
809 3787 911 3865 igitur
925 3789 986 3851 uti·

187 3887 304 3950 litator
324 3887 454 3950 rostras
474 3887 625 3949 nolentes
649 3884 794 3948 indebite
817 3884 983 3963 impediri,

188 3982 389 4046 auctoritate
407 3982 502 4045 vobis
526 3982 740 4061 praesentium
760 3981 982 4058 indulgemus,

187 4082 229 4143 nt
241 4081 364 4143 statuto
385 4080 574 4157 hujusmodi
589 4095 657 4141 non
678 4079 840 4156 obstante,
854 4081 985 4143 restra-

185 4193 266 4239 rnm
291 4177 493 4239 decimarum
527 4178 706 4254 proventus
736 4176 841 4237 libere
872 4177 985 4239 locare
1039 4172 1571 4238 Aumrroersorobroresornmrs
1581 4176 1831 4243 obtereremus.

1355 4021 1514 4113 LXXXI

187 4274 326 4353 possitis
338 4273 457 4352 quibus
471 4274 564 4336 vobis
586 4274 743 4352 expedire
752 4274 984 4351 judicaveritis

185 4373 318 4435 etcum
339 4369 523 4452 [clausulis]
546 4371 665 4449 quibus
691 4371 841 4434 ecclesiae
863 4360 984 4434 vestrm

186 4468 413 4532 conditionem
435 4469 585 4544 poteritis
604 4468 715 4530 facere
729 4469 920 4542 meliorem;
936 4468 984 4531 ita

184 4568 300 4630 tamen
320 4568 357 4628 ut
372 4565 565 4644 hujusmodi
579 4566 701 4629 locatio
715 4565 757 4626 ad
777 4565 911 4627 lendum
929 4567 983 4629 vel

187 4663 425 4727 alienationem
448 4679 515 4725 non
531 4663 703 4741 judicetur
727 4663 874 4725 extendi.
890 4663 982 4725 Nulli

184 4772 269 4839 ergo
281 4761 416 4822 omnino
430 4760 602 4823 hominum
616 4761 716 4823 liceat
728 4761 814 4822 bano
827 4761 983 4837 paginam
1077 4764 1244 4826 Honorius
1254 4765 1439 4844 episcopus,
1448 4784 1565 4832 servus
1576 4785 1746 4833 servorum
1758 4774 1828 4846 Dei,

183 4857 311 4920 nostrae
333 4858 558 4920 concessionis
573 4858 758 4934 intringere
774 4857 828 4921 vel
845 4860 877 4921 ei
898 4874 984 4920 ausu
1038 4861 1204 4923 universis
1224 4861 1408 4937 abbatibus,
1425 4866 1458 4927 et
1477 4868 1693 4931 conventibus
1707 4870 1833 4933 Cister-

183 4956 367 5019 temerario
382 4955 560 5018 contraire.
584 4956 620 5017 Si
639 4955 714 5033 quis
727 4956 838 5017 autem
852 4955 917 5017 boc
930 4957 984 5019 at·
1037 4959 1160 5020 elensis
1184 4960 1312 5022 ordinis
1335 4964 1517 5038 praesentes
1545 4964 1673 5029 litteras
1694 4967 1831 5044 inspec-

184 5054 317 5116 tentare
331 5052 592 5130 praesumpserit,
606 5052 869 5128 indignationem
880 5053 984 5114 omni·
1036 5056 1132 5117 turia.
1785 5066 1789 5073 ·

183 5151 331 5229 potantis
348 5151 408 5236 Dei
422 5152 455 5212 et
466 5151 638 5212 beatorum
651 5151 741 5212 Petri
751 5151 785 5212 et
798 5149 894 5211 Pauli
906 5165 983 5228 apo·
1077 5154 1205 5225 Quanto
1233 5155 1423 5232 Apostolica
1449 5158 1550 5220 Sedes
1578 5163 1706 5237 majora
1738 5162 1833 5225 vobis

184 5248 348 5310 stolorum
360 5250 432 5325 ejus
443 5261 479 5308 se
490 5246 851 5309 noveritincursurnm.
864 5249 982 5310 Datum
1037 5248 1172 5313 exbibet
1186 5250 1311 5314 indicia
1323 5254 1484 5327 caritatis,
1501 5257 1592 5317 tanto
1605 5258 1709 5319 rosei
1726 5262 1834 5338 majo-

183 5345 361 5416 Lateranl,
390 5343 551 5405 kalendas
575 5343 742 5422 januarii,
769 5344 982 5421 pontificatus
1037 5362 1107 5407 rem
1123 5347 1331 5411 devotionem
1342 5351 1502 5414 exhibere
1516 5351 1652 5415 debetis.
1662 5355 1834 5434 Frequen-

184 5444 293 5506 nostri
307 5456 397 5504 anno
412 5441 518 5506 sexto.
1036 5443 1094 5505 ter
1103 5447 1214 5508 autem
1229 5448 1402 5525 conquesti
1416 5449 1494 5510 sunt
1503 5449 1661 5513 Ecclesia
1673 5454 1832 5519 Romanae

1036 5540 1150 5620 legati,
1168 5542 1253 5622 quod
1267 5559 1327 5608 ros
1341 5560 1412 5623 prae
1435 5545 1566 5609 caterio
1585 5547 1758 5615 inveniant
1775 5552 1832 5615 in·

329 5684 446 5730 airaon.
461 5684 535 5729 roua
546 5672 595 5730 lli.
1649 5682 1666 5738 3

1308 4303 1326 4362 b
1340 4303 1464 4379 januarii
1482 4306 1561 4366 liar.

1168 4394 1564 4493 [nunquannnuecaore.
1577 4429 1620 4492 lv,
1633 4432 1701 4498 rm]

1056 4550 1114 4608 Eos
1122 4547 1252 4609 hortatur
1261 4559 1292 4609 ut
1303 4560 1387 4625 grato
1397 4554 1493 4613 animo
1505 4558 1720 4629 procurationes
1731 4559 1812 4618 exbi-

1156 4638 1243 4698 beant
1258 4640 1291 4698 G.
1307 4641 1443 4700 Ecclesia
1456 4645 1593 4702 Romane
1606 4646 1713 4723 legato.
