3886 6214
114 322 176 383 ava
725 318 954 382 nmeronn.
977 319 1056 380 nm.
1077 318 1150 381 v11.
1203 290 1207 297 ’
1699 316 1761 377 274

115 480 348 544 ecclesiastiea
359 480 568 545 sacramenta
581 496 602 543 a
613 480 734 543 vioinis
748 478 913 557 episcopis
967 477 1115 551 turbare,
1136 476 1195 540 aut
1213 478 1286 554 elus
1301 475 1531 554 possessiones
1543 475 1690 548 amorre,
1704 476 1759 539 vel

115 579 271 656 accipere
300 578 408 640 libere
437 579 471 641 et
500 578 625 656 absque
652 577 913 640 contradictione
968 575 1096 638 ablatas
1121 575 1277 647 retinere,
1299 575 1462 645 minuere,
1477 589 1537 636 seu
1559 573 1761 651 quibuslibet

113 676 264 754 possitis,
292 677 343 738 sic
363 677 475 738 tamen
500 678 537 738 ut
555 691 599 737 ex
617 676 680 737 boc
698 675 913 753 inposterum
967 672 1203 735 vexationibus
1226 672 1379 749 fatigare,
1409 672 1466 733 sed
1493 673 1605 749 omnia
1628 672 1761 749 integra

114 774 263 852 propriis
284 775 449 851 episcopis
465 774 593 835 nullum
609 772 839 850 praejudicium
854 786 915 846 ge·
968 772 1207 833 conserventur
1218 786 1334 832 eornm
1348 786 1408 848 pro
1430 786 1570 847 quorum
1593 770 1761 847 guberna·

114 873 265 933 neretur.
289 871 374 943 Quia
400 886 480 933 vero
503 870 670 932 interdum
703 869 914 947 propriorum
967 869 1058 930 tione
1072 884 1112 929 ae
1124 868 1365 929 sustentatione
1379 883 1537 929 concessa
1552 869 1630 930 sunt
1641 867 1759 929 usibus

115 967 352 1045 episcoporum
373 969 502 1045 coptam
517 984 585 1030 non
604 966 747 1039 habetis,
769 966 914 1043 siquem
969 966 1166 1027 omnimodis
1188 964 1372 1042 protutura,
1396 966 1488 1027 salva
1504 965 1600 1029 Sedis
1614 966 1760 1042 Aposto-

115 1065 311 1142 episeopum
324 1068 481 1127 Romanae
497 1066 602 1137 Sedis,
615 1066 651 1127 ut
665 1064 828 1135 dlximus,
841 1078 915 1139 gra·
947 1146 949 1149 ,
968 1062 1043 1124 licae
1060 1063 1268 1124 auctoritate.
1293 1063 1328 1123 Si
1350 1078 1413 1139 qua
1428 1063 1532 1138 igitur
1555 1063 1591 1123 in
1610 1062 1759 1124 futurum

113 1162 200 1224 tiam
219 1163 253 1223 et
266 1163 531 1223 communionem
546 1161 732 1234 habentem,
749 1161 783 1223 et
796 1161 837 1221 de
849 1175 915 1237 quo
968 1159 1195 1223 ecclesiastica
1208 1159 1423 1221 saecularisve
1433 1174 1576 1236 persona
1586 1160 1673 1221 bano
1685 1173 1759 1220 nos·

113 1258 253 1336 plenam
266 1259 418 1321 notitiam
433 1258 595 1331 habeatis,
612 1275 674 1336 per
690 1275 751 1320 vos
768 1257 915 1333 transire
967 1259 1029 1319 trae
1055 1256 1300 1319 constitutionis
1329 1257 1620 1334 paginamsciens
1644 1258 1760 1317 contra

115 1356 308 1432 contigerit,
327 1356 368 1417 ab
386 1371 426 1417 eo
444 1355 693 1418 benedictiones
711 1370 867 1416 vasorum
881 1354 916 1415 et
969 1370 1042 1416 eam
1056 1355 1181 1416 temere
1194 1356 1311 1416 venire
1324 1355 1513 1425 tentaverit,
1528 1353 1674 1415 secundo
1687 1354 1760 1415 ter-

112 1454 275 1525 restium,
289 1452 557 1514 consecrationes
573 1453 741 1524 altarium,
752 1450 914 1513 benedie-
967 1448 1058 1514 tiove
1078 1438 1295 1525 commonita,
1313 1452 1379 1512 nisi
1407 1451 1536 1513 reatum
1560 1466 1657 1511 suum
1676 1465 1759 1511 con-

113 1550 229 1613 tiones
260 1550 456 1612 monialium
484 1549 682 1612 auctoritate
717 1547 914 1625 apostoncae
968 1564 1052 1626 grua
1065 1549 1294 1611 satisfactione
1306 1550 1501 1622 correxerit,
1517 1548 1690 1625 potestatis
1702 1547 1762 1608 bo·

114 1648 217 1711 Sedis
240 1647 392 1724 recipere
415 1647 568 1709 valeatis.
586 1649 691 1708 Porro
709 1645 738 1707 si
755 1645 913 1722 episcopi,
969 1645 1127 1721 nonisque
1138 1644 1191 1704 sui
1203 1645 1317 1706 careat
1332 1644 1505 1719 dignitate,
1521 1654 1614 1705 ream
1640 1658 1677 1704 se
1702 1641 1759 1702 di-

110 1746 170 1807 vel
194 1745 255 1807 alii
278 1745 495 1806 eeclesiarum
517 1745 666 1806 rectores
689 1743 725 1806 ln
747 1743 917 1804 monaste-
968 1741 1181 1818 vinojudicio
1197 1742 1341 1803 existere
1356 1741 1397 1803 de
1417 1742 1609 1819 perpetrata
1623 1739 1755 1817 iniqui-e

112 1842 207 1903 rium
227 1844 388 1913 vestrum,
402 1840 458 1901 vel
472 1854 635 1917 personas
653 1838 737 1900 inibi
751 1836 916 1900 constitu·
968 1839 1036 1900 tate
1062 1841 1251 1915 cognoseat,
1277 1839 1344 1901 eta
1368 1839 1594 1901 saeratissimo
1621 1851 1761 1914 corpore

111 1940 181 2011 tas,
205 1937 458 2015 suspensionis,
483 1935 838 1999 excommunicationis
862 1933 916 1995 vel
969 1937 1002 1998 et
1028 1937 1191 2013 sangnine
1223 1936 1283 1998 Dei
1307 1937 1341 1998 et
1369 1936 1500 1997 Domini
1526 1934 1758 2011 Redemptoris

110 2035 289 2098 interdicti
308 2034 506 2097 sententiam
527 2033 823 2111 promulgaverint,
845 2032 916 2093 sive
970 2034 1075 2096 nostri
1088 2036 1168 2096 lesu
1181 2034 1304 2096 christi
1316 2034 1427 2095 aliena
1443 2032 1510 2104 flat,
1533 2031 1633 2108 atque
1644 2033 1680 2092 in
1697 2047 1761 2091 ex·-

111 2133 221 2196 etiam
243 2133 279 2193 in
293 2131 519 2195 mercenarios
539 2132 669 2193 vestros
693 2146 752 2207 pro
768 2145 807 2190 eo
828 2129 915 2205 quod
969 2135 1075 2197 tremo
1090 2132 1244 2193 examine
1268 2131 1427 2193 districtae
1442 2129 1612 2207 subjaceat
1623 2127 1757 2190 ultioni.

111 2230 279 2303 decimas,
302 2230 389 2292 sicut
403 2230 527 2291 dictum
543 2230 603 2300 est,
628 2244 694 2289 non
714 2225 914 2304 persolvitis
971 2231 1104 2293 cuneda
1118 2230 1229 2291 autem
1239 2228 1347 2289 eidem
1361 2228 1433 2289 loco
1449 2242 1509 2289 sua
1520 2230 1598 2304 jura
1615 2240 1760 2287 servan-

111 2327 316 2404 sivealioua
330 2326 507 2389 occasione
522 2341 648 2395 eorum,
665 2341 739 2402 quae
756 2324 797 2385 ab
810 2326 918 2400 Apos-
970 2328 1069 2400 tibus,
1085 2328 1130 2389 sit
1158 2342 1225 2405 pax
1239 2326 1371 2387 nomini
1399 2325 1503 2386 nostri
1522 2327 1602 2386 lesu
1624 2320 1759 2394 consu,

115 2422 224 2487 1⁰¹1&
251 2423 455 2500 benignitate
478 2423 573 2485 VObiS
592 2423 720 2484 indulta
742 2422 829 2492 sunt,
857 2436 917 2481 8011
971 2427 1134 2503 quatenus
1146 2424 1202 2485 hic
1216 2422 1360 2484 fructum
1380 2422 1476 2483 bonae
1491 2421 1632 2485 actionis
1646 2421 1761 2497 perei-

110 2521 350 2584 beneiactores
364 2522 493 2583 vestros
506 2536 566 2597 pro
581 2536 621 2582 eo
635 2519 720 2599 quod
736 2519 848 2596 aliqua
862 2533 918 2580 vo·
971 2524 1074 2600 piant,
1095 2524 1128 2584 et
1151 2522 1237 2598 apud
1263 2520 1448 2582 districtum
1461 2519 1606 2595 judicem
1623 2516 1763 2594 premia

111 2619 171 2681 bis
184 2618 349 2680 beneficia
363 2619 416 2679 vel
432 2617 593 2696 obsequia
607 2634 651 2679 ex
662 2617 801 2678 caritate
816 2631 918 2693 praes·
972 2622 1105 2684 aeternae
1120 2619 1212 2696 pacis
1226 2618 1411 2680 inveniant.
1426 2619 1543 2678 Arnen.
1558 2618 1676 2677 Amen.

111 2717 260 2786 titerint,
283 2716 337 2777 vel
358 2711 639 2777 adlaborandum
665 2714 856 2792 adjuverint
880 2713 917 2773 in
1011 2719 1130 2780 Datum
1156 2716 1324 2787 Laterani,
1355 2730 1417 2792 per
1440 2729 1574 2774 manum
1601 2710 1766 2773 (luidonis

113 2814 200 2878 aliis
220 2813 338 2875 diebus
350 2814 387 2873 in
409 2812 528 2890 qulbus
548 2828 608 2874 vos
621 2811 791 2884 laboratis,
811 2810 844 2872 et
858 2798 917 2871 alii
972 2814 1137 2892 capellani
1157 2813 1284 2875 domini
1304 2828 1412 2889 papae,
1427 2813 1487 2872 XV
1501 2810 1570 2871 kal.
1586 2808 1761 2879 februarii,

112 2911 297 2983 feriantur,
313 2910 462 2972 eamdem
481 2910 681 2971 sententiam
703 2907 915 2986 protulerint,
972 2913 1086 2975 indict
1113 2913 1170 2983 XI,
1200 2908 1444 2971 incarnationis
1467 2906 1648 2971 Doniinicae
1673 2921 1764 2967 anno

112 3010 230 3087 ipsam
245 3009 403 3085 tanquam
416 3008 532 3070 eontra
543 3006 639 3069 Sedis
653 3006 851 3083 apostolicae
864 3004 919 3064 in·
972 3011 1173 3075 MGGXXIII,
1187 3006 1398 3084 pontificatus
1412 3020 1492 3067 vero
1513 3003 1637 3067 domini
1647 3004 1766 3064 Hono·

114 3107 216 3168 dulta
240 3106 402 3183 prolatam
422 3105 579 3166 duximus
606 3103 816 3165 irritandam.
848 3102 919 3164 Nec
972 3107 1017 3168 rii
1031 3121 1126 3184 papae
1139 3106 1282 3166 Illanno
1296 3102 1447 3179 septimo.

113 3204 245 3266 litterae
258 3203 334 3264 ullae
349 3202 538 3263 firmitatem
552 3200 707 3273 babeant,
722 3216 805 3277 quies
817 3200 918 3262 tacito

114 3302 260 3364 nomine
281 3299 511 3361 Cistereiensis
527 3298 653 3359 ordinis
675 3300 708 3360 et
727 3299 842 3359 contra
864 3297 918 3359 te-

115 3415 241 3462 norem
258 3397 523 3475 Apostolicorum
542 3396 794 3473 privilegiorum
813 3410 916 3456 cons·
1337 3428 1405 3516 LV

114 3497 231 3560 literit
246 3495 427 3571 impetrari.

159 3596 333 3657 Praeterea
367 3609 468 3671 quum
502 3607 679 3654 commune
707 3590 918 3652 interdictum
977 3626 981 3631 ·
1012 3582 1065 3643 Ad
1087 3580 1296 3642 abbatemet
1316 3581 1724 3655 omoreel’ipooleuses.

114 3694 224 3756 terrae
256 3690 367 3758 inerit,
395 3690 497 3752 liceat
523 3689 619 3753 vobis
640 3688 859 3750 nihilominus
883 3688 919 3748 in
1237 3708 1407 3782 manum}
1422 3710 1502 3767 litt.

115 3791 238 3853 vestro
256 3787 470 3860 monasterio,
487 3787 634 3848 exclusis
656 3784 920 3847 exeommunica-

115 3889 178 3959 tis,
204 3885 319 3947 divina
343 3884 453 3946 cilicia
477 3884 657 3945 celebrare.
684 3882 765 3944 Paci
789 3897 919 3959 quoque
1278 3926 1281 3931 .

117 3986 156 4049 et
179 3982 420 4059 tranquillitati
440 3984 560 4043 veetrae
586 3980 725 4057 paterna
758 3979 793 4040 ln
809 3980 920 4057 poste-
974 3958 1024 4029 3¹⁸
1036 3956 1154 4056 mandat
1167 3963 1199 4015 ⁰⁸
1211 3956 1370 4014 ¹¹¹⁰¹¹⁸⁰h⁰⁸
1383 3956 1419 4014 (¹⁰
1438 3954 1614 4029 ¹¹⁸0¹¹⁰b¹¹f82
1631 3954 1679 4055 (tui
1693 3956 1765 4055 ¹5⁰⁹·

118 4097 201 4144 mm
216 4078 441 4141 sollicitudine
477 4077 631 4139 rovidem
654 4076 804 4138 volentes
838 4090 920 4136 auc,
1009 4046 1096 4104 twice
1117 4061 1148 4102 m
1168 4044 1299 4103 abbatem
1319 4046 1409 4102 electo
1428 4043 1765 4103 exhibereobedrenuam

117 4178 261 4241 tornato
289 4096 480 4253 Apostolicg
514 4173 739 4252 prohibemus,
768 4119 816 4234 ιη’
828 4172 919 4233 infra
1010 4133 1180 4204 renuebant,
1204 4135 1468 4192 excommunicatos
1491 4132 1601 4206 publice
1625 4133 1765 4190 nuntient.

118 4276 299 4337 clausuras
314 4274 463 4335 locorum
478 4288 538 4333 seu
552 4272 768 4348 grangiarum
782 4272 916 4333 vestra·
1013 4269 1182 4331 Honorius
1219 4268 1406 4346 episeopus,
1440 4283 1555 4331 servus
1594 4283 1767 4331 servorum

118 4388 202 4435 rum
223 4372 336 4432 nullus
357 4370 509 4448 rapinam
544 4385 605 4430 seu
638 4367 763 4429 lurtum
795 4366 918 4439 iacere,
974 4366 1046 4439 Ilei,
1068 4365 1180 4439 abbati
1198 4368 1231 4428 et
1254 4367 1360 4443 priori
1383 4366 1586 4442 Pigaviens.,
1616 4368 1768 4427 Mersen·

119 4471 240 4547 ignem
254 4482 432 4545 apponere,
447 4466 644 4542 sanguinem
658 4464 843 4536 effundere,
855 4463 920 4524 bo·
974 4464 1150 4539 burgensis
1166 4462 1331 4535 dioeoesis,
1348 4464 1382 4524 et
1396 4462 1575 4540 praeposito
1594 4461 1767 4525 branden-

119 4568 250 4629 minem
261 4567 387 4627 lemme
414 4578 534 4639 capere
559 4562 614 4625 vel
627 4560 828 4632 interlicere,
861 4574 921 4621 seu
974 4561 1145 4637 burgensi,
1168 4559 1310 4622 salutem
1325 4560 1358 4622 et
1370 4560 1594 4636 Apostolioam
1609 4558 1768 4622 benedic-

118 4662 321 4727 violentam
335 4660 456 4722 audeat
470 4674 639 4722 exercere.
975 4660 1112 4721 donem.

166 4760 466 4835 Praetereaomnes
485 4757 655 4818 libertates
670 4756 704 4818 et
721 4753 920 4816 immunita·
1015 4756 1163 4818 Dilectus
1191 4754 1282 4816 filius
1309 4755 1556 4827 Rochmannus,
1579 4754 1767 4817 monachus

120 4860 179 4921 tes
210 4872 232 4917 a
261 4853 561 4933 praedecessoribus
597 4854 721 4915 nostris
758 4853 920 4914 Romanis
975 4852 1172 4914 monasterii
1195 4852 1236 4913 de
1256 4851 1450 4927 ilseneburg
1474 4851 1763 4913 Halverstadensis

119 4953 338 5034 pontificibus
353 4952 463 5013 ordini
487 4953 597 5014 vestro
629 4966 816 5022 concessas,
839 4965 922 5011 neo-
976 4949 1200 5020 dioecensin
1237 4950 1355 5011 nostra
1390 4950 1564 5025 proposuit
1589 4949 1767 5026 praesentia

121 5066 197 5114 non
221 5049 393 5111 libertates
412 5049 445 5110 et
468 5048 694 5124 exemptiones
710 5047 921 5108 monterium
976 5047 1185 5118 constitutus,
1200 5046 1287 5122 quod
1303 5046 1506 5108 venerabilis
1530 5045 1634 5107 irater
1654 5046 1768 5107 noster

122 5147 343 5212 exactionum
361 5161 381 5207 a
406 5145 552 5221 regibus,
567 5144 618 5207 vel
633 5143 851 5220 principibus,
867 5143 920 5205 vel
975 5143 1127 5206 albertus
1160 5143 1456 5221 magdeburgensis
1484 5141 1766 5218 archiepiscopus,

121 5245 207 5308 aliis
230 5242 382 5304 fidelibus
403 5240 648 5303 rationabiliter
661 5240 755 5302 vobis
775 5240 921 5302 indultas
976 5241 1054 5302 dum
1065 5241 1100 5301 in
1115 5240 1265 5317 partibus
1279 5241 1347 5302 illis
1363 5240 1539 5316 legationis
1557 5238 1667 5300 officio
1684 5238 1772 5299 lun-¹

121 5339 526 5416 auotoritatedpostolica
540 5339 828 5410 confirmamus‚et
840 5353 923 5414 prae·
975 5339 1121 5414 geretur,
1151 5338 1322 5399 siffridum
1349 5339 1429 5400 tunc
1456 5336 1651 5398 monasterii
1676 5352 1769 5413 prae-

121 5438 235 5503 sentis
250 5436 366 5513 scripti
381 5435 556 5515 privilegio
578 5434 830 5497 communimus.
852 5437 920 5496 De·
975 5436 1055 5498 dicti
1084 5435 1236 5498 abbatem
1258 5452 1279 5497 a
1303 5435 1466 5511 regimine
1486 5434 1579 5494 illins
1605 5435 1766 5496 canonice
1816 5442 1825 5461 ⁰

123 5535 299 5599 cernimus
320 5548 398 5610 ergo
422 5534 459 5594 nt
489 5532 572 5592 nulli
593 5532 728 5593 omnino
748 5531 920 5593 bominum
974 5534 1166 5606 removerit,
1183 5532 1393 5610 exigentibus
1409 5532 1516 5609 culpis
1531 5530 1613 5604 suis,
1627 5534 1660 5594 et
1680 5534 1769 5593 Har·

123 5634 232 5695 liceat
244 5630 420 5709 prelatum
436 5629 674 5692 monasterium
696 5631 821 5692 minere
839 5645 918 5707 per-
975 5633 1112 5695 twicnm
1127 5631 1323 5692 monachum
1337 5628 1444 5691 eidem
1459 5626 1662 5692 monasterio
1676 5640 1767 5707 prae-

1129 3831 1282 3896 [Ghronieon
1294 3831 1390 3882 montis
1404 3831 1498 3889 Sereni,
1509 3846 1535 3894 p.
1544 3829 1612 3895 leo]
