3930 6206
245 336 303 397 611

246 495 275 556 si
290 494 368 558 laici
387 498 474 567 suut,
492 496 622 572 publice
636 496 784 558 candelis
799 500 949 560 accensis
969 516 1032 560 ex-

245 593 555 654 communicationis
579 594 744 655 seuteutia
773 596 971 670 procedatis.
999 597 1034 657 Si

244 705 324 752 vero
342 690 454 750 clerici
466 691 517 751 vel
533 692 685 753 canonici
701 692 874 768 regulares
887 709 946 753 seu
964 708 1036 753 mo·

243 786 343 847 nachi
358 786 491 853 luerint,
512 802 583 855 eos,
599 788 823 864 appellatione
837 790 976 860 remota,
992 788 1034 850 ab

244 884 352 944 ottlcio
387 884 419 944 et
445 883 606 945 beneflcio
633 886 855 961 suspendatis,
881 888 1033 947 neutram

242 980 424 1041 relaxaturi
440 982 649 1052 sententiam,
668 981 773 1044 donec
788 982 954 1058 praedictis
970 982 1035 1045 ira·

241 1076 346 1137 tribus
368 1077 517 1153 plenarie
546 1077 764 1149 satisfaciant,
790 1081 823 1140 et
848 1079 916 1139 tam
942 1079 1031 1151 laici,

241 1190 341 1250 quam
365 1175 479 1235 clerici
500 1174 689 1247 saculares,
706 1177 763 1253 qui
778 1192 837 1252 per
852 1176 1033 1237 violentam

240 1287 398 1332 manuum
421 1271 634 1348 injectionem
657 1272 878 1334 anathematis
898 1274 1032 1335 vinculo

240 1368 365 1430 suerint
387 1368 566 1441 interdicti,
583 1385 657 1430 cum
683 1369 862 1431 dioecesani
886 1369 1031 1447 episcopi

240 1465 363 1527 litteris
374 1466 416 1528 ad
435 1466 552 1527 Sedem
566 1467 789 1543 apostolicam
806 1468 977 1530 venientes
989 1468 1031 1529 ab

240 1564 355 1624 eodem
382 1564 517 1625 vinculo
545 1566 737 1626 mereantur
758 1564 897 1625 absolsi.
925 1565 1031 1628 Villas

240 1661 349 1721 antem
360 1661 592 1736 predictorum
607 1662 759 1734 fratrum,
771 1663 806 1722 in
815 1661 935 1739 quibus
944 1662 1031 1724 bona

238 1756 291 1817 vel
307 1757 477 1817 hominum
492 1773 627 1819 suorum
638 1758 897 1834 perviolentiam
907 1758 1032 1822 luerint

239 1853 382 1926 detenta,
397 1855 554 1931 quamdiu
566 1854 610 1916 ibi
626 1857 713 1927 sunt,
721 1855 888 1918 interdicti
901 1859 1032 1919 senten·

234 1950 292 2011 tiae
317 1952 521 2027 supponatis.
554 1954 673 2015 Datum
700 1953 868 2023 Laterani,
890 1955 935 2014 Vl
960 1953 1029 2015 kal.

237 2046 328 2120 maii,
340 2048 551 2124 pontificatus
563 2050 670 2111 nostri
685 2065 773 2111 anno
786 2052 915 2112 octavo.

546 2360 719 2446 CXCVII

380 2511 431 2571 Ad
458 2514 589 2571 clerum
603 2513 879 2572 hibernensem.

516 2639 551 2696 11
559 2640 656 2711 aprills
667 2638 743 2697 tiit.

326 2760 457 2825 [11101000
465 2762 557 2814 Vetera
568 2763 681 2813 honum.
693 2762 870 2825 Hibernomm,
882 2760 936 2827 aa]

233 2883 369 2943 aboletur
394 2884 487 2943 denuo
511 2886 637 2958 iniquum
654 2885 843 2959 quorumdem
869 2886 1029 2960 anglorum

268 2980 405 3031 statutum
420 2973 455 3030 de
466 2989 524 3031 uon
539 2973 721 3032 admittendis
733 2974 865 3032 Hibernis
877 2974 913 3031 ad
932 2975 1026 3049 digni·

269 3068 343 3119 tutes
357 3062 576 3120 ecclesiasticas.

271 3187 440 3249 Honorius
451 3188 637 3265 episcopus,
647 3202 946 3250 servassemorum
956 3188 1028 3261 Dei,

234 3282 363 3345 dilectis
378 3284 457 3344 illiis
483 3284 573 3345 01010
599 3284 825 3355 Hiberniensi,
841 3284 1030 3348 salutemet

233 3379 456 3456 Apostolicam
471 3379 747 3442 benedictionem.

275 3475 367 3538 Sicut
385 3492 436 3549 ea,
457 3492 531 3553 quae
551 3477 614 3537 rite
639 3492 679 3537 00
704 3477 918 3539 laudabiliter
933 3477 1026 3546 dunt,

234 3572 328 3637 decet
349 3589 408 3650 per
431 3573 548 3633 Sedem
560 3573 783 3650 apostolicam
805 3573 969 3646 roborari,
994 3576 1029 3637 ut

234 3670 373 3731 solidius
386 3671 423 3731 in
447 3671 499 3730 sui
514 3669 644 3731 roboris
660 3671 816 3733 firmitate
831 3672 1026 3750 consistant,

235 3767 283 3828 sic
298 3783 348 3840 ea,
365 3783 439 3845 quae
452 3768 623 3829 temereac
638 3767 755 3829 illicite
767 3770 1026 3845 praesumuntur,

234 3865 397 3927 infirmari
410 3865 564 3927 convenit
575 3865 802 3942 pereamdem,
811 3880 853 3926 ne
868 3881 1028 3941 processu

233 3962 392 4039 temporis
406 3960 659 4037 roburindignae
669 3961 834 4024 firmitatis
842 3965 1025 4025 assumant.

236 4060 323 4119 Sane
338 4059 460 4120 nostris
475 4059 602 4134 estjam
617 4058 808 4135 frequenter
820 4058 958 4120 auribus
973 4061 1028 4120 in-

234 4156 397 4223 timatum,
412 4155 570 4232 quosdam
585 4154 740 4231 Anglicos
755 4155 913 4218 inauditae
928 4156 1028 4217 teme·

234 4252 345 4313 ritatis
360 4251 499 4312 audacia
515 4251 682 4321 statuisse,
700 4253 736 4314 ut
754 4253 867 4312 nullus
882 4253 1026 4314 clericus

235 4347 276 4409 de
299 4347 470 4420 Hibernia,
489 4349 788 4425 quantumcumque
811 4349 971 4412 honestus
995 4350 1028 4411 et

236 4444 402 4508 litteratus
424 4446 556 4517 existat,
584 4445 626 4507 ad
658 4446 803 4523 aliquam
832 4445 1026 4523 dignitatem

235 4542 495 4604 ecclesiasticam
517 4544 716 4604 assumatur.
744 4543 903 4604 Nolentes
924 4543 1028 4619 igitur

234 4640 335 4702 tantae
349 4638 616 4716 praesumptionis
632 4641 663 4700 et
687 4639 872 4716 iniquitatis
887 4639 1027 4701 abusum

235 4736 296 4798 sub
324 4734 588 4797 dissimulatione
605 4736 761 4807 transire,
784 4737 943 4798 statutum
958 4737 1027 4797 hu-

231 4832 389 4911 jusmodi,
413 4832 502 4893 omni
520 4832 607 4909 juris
632 4834 665 4893 et
690 4832 873 4893 honestatis
900 4833 1026 4895 auxilio

236 4928 438 5001 destitutum,
462 4929 674 5006 praesentium
695 4929 892 4991 auctoritate
907 4929 1025 4991 decer-

236 5027 346 5087 nimus
361 5026 492 5087 irritum
504 5028 537 5086 et
552 5025 662 5097 inane,
674 5024 857 5087 districtius
873 5025 1028 5086 inhiben-

233 5124 299 5194 tes,
314 5138 355 5183 ne
370 5122 444 5199 quis
460 5122 512 5182 vel
527 5121 692 5182 inhaerere
703 5121 754 5181 illi
776 5121 830 5181 vel
852 5122 892 5182 de
907 5124 1027 5184 0001010

237 5218 346 5280 simile
359 5220 523 5281 attentare
536 5219 725 5293 praesumat.
742 5217 846 5289 Nulli,
859 5220 934 5290 etc,
949 5234 1028 5280 nos-

237 5318 298 5377 trae
327 5313 572 5377 constitutionis
601 5315 634 5375 et
654 5312 875 5387 inhibitionis,
906 5314 967 5376 etc.
992 5316 1027 5377 Si

238 5412 323 5489 quis,
359 5414 420 5473 010.
451 5412 569 5473 Datum
597 5409 764 5480 Laterani,
789 5412 833 5470 VI
866 5410 1027 5473 kalendas

238 5507 330 5578 maii,
342 5507 552 5583 pontificatus
568 5506 672 5567 nostri
682 5521 769 5567 anuo
782 5508 909 5568 octavo.

860 339 1034 401 HONORII
1057 342 1101 401 lll
1123 343 1271 405 OPERA.

1294 482 1304 489 ’
1389 512 1581 599 cxcviii

1201 664 1254 723 Ad
1271 663 1425 724 abbatem
1447 664 1481 724 et
1501 664 1706 724 0000001100
1723 666 1762 723 de

1354 760 1615 820 Mutenbrunnc.

1370 889 1404 945 27
1414 888 1512 961 aprilis
1520 887 1598 945 1214.

1120 1004 1379 1074 [wirtembergisches
1389 976 1602 1067 Urhundcnbnch,
1617 1010 1660 1069 111,
1674 1010 1832 1075 1111111]

1089 1135 1146 1191 Eos
1159 1134 1291 1203 tuendos,
1304 1143 1333 1192 et
1346 1134 1399 1192 sub
1413 1133 1489 1195 beati
1503 1136 1578 1193 Petri
1596 1143 1625 1193 et
1639 1150 1690 1193 sua
1706 1136 1857 1208 protectione

1418 1224 1545 1297 suscipit.

1127 1342 1855 1425 Honoriusepiscopus‚serrassersornmbei,

1087 1437 1216 1499 dilectis
1231 1438 1310 1500 titiis
1325 1438 1437 1501 abbati
1450 1441 1484 1501 et
1493 1439 1672 1500 conventui
1695 1440 1735 1500 de
1747 1439 1858 1500 Molen-

1086 1532 1228 1606 brunne,
1254 1535 1396 1599 salutem
1417 1538 1451 1599 et
1470 1536 1698 1613 apostolicam
1717 1535 1856 1597 benedic·

1085 1632 1219 1693 tionem.

1127 1729 1217 1791 Solet
1230 1747 1378 1793 annuere
1392 1732 1493 1793 Sedes
1506 1731 1699 1809 apostolica
1712 1732 1773 1808 piis
1785 1731 1856 1791 rotis

1086 1828 1118 1887 et
1141 1826 1290 1889 honestis
1316 1829 1499 1905 petentium
1527 1828 1706 1890 desideriis
1731 1828 1856 1889 savorem

1085 1921 1275 1984 benivolum
1290 1925 1464 2002 impertiri.
1484 1927 1683 2004 Eapropter,
1707 1924 1811 1985 dilecti
1827 1923 1856 1983 in

1086 2020 1224 2082 Domino
1247 2021 1320 2094 dlii,
1341 2023 1461 2084 restris
1479 2022 1580 2100 justis
1598 2020 1857 2101 postulationibus

1085 2118 1180 2193 grato
1195 2121 1430 2182 concurrentes
1451 2135 1603 2191 assensu,
1620 2135 1782 2197 personas
1794 2133 1855 2179 res·

1085 2215 1154 2274 tras
1169 2216 1202 2276 et
1215 2214 1323 2276 locum
1338 2217 1372 2276 in
1397 2231 1462 2293 qno
1477 2217 1591 2277 divino
1606 2217 1692 2279 estis
1719 2214 1855 2292 obsequio

1085 2310 1278 2387 mancipati,
1292 2329 1367 2373 cum
1378 2313 1530 2375 omnibus
1541 2313 1637 2375 bonis
1652 2329 1728 2391 quae
1738 2313 1772 2373 in
1785 2326 1855 2388 pra·

1085 2409 1266 2470 sentiarum
1279 2411 1524 2472 rationabiliter
1537 2410 1689 2488 possidet
1700 2414 1758 2472 aut
1770 2410 1801 2470 in
1816 2407 1856 2468 tu·

1084 2505 1194 2565 turum
1204 2506 1304 2582 justis
1319 2506 1436 2577 modis,
1453 2509 1632 2583 praestante
1649 2507 1856 2579 commupe

1084 2601 1161 2662 terit
1188 2602 1340 2679 adipisci,
1371 2603 1432 2663 sub
1463 2602 1553 2665 beati
1575 2604 1669 2665 Petri
1699 2605 1732 2665 et
1763 2604 1856 2663 000110

1083 2698 1287 2775 protectione
1316 2700 1526 2776 suscipimus.
1551 2701 1752 2777 specialiter
1766 2700 1855 2760 antem

1083 2797 1258 2860 ecclesiam
1272 2798 1313 2858 de
1330 2797 1556 2858 Winresheim
1575 2814 1655 2859 cum
1671 2795 1856 2875 pertinentiis

1083 2894 1164 2966 suiS,
1187 2910 1207 2955 a
1229 2893 1413 2956 venerabili
1436 2894 1540 2956 tratre
1557 2897 1714 2958 nostro...
1730 2891 1857 2971 Spirensi

1084 2992 1250 3068 episcopo,
1268 2992 1331 3053 1001
1347 2992 1548 3063 dioecesano,
1564 2992 1707 3069 capituli
1719 2992 1858 3053 suiacce·
1938 3052 1939 3057 ,

1083 3089 1180 3150 deute
1204 3105 1380 3161 consensu,
1405 3091 1609 3152 monasterio
1638 3092 1752 3152 vestro
1777 3088 1857 3165 pleno
1938 3078 1939 3095 ¹

1079 3188 1157 3262 jnre
1168 3201 1370 3258 concessam,
1382 3201 1423 3248 ac
1432 3186 1501 3248 alia
1510 3186 1598 3248 bona
1607 3187 1858 3257 vestra,sicutea
1937 3178 1938 3181 ’

1084 3280 1856 3361 0001010010,0010010000000111000000110111,
1936 3284 1937 3311 ³

1083 3377 1176 3440 vobis
1188 3382 1221 3440 et
1235 3380 1438 3441 monasterio
1452 3382 1564 3442 vestro
1574 3396 1635 3457 001
1649 3397 1713 3443 uos
1728 3377 1856 3441 auctori·
1934 3380 1936 3445 l

1082 3475 1150 3537 tate
1171 3476 1359 3551 apostolica
1389 3476 1625 3538 confirmamus
1651 3479 1686 3540 et
1704 3472 1857 3554 presentis

1083 3573 1198 3648 scripti
1216 3573 1400 3649 patrocinio
1423 3573 1679 3637 communimus.
1707 3572 1794 3635 Nulli
1812 3584 1857 3631 er·
1932 3646 1933 3649 Ἴ

1082 3684 1135 3744 go,
1152 3669 1214 3730 010.
1232 3670 1267 3730 Si
1282 3669 1356 3746 quis
1366 3671 1487 3742 autem,
1497 3673 1560 3732 etc.
1574 3673 1697 3733 Datum
1708 3666 1856 3733 Laterani,

1084 3767 1110 3825 V
1129 3765 1289 3827 kalendas
1313 3768 1404 3841 maii,
1421 3766 1635 3845 pontificatus
1665 3767 1770 3832 nostri
1786 3777 1858 3828 anno

1082 3864 1209 3924 octavo.

1399 4122 1551 4209 cxcix

1140 4283 1191 4342 Ad
1202 4285 1332 4343 clerum
1346 4283 1381 4344 et
1392 4288 1558 4357 poputum
1577 4284 1690 4347 terrae
1703 4288 1810 4346 Bozcc.

1362 4412 1396 4470 17
1407 4413 1502 4486 aprilis
1510 4414 1589 4472 1111.

1229 4534 1323 4600 [leion
1335 4536 1420 4587 Codex
1430 4536 1549 4601 diplom..
1563 4538 1608 4597 111,
1622 4552 1641 4597 ι,
1657 4537 1729 4604 iss]

1081 4655 1124 4715 ad
1138 4656 1329 4717 obedientlam
1341 4662 1375 4718 Α.
1390 4659 1566 4734 presbytero,
1587 4663 1666 4721 vices
1680 4677 1751 4721 sues
1763 4655 1857 4735 gerenti

1116 4743 1320 4889 {tiriliffiirdam
1350 4749 1458 4805 clerum
1487 4749 1655 4824 incolasque
1684 4759 1768 4809 terra
1793 4751 1858 4807 bow

1121 4958 1298 5029 Honorius,
1315 4962 1390 5031 etc,
1406 4962 1700 5040 archipresbytero
1722 4966 1756 5026 et
1771 4963 1855 5027 clem,

1082 5069 1120 5116 ac
1135 5055 1255 5132 populo
1269 5058 1367 5118 terrea
1382 5060 1488 5130 Bczae,
1504 5060 1537 5120 et
1552 5059 1640 5122 ultra
1664 5062 1793 5123 Montes
1805 5056 1856 5118 Ni·

1082 5165 1181 5212 vrum.

1122 5250 1285 5318 Quantam
1310 5249 1351 5311 de
1376 5250 1470 5312 robis
1493 5267 1650 5327 geramus
1676 5249 1858 5316 sollicitudi-

1082 5360 1169 5415 nem,
1196 5346 1230 5406 et
1257 5346 1379 5422 quanto
1408 5347 1530 5409 affectu
1559 5348 1601 5409 ad
1633 5350 1859 5413 incrementum

1082 5441 1238 5511 vestrum,
1255 5457 1295 5503 ac
1312 5443 1588 5519 tranquillitatem
1608 5448 1643 5508 et
1665 5444 1857 5508 commodum

1082 5536 1301 5609 intendamus,
1320 5552 1363 5601 ex
1377 5554 1416 5600 ec
1431 5540 1568 5616 potestis
1592 5542 1754 5618 colligere
1765 5537 1859 5603 mani·

1082 5631 1175 5704 teste,
1192 5634 1277 5710 quod
1290 5650 1349 5697 vos
1372 5636 1405 5697 01
1422 5637 1546 5698 terram
1565 5639 1713 5700 10011010
1725 5640 1760 5707 tn
1771 5632 1859 5716 isreel
