3886 6214
206 326 265 387 all
297 324 302 333 ”

210 500 357 562 cessum,
385 485 553 557 devotioni
578 488 698 551 vestrm
726 502 786 566 per
813 478 1004 565 apostolica

197 583 335 660 ,scripta
349 584 555 657 mandamus,
573 584 748 662 quaterue,
765 585 793 646 si
814 600 869 647 res
892 585 940 649 lta
969 601 1004 647 se

211 679 326 753 hahet,
361 683 617 758 praesumptores
652 683 842 759 hujusmodi
877 683 1004 744 tamdiu

212 777 435 854 appellatione
455 780 582 841 remota
612 780 916 842 excommunicatos
937 796 1004 857 pu-

212 874 299 935 blice
313 875 473 937 nuntietis
495 878 528 938 et
549 875 681 938 faciatis
703 875 745 937 ab
759 876 912 938 omnibus
926 893 1005 938 arc·

211 971 279 1033 tius
293 973 424 1044 evitari,
441 972 545 1035 donec
564 974 703 1051 praetem
724 974 880 1051 episcopo
900 975 1004 1036 satis-

213 1067 355 1130 fecerint
368 1070 594 1148 competenter
607 1072 641 1133 et
658 1086 733 1132 cum
749 1070 869 1133 litteris
883 1071 1005 1133 vestris

214 1165 265 1227 rei
293 1166 414 1227 seriem
441 1167 687 1229 continentibus
714 1167 755 1229 ad
782 1167 1006 1245 apostolicam

216 1262 1004 1336 sedemvenerintabsolvendi.DatumLaterani,

215 1360 247 1419 ΙΙ
261 1358 421 1424 kalendas
435 1361 563 1438 aprilis,
575 1361 787 1440 pontificatus
801 1362 908 1425 nostri
917 1377 1006 1424 anuo

216 1456 367 1534 septimo.

559 1735 667 1823 XCII

269 1903 321 1962 Ad
338 1904 488 1965 ulricum
499 1904 660 1966 comitem
673 1907 714 1965 de
727 1902 952 1966 Nococcstro.

501 2035 519 2092 l
537 2034 634 2106 aprilis
646 2034 726 2092 ¹223.

248 2153 399 2219 [zeelerden
411 2156 544 2208 Urkanden
554 2156 603 2208 den
615 2158 683 2208 stadt
691 2158 766 2216 Bern,
779 2156 860 2216 blm,
873 2170 899 2207 n.
911 2156 978 2221 lla]

217 2278 267 2338 Eis
280 2281 396 2338 mandat
410 2288 441 2341 ut
455 2296 471 2340 a
487 2283 652 2340 monasterii
664 2282 855 2340 lleriiacensis
873 2283 1007 2340 molesta·

416 2371 494 2429 tione
508 2370 632 2430 indebita
648 2371 798 2429 desistant.

258 2487 425 2549 Honorius
433 2489 619 2567 episcopus,
629 2501 745 2550 servus
755 2503 927 2550 servorum
937 2488 1007 2562 Dei,

218 2580 356 2645 dilectis
373 2585 452 2647 tiliis
473 2585 640 2648 nobilibus
659 2586 743 2648 viris
764 2585 876 2648 Ulrico
897 2586 1010 2648 comiti

218 2677 260 2741 de
287 2681 493 2745 Novccastro
519 2684 552 2744 et
579 2683 751 2754 Bertoldc,
779 2683 891 2760 nepoti
917 2686 1008 2762 ejus,

218 2776 405 2841 salutemet
419 2780 642 2857 apostolicam
654 2780 929 2842 benedictionem.

259 2876 530 2952 significantibus
558 2877 688 2940 dilectis
716 2877 806 2951 tiliis,
827 2876 946 2940 abbate
970 2893 1010 2940 ac

218 2974 383 3036 conventu
407 2974 631 3037 Herilacensis
650 2974 844 3037 monasterii
867 2990 929 3038 nos
949 2991 1011 3037 no-

217 3069 334 3131 veritis
348 3072 529 3149 accepisse,
548 3071 648 3149 quod,
664 3088 799 3150 quuma
820 3071 1010 3134 lundatori·

217 3163 280 3227 bus
308 3167 414 3245 ipsius
440 3169 634 3231 monasterii
659 3170 819 3232 statutum
846 3169 946 3232 luerit
969 3170 1011 3232 ab

218 3264 355 3342 antiquo
370 3266 457 3343 quod
481 3266 567 3328 idem
591 3267 829 3328 monasterium
845 3283 911 3329 uno
927 3267 1012 3339 dun·

217 3361 313 3424 taxat
326 3364 517 3426 contentum
531 3380 606 3426 esse
628 3363 746 3426 debeat
766 3364 937 3438 advocato,
954 3365 1011 3441 qui

117 3488 122 3517 l
213 3460 293 3535 jura
305 3458 461 3522 defendat
472 3461 580 3538 ipsius
590 3460 632 3522 ab
645 3460 833 3523 incursibus
846 3462 1012 3538 maligno-

216 3570 302 3628 rum,
317 3573 376 3619 vos
392 3557 515 3619 ibidem
530 3557 712 3619 advocatiae
732 3558 875 3619 officium
895 3560 1012 3621 contra

217 3652 376 3715 statutum
391 3654 564 3732 praelatum
577 3654 714 3716 insimul
732 3659 927 3718 exercentes
944 3672 1011 3718 nou

217 3749 325 3813 solum
349 3751 525 3814 defendere
549 3768 617 3814 non
636 3752 762 3815 curatis
785 3753 930 3825 eosdem,
950 3769 1011 3816 ve-

216 3863 291 3910 rum
306 3850 405 3912 etiam
420 3849 462 3912 ab
478 3850 527 3912 eis
542 3849 689 3912 indebita
709 3851 859 3928 quaedam
875 3853 1011 3927 exigere

123 4004 125 4017 ,
217 3960 257 4006 ac
279 3948 478 4025 extorquere
503 3948 648 4009 nitimini
673 3947 783 4009 minus
799 3950 899 4024 juste,
920 3949 1011 4025 Ipsos

217 4058 320 4120 super
346 4044 410 4106 boc
432 4045 551 4107 illicite
575 4044 793 4107 molestando.
820 4045 904 4116 Quia
931 4060 1011 4108 vero

217 4140 465 4218 praemIssorum
485 4141 615 4203 abbatIa
637 4141 670 4203 et
689 4143 870 4203 conventus
889 4157 1013 4218 grava·

216 4252 293 4298 men
317 4236 500 4300 indebitum
524 4237 778 4299 conniventibus
797 4238 903 4299 oculis
928 4254 1010 4316 per·

159 4338 163 4347 '
216 4333 362 4396 transire
377 4351 438 4397 nec
452 4336 607 4397 volumus
624 4351 686 4397 nec
704 4334 872 4407 dehemus,
889 4334 1013 4397 nobili-

216 4432 318 4494 tatem
330 4432 475 4495 vestram
485 4432 667 4509 rogandam
680 4433 837 4494 duximus
852 4433 1011 4495 attentius

217 4528 251 4590 et
270 4530 467 4590 mouendam
489 4546 550 4606 per
568 4528 758 4606 apostolica
772 4528 868 4591 vobis
887 4530 1011 4606 scripta

217 4626 424 4701 mandantes,
439 4628 602 4705 quatenus
617 4624 659 4687 ab
683 4641 798 4687 eorum
821 4627 853 4688 et
872 4642 1010 4687 monas-

216 4722 294 4785 terii
309 4725 362 4785 sui
383 4741 483 4802 super
498 4724 681 4802 praemissis
703 4722 932 4785 molestatione
953 4724 1010 4785 in-

217 4819 327 4884 debita
341 4821 524 4883 desistatis.
538 4820 696 4897 Alioquin
710 4818 895 4882 venerabili
916 4819 1011 4882 fratri

216 4917 569 4981 nostrcbausannensi
580 4917 736 4994 episcopo
746 4917 779 4977 et
790 4916 920 4979 dilectis
933 4916 1012 4978 liliis

216 5016 443 5078 Lustriacensi
469 5016 539 5076 et...
571 5014 686 5075 Sancti
717 5014 817 5075 Marii
846 5013 1013 5090 prioribus

217 5114 335 5175 damus
356 5112 481 5174 nostris
501 5110 622 5173 litteris
641 5111 677 5171 in
702 5109 879 5182 mandatis,
896 5112 933 5173 ut
953 5126 1013 5172 vos

216 5208 259 5271 ad
288 5209 322 5270 id
350 5208 534 5270 monitione
556 5207 730 5283 praemissa
753 5222 1012 5283 percensuram

215 5306 478 5368 ecclesiasticam
505 5303 729 5381 appellatione
762 5304 890 5365 remota
922 5320 1014 5365 com-

217 5403 353 5478 pellant
370 5404 489 5465 Datum
510 5401 679 5472 Laterani,
696 5403 726 5462 ll
750 5416 855 5463 nonas
883 5401 1011 5479 aprilis,

195 5556 199 5565 ,
218 5499 428 5571 pontificatus
441 5499 548 5562 nostri
560 5513 649 5560 anno
665 5497 820 5574 septimo.

821 328 1000 391 BONORII
1021 330 1067 391 111
1087 331 1237 392 OPERA.
1781 335 1830 397 aa

1387 498 1517 586 XCIII

1058 649 1111 709 Ad
1127 648 1382 710 monasterium
1408 650 1833 723 sacramentaneus

1362 756 1551 817 Faventia.
1910 768 1911 771 ’

1346 884 1472 957 laprilis
1486 884 1566 943 lm.

1175 1006 1326 1073 mittarelli,
1336 1009 1425 1059 Accae.
1435 1008 1496 1058 bist.
1512 1009 1659 1068 venusin,
1671 1007 1740 1073 ira]

1060 1131 1838 1207 ecmpodnouemsuperpossessicnibus,decmbetc,

1318 1220 1422 1280 lactum
1434 1221 1595 1280 confirmat.

1101 1337 1465 1415 Honoriusepiacopus,
1473 1352 1589 1403 servus
1601 1338 1839 1410 servorumllei,

1061 1432 1191 1497 dilectis
1205 1433 1284 1496 liliis
1297 1434 1407 1496 abbati
1421 1432 1455 1497 et
1468 1434 1646 1497 conventui
1657 1434 1841 1497 monasterii

1064 1533 1097 1593 S.
1117 1532 1234 1594 Mauiae
1257 1516 1486 1610 forisportam
1511 1532 1692 1601 Faventiae,
1714 1531 1841 1593 salutem

1064 1629 1096 1691 et
1106 1629 1330 1706 apostolicam
1344 1629 1618 1692 benedictionem.

1104 1727 1349 1798 Quumanobis
1372 1728 1496 1804 petitur
1510 1727 1595 1806 quod
1615 1727 1747 1804 justum
1763 1725 1844 1787 estet

1063 1822 1250 1895 honestum,
1265 1826 1333 1887 tam
1356 1825 1453 1901 vigor
1473 1824 1640 1901 aequitatis
1660 1838 1761 1900 quam
1775 1822 1844 1885 orde

1068 1921 1174 1997 exigit
1206 1921 1347 1983 rationis
1382 1922 1419 1983 ut
1444 1921 1478 1982 id
1508 1936 1569 1999 per
1599 1920 1846 1982 sollicitudinem

1063 2015 1844 2094 olflciincstriaddebitumperdueatureliectum

1064 2115 1256 2192 Eupropter‚
1286 2114 1397 2176 dilecti
1421 2115 1457 2174 in
1479 2114 1618 2175 Domino
1639 2112 1714 2184 tilii,
1736 2112 1845 2175 vestris

1060 2212 1161 2288 justis
1185 2211 1464 2288 postulationibus
1496 2212 1591 2288 grato
1617 2211 1845 2272 concurrentes

1064 2324 1214 2381 assensu,
1244 2311 1525 2387 compositionem,
1542 2325 1616 2386 quaa
1637 2308 1849 2370 intervosex

1064 2408 1157 2484 parte
1170 2423 1236 2468 una
1259 2408 1291 2468 et
1319 2407 1532 2484 prepositum
1547 2409 1581 2468 et
1596 2405 1781 2482 capitulum
1794 2407 1849 2464 Fa·

1062 2505 1235 2567 ventinum
1249 2520 1292 2566 ex
1313 2505 1430 2577 altera,
1456 2518 1556 2581 super
1575 2501 1847 2580 possessionibus,

1065 2603 1214 2675 decimis,
1231 2601 1413 2664 redditibus
1432 2604 1465 2664 et
1477 2601 1576 2662 rebus
1588 2601 1677 2672 aliis,
1694 2599 1850 2661 mediante

1065 2702 1258 2762 cesenaten.
1267 2700 1422 2777 eplscopo
1435 2700 1468 2761 et
1480 2698 1611 2760 dilectis
1621 2697 1703 2758 tiliis
1710 2700 1748 2758 Β.
1761 2696 1849 2758 asmo

1064 2797 1098 2860 et
1112 2799 1156 2858 Μ.
1171 2797 1363 2858 Ferentinis
1380 2795 1552 2858 canonicis
1568 2792 1792 2857 amicabiliter
1803 2792 1852 2852 in·

1065 2894 1218 2961 tervenit,
1232 2893 1319 2956 sicut
1330 2894 1403 2955 siue
1417 2891 1582 2969 pravitate
1595 2906 1665 2968 pax
1678 2890 1760 2952 iude
1773 2888 1851 2949 lacta

1066 2990 1127 3065 est,
1148 2992 1182 3054 et
1195 2990 1236 3052 ab
1260 2991 1400 3067 utraque
1419 2990 1514 3068 parte
1533 2990 1651 3067 sponte
1666 2988 1811 3065 recepta,
1825 2986 1854 3046 at

1065 3088 1227 3149 hactenus
1243 3087 1380 3165 pacifice
1400 3086 1586 3158 observata,
1610 3085 1645 3147 et
1672 3085 1708 3145 in
1732 3084 1852 3145 instru-

1066 3187 1176 3247 mento
1202 3184 1279 3247 inde
1305 3184 1456 3247 coniecto
1488 3183 1620 3262 plenius
1654 3182 1851 3250 continetur,

1066 3283 1262 3345 auctoritate
1284 3282 1474 3359 apostolica
1505 3281 1762 3353 confirmamus,
1795 3278 1852 3338 etc.

1065 3380 1184 3441 Datum
1193 3379 1361 3453 Laterani,
1379 3381 1409 3441 ll
1423 3395 1501 3441 non.
1517 3378 1647 3456 aprilis,
1662 3392 1753 3440 anno
1778 3392 1853 3453 sep·
1930 3376 1932 3453 l

1065 3478 1157 3539 timo.

1400 3715 1523 3804 XCIV

1066 3888 1117 3948 Ad
1126 3885 1356 3961 prepositum
1375 3885 1409 3947 et
1427 3884 1616 3960 capitatam
1634 3883 1855 3945 Faventiam.

1347 4015 1365 4073 i
1381 4014 1480 4088 aprilis
1495 4013 1575 4071 lara.

1174 4136 1322 4203 [liittarclli
1335 4138 1434 4189 decess.
1446 4136 1632 4195 bist.Farant.,
1645 4150 1671 4201 p.
1683 4135 1754 4201 ild]

1065 4261 1644 4336 compositionemsuperpossessionibus,
1652 4260 1783 4331 decimis,
1793 4266 1856 4329 etc,

1321 4349 1426 4407 iactam
1441 4349 1601 4407 confirmat.

1105 4467 1778 4543 Honoriusepiscopus,servusservorum
1787 4461 1857 4533 Dei,

1066 4562 1859 4641 dilectisdliispraepositoetcapitulob'aventino,

1066 4667 1207 4729 salutem
1222 4666 1254 4727 et
1266 4664 1489 4741 apostolicam
1503 4663 1781 4726 benedictionem.

1105 4764 1210 4827 iustis
1235 4762 1415 4839 petentium
1443 4760 1618 4822 desideriis
1645 4760 1795 4837 dignum·
1813 4756 1862 4821 esi

1068 4877 1129 4922 nos
1147 4860 1279 4922 facilem
1304 4858 1453 4936 praebere
1479 4873 1691 4929 consensum,
1721 4860 1755 4920 et
1772 4858 1859 4927 vota,

1067 4972 1141 5035 quae
1163 4972 1183 5016 a
1198 4954 1337 5017 rationis
1352 4953 1486 5016 tramite
1501 4969 1567 5015 non
1588 4953 1792 5025 discordant,
1811 4950 1862 5013 el-

1068 5055 1155 5115 lectu
1187 5050 1406 5129 prosequente
1445 5050 1624 5126 complere.
1666 5051 1861 5128 Eapropter,

1068 5150 1180 5211 dilecti
1196 5150 1230 5209 in
1244 5148 1383 5210 Domino
1399 5147 1471 5219 lilii,
1492 5147 1614 5208 vestris
1631 5149 1735 5223 justis
1746 5149 1862 5224 postu-

1068 5245 1247 5308 lationibus
1257 5246 1352 5321 grato
1363 5245 1601 5306 concurrentes
1610 5259 1763 5317 assensu,
1773 5260 1865 5305 com-

1069 5341 1865 5422 posiiionemquaeintervosexparteunaetcon-

1069 5443 1203 5503 ventum
1217 5438 1412 5499 monasterii
1433 5440 1466 5499 S.
1488 5437 1604 5499 Mariae
1624 5437 1708 5499 ioris
1736 5439 1864 5516 portam

1070 5537 1287 5621 Ferentinum
1311 5548 1356 5596 er
1380 5534 1498 5605 altera,
1523 5549 1625 5611 super
1639 5533 1864 5612 possessioni-

1068 5634 1141 5707 bus,
1155 5634 1303 5704 decimis,
1319 5631 1503 5694 redditibus
1518 5632 1551 5693 et
1565 5631 1667 5693 rebus
1683 5631 1771 5704 aliis,
1787 5646 1863 5692 me-
