3930 6206
111 236 162 301 000
693 218 922 281 nrrsuoum.
945 219 1023 279 ure.
1047 219 1133 281 vm.
1664 221 1726 283 aro

240 330 245 359 l

110 393 212 458 cedere
225 385 433 461 dignaremur
452 380 621 443 licentiam
636 379 793 457 eligendi.
805 381 876 442 Nos
929 378 1052 452 vestra,
1083 377 1170 440 siout
1190 392 1231 439 ea
1254 377 1366 439 omnia
1390 392 1463 456 quae
1481 379 1573 455 juste
1590 380 1636 440 -et
1669 393 1729 441 ea·

110 490 198 568 igitur
208 480 418 554 attendentes,
435 478 522 557 quod
546 479 581 539 in
597 477 746 555 partibus
755 477 875 540 restris
930 476 1049 537 nonioe
1072 475 1260 552 possidetis,
1284 473 1380 537 robis
1407 476 1441 537 et
1472 490 1534 552 per
1563 490 1623 538 ros
1653 490 1729 537 mo-

108 585 200 662 nagis
212 596 306 659 quam
319 576 401 639 alibi
420 574 643 653 periculosum
663 575 778 637 existit
798 589 876 636 ores
930 572 1078 634 nestorio
1091 573 1214 644 restro,
1231 572 1430 635 auotoritate
1442 573 1632 649 Apostolica
1648 587 1730 634 con-

108 699 165 745 non
189 678 307 740 babere
329 676 509 753 pastorem,
534 673 575 734 de
589 673 730 736 nauum
745 672 878 733 nostro·
931 669 1101 730 firmamus
1129 669 1163 731 et
1187 669 1363 746 praesentis
1394 670 1511 747 scripti
1541 670 1728 747 patrocinio

107 796 169 842 rum
177 775 318 842 oonsilio,
332 770 526 834 discretioni
536 773 656 832 restrae
670 783 731 847 per
742 769 878 846 Aposto·
931 767 1182 827 communimus.
1215 766 1308 829 Nulli
1342 782 1421 843 ergo
1456 767 1544 828 hano
1571 766 1743 845 paginamx

106 879 162 939 lica
183 872 298 949 scripta
314 869 521 940 mandamus,
540 867 704 944 quatenus
723 867 877 929 invocata
931 863 1054 925 nostrae
1069 863 1330 925 confirmationis
1346 863 1447 927 liceat
1461 864 1657 940 infringere,
1674 864 1729 925 vel

106 972 216 1050 Spiritu
230 968 340 1031 Sancti
354 966 463 1043 gratia
477 966 511 1027 et
525 964 766 1026 deliberatione
786 978 877 1040 prae·
931 961 963 1022 ei
980 976 1063 1021 ausu
1080 960 1259 1022 temerario
1275 960 1453 1021 contraire.
1470 961 1506 1021 Si
1520 962 1595 1038 quis
1616 962 1727 1023 autem

105 1069 203 1132 habita
227 1064 390 1141 diligenti,
426 1078 500 1125 cum
532 1060 736 1123 uenerabilis
765 1059 877 1122 fratris
931 1056 994 1119 boo
1008 1057 1172 1119 attentare
1186 1059 1451 1134 presumpserit,
1465 1057 1729 1133 indignationem

102 1165 229 1228 nostn'...
241 1161 443 1224 Arelatensis
458 1158 702 1236 archiepiscopi
717 1160 879 1235 metropo·
931 1155 1166 1232 omnipotentis
1179 1154 1239 1216 bei
1249 1170 1289 1216 ao
1299 1153 1470 1217 beatorum
1484 1155 1574 1216 Petri
1589 1156 1622 1217 et
1632 1153 1728 1216 Pauli

103 1262 185 1325 litani
197 1260 297 1323 uestri
311 1259 381 1320 et...
395 1256 543 1335 episcopi
553 1256 722 1319 Valentini
737 1254 877 1317 consilio
931 1251 1155 1329 apostolorum
1182 1254 1255 1330 ejus
1281 1267 1318 1312 se
1346 1252 1477 1314 noverit
1500 1253 1726 1313 incursurum.

102 1373 260 1437 personam
291 1356 455 1427 idoneam,
488 1369 562 1431 qnae
593 1353 684 1416 tanto
717 1351 879 1428 congruat
931 1349 1051 1411 Datum
1070 1348 1239 1422 Laterani,
1255 1364 1361 1411 nonas
1375 1348 1475 1425 junii,
1494 1362 1582 1410 anno
1597 1349 1727 1412 ootaro.

103 1456 185 1519 oneri
208 1455 240 1516 et
265 1453 395 1525 honori,
427 1451 587 1514 canonice
614 1448 709 1514 robis
737 1450 772 1510 in
793 1449 879 1526 epis·
940 1458 946 1469 ·

103 1568 205 1630 oopum
218 1550 360 1627 eligatis.
375 1551 494 1612 Datum
509 1547 679 1618 Laterani,
695 1549 739 1610 lV
753 1546 876 1608 kalen·

102 1651 152 1712 das
160 1649 256 1727 junii,
270 1662 359 1710 anno
368 1648 496 1710 octavo.
1200 1666 1465 1753 GCXXXVIH

132 1745 313 1809 Arelatensi
342 1744 591 1821 archiepiscopo
620 1743 691 1805 et...
722 1741 877 1818 episcopo

101 1844 260 1905 Valentino
275 1846 313 1905 ia
336 1844 494 1905 eumdem
516 1842 591 1915 sore
611 1842 751 1901 modum
766 1838 876 1914 scrip·
958 1818 1010 1878 Ad
1026 1817 1222 1891 &mimium
1233 1820 1478 1879 Democratem
1491 1816 1525 1878 ei
1539 1818 1706 1878 moniales

100 1939 158 2001 tum
172 1939 229 2011 est,
244 1937 357 2000 uerbis
374 1936 597 2014 competenter
611 1935 758 2007 mutatis,
771 1948 877 2008 usque
1143 1923 1179 1983 S·
1196 1923 1297 1983 Pelii
1311 1925 1351 1983 de
1366 1926 1514 1984 Aroma·

99 2036 130 2096 in
147 2036 248 2097 iidem.
274 2036 418 2112 Ideoque
440 2032 641 2095 fraternitati
666 2032 786 2094 vestra
819 2046 879 2108 per
1233 2052 1252 2110 5
1260 2051 1333 2124 jumi
1349 2052 1428 2111 liii.

98 2134 273 2209 Apostolioa
309 2133 434 2210 scripta
468 2130 679 2201 mandamus,
714 2129 877 2207 quatenns

98 2230 258 2291 consilium
269 2231 429 2301 restrum,
441 2227 527 2305 quod
540 2226 643 2290 veluti
654 2226 877 2304 opportunum

96 2325 287 2401 providimus
311 2324 536 2387 adhibendum
560 2338 662 2400 super
688 2320 876 2403 [electione]

96 2420 264 2484 efficaciter
281 2421 482 2499 impendatis
508 2420 654 2498 capitulo
674 2418 876 2497 supradicto.

96 2518 203 2581 Datum
216 2520 386 2593 Laterani,
418 2519 449 2580 ΙΙ
473 2518 634 2580 kalendas
657 2517 757 2595 junii,
790 2532 878 2579 anno

95 2616 212 2679 octavo,
973 2600 1731 2671 Litteraerestraenobisexhibitaecontinebant,

933 2698 1020 2775 quod
1035 2715 1109 2760 oum
1124 2699 1363 2760 monasterium
1376 2700 1409 2760 S.
1427 2698 1518 2761 Petri
1530 2698 1573 2760 de
1584 2701 1728 2772 Aronoa,

934 2796 1147 2857 Lameoensis
1162 2796 1328 2868 dioecesis,
1343 2795 1427 2858 adeo
1442 2797 1531 2857 esset
1547 2795 1731 2873 collapsum

359 2837 604 2925 GCXXXVH
933 2891 969 2952 in
984 2892 1233 2969 temporalibus,
1251 2893 1285 2955 et
1297 2892 1528 2970 spiritualibus
1543 2893 1580 2953 ut
1594 2907 1661 2953 non
1673 2907 1732 2954 es-

126 2990 173 3049 An
199 2990 359 3052 abbatem
383 2987 655 3060 conventumque
680 2988 840 3048 Fiebonis
934 2989 986 3051 set
994 3004 1069 3066 spes
1084 2989 1211 3051 ordinis
1225 2989 1314 3064 nigri
1324 2987 1457 3052 babitus
1468 2988 1676 3059 monialium,
1689 2987 1730 3050 ab

147 3086 284 3159 monta,
301 3083 656 3149 Proamonstrotenst's
670 3086 813 3146 ordinis.
934 3085 1070 3162 antiquo
1100 3085 1223 3146 ibidem
1258 3086 1462 3157 institutum,
1490 3100 1588 3162 posse
1623 3086 1659 3146 in
1691 3099 1732 3147 eo

383 3214 485 3288 pjmffi
499 3214 578 3272 liii.
935 3184 1033 3245 facile
1045 3181 1239 3258 reformari3
1254 3183 1296 3244 ad
1310 3183 1504 3245 instantiam
1519 3182 1640 3245 nobilis
1655 3199 1734 3244 mu-

934 3281 1028 3343 lieris
1047 3279 1218 3353 Masaldae,
1241 3279 1320 3342 filiae
1339 3280 1440 3342 clarae
1460 3281 1628 3347 memoris
1642 3282 1734 3358 regis

193 3340 288 3405 [linge
301 3340 396 3394 Μή
409 3339 571 3399 Premebat,
582 3336 686 3402 iprae.
698 3335 768 3402 ω’]
936 3378 1073 3451 sanctii,
1096 3394 1170 3455 quae
1192 3378 1227 3439 in
1251 3394 1292 3439 eo
1307 3380 1363 3455 jus
1380 3377 1507 3441 obtinet
1525 3379 1733 3455 patronatus,

142 3464 486 3538 fflssfltmflliOJUilssfflel
501 3463 641 3563 b0⁰⁰fuffl
656 3461 820 3520 willerii
934 3477 968 3539 et
995 3475 1172 3538 abbatissae
1199 3490 1238 3536 ae
1264 3475 1461 3537 monialium
1492 3475 1640 3553 eJusdem
1666 3475 1735 3537 loci

352 3552 484 3611 F¹³b⁰⁰¹⁸
498 3559 615 3610 ¹¹¹⁰¹¹¹¹⁸·
934 3573 1128 3639 instantiam
1144 3556 1370 3644 concessistis,
1386 3574 1423 3634 nt
1436 3573 1504 3634 tam
1519 3571 1688 3636 abbatissa
1701 3574 1736 3636 et

122 3670 288 3732 Honorius
297 3670 485 3748 episcopus,
494 3683 610 3730 seruus
623 3682 796 3730 serrorum
806 3668 877 3741 Dei,
934 3671 1097 3733 moniales
1118 3671 1200 3747 ipsae
1225 3686 1324 3748 quam
1348 3670 1389 3731 de
1410 3671 1532 3732 oaetero
1556 3671 1591 3731 in
1617 3670 1734 3733 eodem

87 3762 207 3829 dilectis
222 3767 307 3829 tiliis
323 3765 452 3828 abbatis
472 3765 506 3828 et
525 3765 705 3827 conventui
722 3764 879 3826 Flabonis
934 3768 1137 3831 monasterio
1162 3766 1401 3843 reciperentur,
1430 3767 1637 3842 susciperent
1660 3766 1734 3827 Cis-

87 3864 210 3937 montis,
227 3862 564 3927 praemonstratensis
581 3861 721 3935 ordinis,
738 3861 879 3924 salutem
933 3866 1111 3928 terciensis
1123 3864 1250 3926 ordinis
1264 3863 1413 3926 instituta
1425 3885 1433 3923 ε
1446 3878 1520 3924 eam
1533 3862 1732 3934 libertatem,

86 3958 116 4020 et
125 3962 355 4037 apostolicam
369 3959 646 4022 benedictionem.
934 3965 1092 4041 quantum
1105 3977 1165 4039 per
1177 3977 1236 4023 ros
1248 3961 1323 4023 fleri
1337 3960 1455 4037 potuit,
1472 3959 1579 4021 eidem
1594 3975 1733 4023 monas-

120 4057 223 4127 Qunm
238 4074 260 4120 a
275 4057 376 4120 nobis
391 4058 513 4135 petitur
531 4056 618 4133 quod
630 4055 756 4132 justum
776 4056 827 4117 est
848 4057 881 4118 et
934 4060 1018 4123 terio
1033 4059 1265 4130 concedentes,
1279 4073 1379 4135 quam
1392 4056 1516 4119 habent
1530 4058 1733 4121 monasteria

85 4150 266 4228 honestum,
284 4156 356 4219 tam
374 4156 472 4231 rigor
491 4153 659 4231 aequitatis
679 4168 779 4230 quam
798 4153 880 4214 ordo
934 4157 1061 4219 ordinis
1087 4155 1270 4233 supradicti
1289 4155 1325 4216 in
1346 4156 1423 4217 aliis
1448 4154 1646 4219 dioecesibus
1671 4177 1679 4217 z
1701 4158 1736 4218 et

84 4249 183 4326 exigit
199 4252 361 4323 rationis,
380 4253 416 4314 ut
428 4251 462 4313 id
477 4266 537 4329 per
550 4250 809 4313 sollicitudinem
824 4249 879 4311 oi·
935 4254 1091 4333 qnoniam
1112 4270 1260 4316 annuum
1276 4269 1412 4315 censum
1428 4268 1489 4315 sex
1503 4268 1682 4314 aureorum
1699 4253 1735 4316 in

84 4344 145 4408 boii
158 4350 269 4412 nostri
284 4349 330 4411 ad
345 4348 490 4411 debitum
504 4348 705 4425 perducatur
713 4347 878 4410 effectum.
934 4352 1050 4414 eodem
1086 4352 1289 4413 monasterio
1325 4349 1514 4422 habebatis,
1552 4351 1735 4427 prouentus

82 4443 278 4523 Eapropter,
304 4445 419 4509 dilecti
438 4447 474 4506 in
496 4445 635 4507 Domino
659 4445 737 4518 lilii,
760 4445 880 4509 vestris
934 4450 1035 4511 trium
1050 4448 1566 4525 cassaliuminterminoPaynae
1580 4446 1736 4527 (duorum

78 4540 172 4614 justis
196 4543 359 4620 precibus
382 4542 547 4614 inclinati,
568 4558 728 4620 personas
751 4544 880 4606 vestras
935 4546 1065 4608 scilicet
1090 4546 1125 4606 in
1149 4545 1240 4616 loco,
1267 4545 1354 4622 quod
1384 4545 1508 4608 dicitnr
1533 4546 1674 4618 Peneia,
1703 4546 1737 4608 et

82 4640 111 4699 et
123 4639 369 4702 monasterium
380 4639 415 4700 in
426 4654 491 4715 qno
501 4639 616 4701 divino
631 4640 711 4702 estis
722 4639 880 4718 obsequio
935 4644 1034 4705 unius
1047 4644 1082 4704 in
1095 4643 1181 4715 loco,
1195 4642 1281 4719 qnod
1294 4642 1418 4704 dicitur
1429 4641 1573 4721 carave)
1586 4643 1737 4720 praedicti

81 4738 270 4815 mancipati,
289 4752 368 4799 oum
382 4735 535 4797 omnibus
548 4734 645 4797 bonis
657 4752 730 4813 quae
743 4737 778 4797 in
794 4754 882 4815 prae-
935 4755 1055 4803 census
1076 4740 1385 4817 recompensatione
1410 4739 1560 4817 recipitis
1575 4762 1582 4799 :
1597 4754 1733 4801 censum

80 4834 262 4896 sentiarum
292 4832 541 4897 rationabiliter
563 4834 739 4911 possidetis
763 4836 822 4896 aut
845 4836 881 4896 in
936 4838 1044 4916 ipsum
1062 4838 1221 4914 perpetuo
1232 4836 1438 4899 remittentes
1453 4837 1643 4912 supradicto
1663 4851 1737 4898 mo-

79 4929 223 4994 iuturum
246 4930 356 5009 justis
381 4930 499 5000 modis,
523 4932 701 5007 praestante
729 4933 879 5006 Domino,
936 4934 1094 4997 naslerio.
1123 4933 1217 4995 Unde
1242 4948 1314 5006 ros,
1344 4935 1377 4996 et
1401 4933 1515 4995 dilecti
1543 4933 1607 4993 lilii
1631 4932 1735 4995 abbas

78 5028 228 5103 poteritis
255 5027 415 5106 adipisci,
432 5026 493 5088 sub
512 5027 601 5091 beati
624 5030 715 5091 Petri
738 5031 771 5091 et
797 5045 879 5090 nos·
935 5031 1177 5102 cisterciensis,
1196 5032 1230 5093 et
1246 5030 1382 5092 abbates
1402 5030 1529 5092 ordinis
1548 5030 1601 5090 sui
1621 5030 1657 5091 in
1672 5046 1735 5106 ge-

77 5127 127 5187 tra
160 5127 379 5204 protectione
419 5125 641 5202 spisoipimus.
684 5127 882 5204 specialiter
935 5129 1043 5190 nerali
1064 5128 1211 5204 capitulo
1230 5128 1435 5204 congregati,
1453 5126 1549 5189 nobis
1563 5126 1736 5191 humiliter

77 5224 185 5286 antem
206 5223 393 5286 ecclesiam
416 5210 457 5284 de
478 5223 677 5295 Fresnis,de
693 5223 878 5298 Sandioort,
935 5224 1164 5302 supplicastis,
1192 5226 1229 5287 ut
1262 5225 1347 5302 quod
1380 5240 1480 5302 super
1514 5222 1637 5285 iactum
1672 5226 1735 5298 est,

76 5321 115 5382 de
144 5320 405 5393 Hadonisvilla,
437 5320 478 5382 de
513 5323 657 5394 Boenes‚
687 5321 878 5390 dentifer,
935 5323 1125 5400 apostolico
1137 5322 1298 5385 roborare
1311 5322 1496 5383 munimine
1508 5321 1734 5397 dignaremur.

76 5416 115 5479 de
140 5418 336 5481 Bellodono
372 5419 531 5495 grangias
562 5434 637 5480 eum
670 5419 880 5495 pertinentiis
935 5422 1005 5483 Nos
1033 5420 1137 5497 igitur
1161 5420 1283 5482 rostris
1311 5423 1344 5482 et
1367 5418 1559 5481 eorumdem
1581 5418 1737 5483 abbatum

76 5516 159 5590 suis;
192 5532 260 5577 nec
290 5528 360 5576 non
382 5515 610 5591 possessiones
641 5517 673 5578 et
701 5516 768 5578 alia
794 5515 880 5578 bona
936 5517 1090 5594 precibus
1113 5517 1276 5590 inclinati,
1301 5516 1544 5578 ordinationem
1566 5532 1626 5579 seu
1642 5533 1737 5581 corn-

1026 2174 1176 2239 [blenriqna
1187 2174 1301 2225 muetos
1314 2175 1499 2233 (distortionem,
1513 2174 1555 2233 lv,
1568 2173 1613 2224 231
1619 2174 1637 2239 ‚l

932 2288 1067 2349 Concedit
1089 2297 1120 2348 ut
1143 2291 1284 2348 moniales
1307 2291 1336 2349 S.
1361 2290 1437 2349 Petri
1462 2289 1498 2348 de
1519 2290 1633 2347 Aronca
1654 2289 1733 2363 nigri

968 2376 1076 2435 ordinis
1090 2379 1189 2435 vivant
1206 2385 1315 2436 mutato
1341 2376 1441 2436 babitu
1459 2377 1513 2435 sub
1531 2377 1734 2436 observatione

948 2474 997 2524 ‚et
1011 2466 1190 2524 districtione
1202 2465 1397 2526 cisterciensis
1411 2464 1530 2523 ordinis.
