3972 6204
710 385 940 447 EPISTOLAE.
963 388 1042 448 LIB.
1065 390 1105 448 X.

452 573 508 661 Vl

175 733 229 792 Ad
242 733 482 795 Eberhardom
496 738 789 812 archepiscopum

301 854 302 859 ¹
328 832 634 906 salisburgensem.

297 930 302 983 i
363 961 508 1034 saugusti
523 962 602 1020 1225.
651 968 656 981 ’

266 1081 380 1147 [hierges
393 1084 456 1135 llist.
468 1085 616 1151 salisburg,
628 1087 696 1154 eea]

129 1207 319 1280 Privilegium
333 1223 419 1280 super
428 1211 594 1284 episcopatu
608 1211 638 1268 in
647 1213 831 1273 seccoviensi

343 1298 465 1357 ecclesia
487 1307 617 1358 renovat.

119 1424 290 1485 Honorius
300 1424 486 1501 episcopus,
500 1441 797 1490 servasservorum
804 1431 874 1504 Dei,

75 1519 268 1581 venerabili
290 1520 386 1584 fratri
416 1520 607 1585 Eberhardo
629 1520 876 1605 salisburgensi

76 1616 345 1695 archiepiscopo,
361 1608 501 1680 salutem
519 1621 551 1682 et
575 1622 798 1698 apostolicam
817 1623 877 1686 be-

75 1710 316 1776 nedictionem.

116 1812 190 1871 Tua
203 1810 299 1872 nobis
313 1810 505 1875 fraternitas
527 1815 737 1893 supplicavit,
751 1818 787 1879 ut
800 1834 874 1879 cum

73 1907 292 1984 privilegium
303 1923 403 1985 super
415 1911 609 1988 episcopatu
620 1914 875 1976 inseccoviensi

74 2005 232 2075 ecclesia,
249 2007 328 2068 tunc
341 2007 407 2068 tuae
429 2007 617 2070 dioecesisa
645 2012 677 2072 te
699 2011 738 2072 de
761 2014 874 2075 nostra

74 2102 298 2179 permissione
313 2105 437 2176 creato,
452 2105 514 2166 tibi
527 2122 720 2168 concessum
735 2110 872 2181 anobis,

73 2215 138 2276 per
147 2199 350 2261 incautelam
365 2201 409 2262 sit
425 2201 605 2264 amuribus
620 2204 786 2283 tineisqna
799 2222 875 2268 cor-

73 2296 203 2369 ros'um,
216 2297 261 2357 ita
277 2298 314 2359 ut
325 2297 445 2359 abrosa
463 2315 600 2375 prorsus
612 2303 706 2377 parte
723 2319 789 2364 non
803 2321 875 2365 rno-

74 2392 164 2466 dica,
182 2409 242 2471 per
255 2395 382 2471 partem
404 2396 573 2459 residuam
592 2399 672 2460 sciri
689 2415 755 2460 non
770 2401 874 2477 possit

73 2490 152 2568 quis
168 2489 269 2553 fuerit
280 2493 377 2553 tenor
390 2494 462 2569 ejus
479 2510 599 2571 :super
613 2495 677 2557 hoc
688 2512 762 2557 cum
772 2497 874 2561 fuerit

72 2587 111 2648 in
144 2588 276 2662 regesto
299 2589 413 2650 nostro
441 2592 676 2669 couscriptum,
698 2594 872 2670 providere

72 2682 189 2745 debita
205 2684 429 2748 sollicitudine
444 2686 670 2762 dignaremur.
686 2692 716 2751 N
719 2707 755 2752 os
771 2691 874 2767 igitur

71 2783 227 2844 tenorem
241 2783 389 2859 eJusdem
404 2784 571 2860 privilegii
584 2786 624 2847 de
646 2790 778 2863 regesto
799 2790 872 2866 ipso

73 2878 220 2940 fideliter
232 2880 410 2956 sumptum,
420 2883 576 2957 praesenti
591 2884 720 2961 paginae
734 2884 872 2948 fecimus

71 2977 241 3048 annotari,
258 2976 486 3049 decernentes
503 2980 539 3040 ut
555 2981 677 3055 pagina
692 2982 756 3044 ista
775 2998 870 3044 eam-

72 3073 150 3135 dem
176 3074 245 3134 vim
269 3076 557 3137 etauctoritatem
581 3077 740 3151 obtineat,
773 3096 871 3157 quam

71 3169 251 3249 praefatum
278 3171 421 3233 obtinuit
446 3173 669 3251 privilegium,
694 3178 872 3254 antequam

70 3269 163 3329 esset
178 3281 238 3343 per
260 3267 461 3329 incautelam
476 3285 536 3331 seu
552 3287 665 3332 casum
681 3272 871 3351 hujusmodi

68 3364 246 3426 violatum.
263 3366 321 3426 Est
340 3365 443 3447 igitur
457 3366 562 3444 ipsius
585 3368 753 3447 privilegii
776 3373 872 3434 tenor

68 3463 177 3524 talis:

113 3560 869 3645 Honoriusepiscopus,servusservorurnllei,

68 3656 261 3721 venerabili
280 3657 376 3719 tratri
397 3658 589 3721 Eberhardo
618 3661 871 3740 salzeburgensi

68 3755 339 3832 archiepiscopo,
368 3755 509 3817 salutem
525 3757 558 3819 et
569 3760 792 3835 apostolicam
807 3759 870 3822 be-

71 3852 310 3914 nedictionem.

111 3949 207 4021 Quod
225 3965 291 4011 non
306 3951 374 4022 tua,
392 3949 450 4012 sed
465 3968 538 4028 quae
553 3952 676 4015 Christi
689 3954 742 4014 vel
758 3956 869 4031 potius

69 4062 148 4124 quac
158 4046 283 4108 Christi
298 4049 331 4108 et
349 4048 405 4108 tua
422 4051 509 4119 sunt,
526 4049 641 4111 sedula
657 4051 869 4114 meditatione

66 4144 237 4222 requiras,
255 4158 357 4221 opera
379 4146 437 4207 tua
452 4146 679 4208 testimonium
694 4148 869 4224 perhibent

67 4239 256 4311 evidenter,
283 4238 359 4301 dum
386 4242 563 4304 commisso
585 4243 645 4304 tibi
673 4245 767 4319 gregi
790 4261 870 4322 pro-

65 4338 168 4398 desse
183 4336 375 4398 desiderans
388 4339 607 4416 potiusquam
622 4355 780 4417 praeesse,
798 4343 870 4403 ani·

65 4449 201 4495 marum
216 4432 356 4506 lucrum,
380 4435 467 4497 sicut
487 4435 581 4497 decet
596 4437 728 4497 Domini
751 4455 867 4499 sacor-

65 4531 193 4603 dotem,
228 4530 364 4606 praefers
393 4533 534 4608 questui
569 4534 760 4610 temporali;
789 4536 868 4612 quin

64 4627 184 4699 etiam,
196 4643 239 4688 ne
251 4644 316 4689 non
331 4631 467 4691 taureas
482 4646 633 4706 pascere,
646 4648 745 4708 quarn
755 4632 869 4709 depas-

64 4741 147 4788 cere
162 4725 319 4794 videaris,
333 4726 494 4797 carnalia,
519 4744 592 4805 quae
612 4745 727 4804 posses
744 4734 867 4792 metere

63 4824 105 4885 iu
137 4821 274 4895 eisdem,
309 4823 518 4885 voluntarius
546 4824 648 4886 offers
679 4827 867 4902 spiritualia

64 4917 280 4989 seminando,
295 4918 408 4995 sicque
421 4917 468 4989 nt,
490 4919 526 4979 ut
541 4919 729 4980 ministrum
745 4921 867 4984 Christi

64 5020 102 5078 et
110 5014 375 5091 dispensatorem
386 5017 619 5093 mysteriorum
626 5019 685 5079 Dei
698 5020 730 5079 te
741 5018 867 5082 faciens

63 5112 258 5176 existimari
274 5112 522 5175 tuumhonores
540 5114 574 5175 in
590 5116 730 5177 Domino
748 5117 868 5178 minis-

65 5211 203 5280 terium,
219 5210 318 5286 teque
339 5210 460 5271 reddas
473 5211 626 5272 omnibus
635 5212 866 5275 honorandum

62 5312 100 5371 et
113 5307 263 5369 favorem
278 5309 428 5369 nostrum
443 5323 486 5368 ex
498 5308 540 5369 iis
556 5324 595 5370 eo
614 5310 792 5386 specialius
806 5311 864 5373 tibi

61 5404 311 5481 vindicesque
335 5404 457 5466 nostris
481 5404 699 5483 beneplacitis
722 5422 865 5485 expres-

62 5505 139 5566 sius
154 5503 187 5563 te
197 5502 343 5578 coaptas.
358 5501 546 5567 Prudenter
558 5504 646 5565 enim
660 5506 863 5580 recogitans,

62 5599 712 5681 quodsalzeburgensisdioecesisusqne
723 5605 805 5666 adeo
817 5608 866 5669 est

63 5696 203 5768 diffusa,
223 5693 308 5772 quod
324 5710 390 5757 non
410 5694 559 5758 sufficias
576 5697 741 5760 universis
764 5698 863 5762 habi-

1666 396 1726 456 906

931 547 1078 610 tantibus
1103 549 1139 612 in
1166 548 1282 611 eadem
1311 551 1472 627 pastorali
1502 553 1726 616 sollicitudine

932 643 1116 718 imminere,
1133 646 1319 725 timensque
1333 664 1376 710 ne
1399 637 1536 723 nonsit,
1562 652 1619 728 qui
1641 666 1724 728 par-

931 741 1029 801 vulus
1059 743 1111 803 lac
1143 743 1303 807 doctrinae
1331 748 1383 808 vel
1417 748 1582 823 provectis
1615 749 1725 809 cibum

931 838 1073 899 solidum
1100 840 1319 914 administret,
1351 844 1410 904 aut
1439 845 1525 921 quod
1556 846 1724 907 infirmum

930 939 991 1007 ost,
1006 936 1041 996 in
1054 936 1104 997 eis
1116 937 1309 1011 consolidet,
1324 942 1382 1003 aut
1392 940 1518 1017 alliget,
1537 942 1624 1019 quod
1639 958 1723 1005 oon-

931 1030 1088 1109 fractum3
1103 1034 1181 1097 olim
1197 1051 1257 1111 per
1278 1035 1434 1098 dilectum
1449 1037 1554 1099 fllium
1569 1040 1723 1101 Carolum

931 1130 1162 1191 Frisaoencem
1185 1133 1397 1209 prepositum
1419 1150 1478 1211 per
1499 1135 1628 1198 litteras
1648 1141 1724 1199 tuas

930 1224 1026 1286 nobis
1049 1226 1220 1290 humiliter
1243 1229 1449 1306 supplicasti,
1477 1234 1514 1293 ut
1539 1234 1575 1294 in
1598 1236 1723 1296 secco-

930 1322 1038 1384 viensi
1063 1324 1205 1385 ecclesia
1231 1326 1298 1388 tuae
1325 1324 1479 1389 dioecesis
1502 1331 1724 1407 episcopalem

929 1418 1040 1479 sedem
1069 1422 1205 1483 creandi
1239 1422 1301 1484 tibi
1337 1424 1505 1486 licentiam
1541 1427 1723 1488 concedere

928 1514 1156 1591 dignaremur,
1173 1520 1289 1594 parato
1304 1520 1345 1581 de
1364 1537 1506 1583 assensu
1521 1524 1658 1600 capituli
1673 1525 1724 1587 tui

929 1613 960 1672 ei
977 1628 1076 1675 unam
1094 1614 1228 1676 diaetam
1240 1618 1274 1678 et
1287 1617 1458 1679 dimidiam
1479 1620 1514 1680 in
1530 1619 1666 1682 dioecesi
1690 1623 1723 1682 et

928 1710 1097 1773 trecentas
1123 1728 1252 1775 marcas
1272 1714 1307 1775 in
1329 1715 1512 1777 redditibus
1536 1718 1720 1793 assignare,

930 1805 1087 1885 itantper
1097 1810 1207 1870 omnia
1216 1811 1322 1887 ipsius
1334 1813 1560 1875 seccoviensis
1571 1815 1722 1890 ecclesia

924 1906 1002 1981 jnre
1017 1906 1109 1967 salvo
1123 1907 1208 1968 nihil
1232 1909 1273 1969 de
1289 1908 1386 1971 bonis
1406 1910 1512 1988 ipsius
1527 1913 1566 1973 ad
1589 1914 1722 1991 episco-

929 2001 1036 2078 palem
1063 2004 1256 2067 cathedram
1274 2007 1507 2079 transferatur,
1531 2026 1592 2070 neo
1618 2008 1722 2071 ullum

928 2099 1050 2161 exinde
1060 2101 1095 2162 in
1110 2101 1338 2178 dignitatibus,
1349 2105 1569 2178 libertatibus,
1582 2123 1718 2168 consue-

928 2197 1097 2258 tudinibus
1112 2203 1145 2261 et
1157 2200 1343 2262 rationibus
1360 2201 1612 2279 salzeburgensi
1625 2205 1719 2282 capi-

926 2295 997 2356 tulo
1029 2297 1259 2372 praejudicium
1291 2302 1479 2374 generetur.
1517 2302 1610 2363 Unde
1644 2301 1724 2365 licet

927 2391 1040 2454 forsan
1056 2407 1095 2454 eo
1111 2396 1220 2455 minus
1238 2395 1278 2456 ad
1295 2396 1358 2457 hoc
1378 2397 1584 2458 insufficiens
1599 2399 1720 2461 debeas

927 2489 1086 2564 reputari,
1113 2504 1178 2567 quo
1199 2490 1470 2554 insufficientiam
1492 2494 1619 2569 allegas
1648 2495 1722 2555 ins·
1769 2530 1772 2534 ι

926 2586 1064 2658 tantius,
1082 2602 1142 2649 nos
1157 2589 1268 2650 tamen
1283 2591 1376 2651 tuum
1391 2592 1597 2667 propositum
1611 2591 1722 2668 dignis

926 2683 961 2744 in
977 2684 1117 2745 Domino
1129 2685 1282 2747 laudibus
1305 2688 1573 2750 commendantes
1593 2691 1628 2750 et
1643 2705 1721 2765 pre-

926 2780 1020 2841 cibus
1043 2776 1110 2842 tuis
1139 2798 1180 2843 eo
1201 2782 1418 2845 favorabilius
1438 2787 1634 2858 annuentes,
1657 2802 1721 2864 quo

925 2877 1036 2938 rarius
1052 2878 1101 2939 eis
1114 2879 1240 2941 similes
1253 2884 1287 2942 et
1301 2880 1492 2959 frequenter
1503 2882 1598 2943 nobis
1618 2883 1722 2943 dissi-

925 2975 1021 3035 miles
1046 2976 1098 3036 vel
1124 2977 1233 3052 potius
1249 2979 1427 3040 contrariae
1441 2980 1667 3055 porriguntur,
1686 2981 1722 3043 nt

926 3086 979 3131 res
993 3074 1061 3133 tam
1074 3073 1179 3134 ardua
1199 3076 1272 3135 sine
1285 3074 1375 3135 omni
1396 3075 1580 3138 offensione
1603 3093 1722 3154 proce·

926 3168 1028 3240 deret,
1051 3170 1235 3232 venerabili
1264 3171 1360 3233 fratri
1380 3176 1493 3235 nostro
1515 3173 1721 3250 frisingensi

925 3265 1080 3343 episcopo
1089 3267 1259 3329 etdilectis
1270 3268 1349 3329 fillis
1363 3270 1557 3332 Brixinensi
1571 3271 1677 3333 electo
1687 3272 1722 3335 et

925 3361 1037 3423 abbati
1050 3363 1268 3426 admuntensi
1288 3366 1411 3428 nostris
1429 3367 1578 3428 dedimus
1600 3368 1720 3430 litteris

924 3459 960 3519 in
974 3460 1151 3534 mandatis,
1168 3463 1205 3523 ut
1218 3462 1407 3540 hujusmodi
1429 3465 1555 3541 negotii
1576 3466 1721 3527 circum·

925 3557 1066 3619 stantias
1077 3558 1219 3621 sollicite
1231 3561 1456 3638 inquirentes,
1466 3564 1499 3625 et
1515 3563 1719 3641 specialiter,

925 3655 954 3714 si
990 3654 1053 3716 hoc
1092 3656 1348 3735 salzeburgensi
1374 3659 1525 3721 ecclesiae
1561 3660 1720 3737 expedire

924 3751 1086 3824 viderent,
1102 3755 1135 3814 et
1144 3753 1185 3813 ad
1203 3754 1233 3814 id
1250 3755 1387 3832 capituli
1400 3756 1549 3833 eJusdem
1561 3772 1719 3819 assensus

924 3848 1106 3920 accederet,
1119 3866 1181 3911 nec
1191 3852 1325 3912 nonnisi
1340 3853 1568 3914 seccoviensis
1577 3854 1719 3916 ecclesia

924 3961 967 4006 ex
981 3944 1044 4007 hoc
1055 3949 1246 4008 servaretur
1261 3948 1437 4019 indemnis,
1454 3950 1487 4012 et
1506 3951 1616 4013 utrum
1630 3952 1719 4014 esset

924 4042 1094 4104 sufficiens
1106 4048 1139 4105 et
1153 4044 1274 4105 idonea
1287 4045 1389 4107 futuri
1410 4047 1557 4124 episcopi
1570 4049 1718 4125 provisio

923 4140 1108 4217 praetaxata
1135 4141 1328 4217 diligentius
1351 4143 1559 4220 indagantes,
1588 4146 1715 4208 rescri-

923 4236 1039 4299 berent
1066 4238 1163 4326 nobis
1192 4256 1292 4316 snper
1318 4241 1369 4301 his
1394 4241 1553 4343 ‘omnibus
1577 4242 1719 4306 fideliter

923 4335 1108 4403 veritatem,
1126 4352 1189 4413 qua
1210 4338 1343 4412 cognita
1358 4338 1399 4399 de
1418 4339 1558 4401 consilio
1579 4340 1718 4402 fratrum

922 4433 1112 4493 nostrorum
1136 4434 1391 4509 procederemus
1418 4438 1554 4498 anctore
1579 4438 1718 4499 Domino

922 4528 1096 4590 inoffense.
1114 4532 1296 4607 Episcopus
1310 4547 1389 4594 vero
1400 4532 1544 4594 etabbas
1556 4534 1717 4610 praedicti,

922 4626 1008 4687 sicut
1036 4628 1106 4687 suis
1134 4627 1230 4689 nobis
1259 4628 1378 4690 littaris
1407 4630 1612 4702 intimarunt,
1639 4633 1716 4709 qnia

922 4724 1234 4799 praedictuselectus
1243 4727 1493 4803 crucesignatus
1503 4728 1717 4804 inprocinctu

921 4823 1017 4898 quasi
1036 4823 1315 4899 peregrinationis
1331 4825 1470 4900 positus,
1487 4825 1565 4887 huic
1582 4827 1715 4902 negotio

921 4918 1717 4998 interessenonpoterat,adsalzeburgensemec·

921 5015 1056 5077 clesiam
1072 5018 1293 5094 personaliter
1306 5019 1500 5080 accedentes
1514 5035 1714 5083 consensum

920 5113 1058 5189 capituli
1070 5114 1111 5174 ad
1125 5115 1188 5176 hoc
1210 5115 1369 5177 invenere
1386 5116 1536 5192 paratum
1561 5117 1593 5179 et
1608 5134 1716 5195 quan·

920 5214 989 5272 tum
1001 5213 1069 5274 tam
1080 5212 1125 5272 ibi
1143 5228 1241 5290 quam
1268 5213 1348 5273 alibi
1364 5229 1465 5290 super
1488 5212 1550 5274 hoc
1565 5216 1718 5291 poterant

920 5308 1063 5380 edoceri,
1077 5308 1264 5371 didicerunt
1275 5310 1337 5371 hoc
1351 5309 1602 5387 salzeburgensi
1613 5313 1717 5376 cccle-

920 5406 979 5466 siaa
993 5405 1118 5483 absque
1131 5407 1231 5468 dubio
1246 5407 1415 5482 expedire.

961 5504 1180 5580 Praepositum
1195 5500 1325 5581 quoqne
1341 5506 1373 5567 et
1394 5504 1575 5582 capitulum
1591 5509 1715 5571 secco-

912 5601 1034 5665 .viense
1048 5602 1270 5678 personaliter
1284 5602 1420 5664 allocuti
1430 5606 1629 5680 acceperunt
1641 5622 1715 5668 res-

918 5715 1071 5775 ponsum,
1082 5699 1166 5776 quod
1180 5700 1213 5760 et
1222 5700 1450 5763 seccoviensis
1460 5701 1601 5764 ccclesia
1610 5703 1716 5770 illaesa
