3886 6214
82 344 139 404 2117

124 500 337 569 (1191999919
357 500 481 567 sanctas
495 501 613 566 matris
631 504 790 567 Ecclesia
804 504 885 566 illlis

88 601 128 663 ad
142 616 224 679 quos
243 616 396 677 prmsens
414 601 573 679 seriptum
592 603 793 679 pervenerit,
811 605 886 666 Ste-

88 698 217 776 phanus
243 698 467 775 permissione
489 698 603 760 divina
631 700 884 762 cantuariensis

36 850 60 885 ,
86 795 372 871 archiepiscopm,
400 795 501 857 totius
528 797 658 871 Anglias
691 797 816 873 primas
849 798 884 857 et

84 893 210 955 sanctae
223 895 384 955 Romana
396 892 553 955 Ecclesiae
568 893 761 965 cardinalis,
778 895 881 955 aeter-

84 1006 164 1052 nam
178 989 217 1051 in
228 990 370 1051 Domino
380 991 534 1052 salutem.
550 993 635 1052 Ante
646 990 755 1052 cordis
769 992 884 1052 oculos

86 1087 276 1149 statuentes
299 1087 544 1149 inaestimabilis
567 1087 771 1150 affluentiam
795 1088 885 1149 cari·

83 1186 176 1257 tutis,
196 1201 263 1261 qua
278 1173 517 1247 monasterium
535 1186 789 1247 pontiniacense
801 1184 884 1246 bea·

81 1282 254 1345 1199119999
288 1283 468 1359 martyrem
502 1283 661 1344 Thomam
694 1282 883 1361 predeces-

83 1394 196 1441 sorem
220 1381 374 1441 nosimm
401 1379 437 1440 in
462 1380 566 1442 exilio
589 1381 804 1443 constitutum
826 1379 886 1442 bo-

82 1478 187 1553 nigne
221 1477 360 1553 recepit,
396 1477 430 1539 et
461 1477 493 1539 ai
521 1477 614 1553 pium
643 1477 883 1554 compassionis

83 1573 243 1636 solatium
257 1573 466 1636 abundanter
486 1573 651 1651 impendit
667 1595 674 1636 ε
695 1578 827 1637 999999
840 1573 882 1635 90

84 1670 284 1733 memoriam
303 1674 500 1733 revocantes
524 1669 683 1748 obsequia
704 1671 837 1747 piatatis
863 1685 882 1731 a

82 1766 292 1828 munmterio
313 1766 505 1843 supradicto
531 1767 628 1828 nobis
652 1766 883 1829 exsulantibus

82 1864 242 1927 hilariter
259 1865 294 1926 et
306 1863 483 1926 affluenter
500 1865 663 1942 impensa,
683 1865 802 1927 mento
822 1880 883 1926 nos

82 1961 126 2023 ad
139 1962 175 2023 id
189 1960 335 2023 latemur
346 1961 532 2034 adstrictae,
545 1961 750 2024 uilratrlbus
760 1961 882 2023 ibidem

82 2058 487 2121 Deoservieutibusrieas
496 2059 681 2136 rependere
692 2059 883 2121 studeamus

82 2155 119 2216 in
145 2155 309 2232 obsequio
334 2156 496 2218 caritatis
524 2156 686 2219 Volumus
709 2157 814 2232 igitur
839 2156 883 2217 ad

81 2253 316 2316 universitatis
325 2254 446 2316 restrae
456 2253 610 2315 notitiam
621 2255 807 2331 pervenire,
822 2270 883 2316 nos

82 2350 125 2412 de
142 2366 311 2413 consensu
330 2351 452 2428 prioris
473 2351 507 2412 et
527 2353 711 2413 conventus
729 2352 882 2414 ecclesie

83 2447 573 2521 mrnuoantuariensiadieto
588 2449 790 2511 monasterio
799 2451 884 2510 Pon·

83 2546 264 2608 liniacensi
274 2561 316 2607 ac
327 2543 377 2625 [in
389 2542 441 2625 eo]
454 2545 539 2607 91919
550 2545 719 2622 religiosis
730 2549 796 2607 Deo
810 2562 883 2607 ser-

83 2643 264 2714 vientibus,
280 2643 404 2705 intuitu
418 2643 478 2704 Dei
490 2644 697 2705 concessisse
711 2636 838 2720 pariter
849 2644 883 2705 et

82 2740 215 2803 dedisse
229 2741 271 2803 09
285 2740 428 2803 ecclesia
442 2741 618 2813 Rumenal,
634 2740 883 2803 9991990999-

83 2839 162 2911 licii,
180 2838 425 2916 quinquaginta
444 2853 574 2899 mareas
593 2854 723 2900 annuas
744 2839 883 2900 sterlin-

82 2952 202 3014 gorum
214 2935 378 2997 bonorum
392 2936 426 2996 et
441 2935 599 3011 legalium
613 2950 633 2996 a
649 2932 797 3012 quolibet
811 2951 883 2997 rec·

82 3037 155 3097 tore
183 3035 220 3094 iu
247 3032 364 3095 eadem
394 3033 537 3094 ecelesia
570 3032 759 3094 successive
782 3033 882 3095 iusti-

81 3131 218 3204 tuendo,
244 3130 306 3193 sub
332 3146 431 3207 poena
452 3129 607 3192 beneficii
628 3131 693 3203 sui,
721 3132 881 3208 perpetuo

82 3230 155 3292 sine
170 3228 368 3291 difficultate
382 3227 614 3305 percipiendas
627 3229 663 3289 in
678 3227 805 3288 duobus
817 3230 882 3289 ter·

82 3327 195 3399 minis,
218 3325 376 3388 videlicet
393 3325 435 3386 ad
454 3325 575 3387 Natale
599 3325 729 3386 Domini
743 3325 881 3399 triginta

81 3439 226 3497 marcus,
242 3424 276 3485 et
294 3423 336 3483 ad
355 3421 476 3484 loetum
491 3425 525 3485 S.
540 3422 704 3484 lobannis
722 3423 881 3499 Baptistae

81 3522 203 3599 uiginti
213 3536 358 3583 mareas.
372 3522 420 3582 lta
433 3521 532 3597 plane
545 3520 631 3598 quod
644 3520 673 3580 si
686 3520 759 3597 ipse
771 3521 881 3582 rector

81 3620 116 3681 iu
128 3620 283 3697 praefatis
304 3618 459 3680 terminis
482 3634 503 3679 a
523 3618 692 3680 solutione
714 3617 881 3679 dictarum

83 3731 274 3780 marcarum
291 3716 486 3788 cessaverit,
502 3716 536 3778 et
555 3715 644 3776 19199
658 3714 880 3792 quadraginta

83 3815 152 3877 dies
167 3815 245 3893 post
258 3814 401 3875 statutos
414 3814 587 3883 terminos,
605 3813 646 3873 de
665 3813 795 3874 damnis
815 3828 878 3890 pa·
918 3842 921 3847 ·

81 3913 166 3975 riter
185 3913 220 3973 et
245 3910 402 3988 expensis
427 3925 510 3988 quas
533 3910 614 3972 dicti
637 3910 758 3972 iratres
781 3925 881 3972 occa-

83 4010 178 4071 sione
207 4023 278 4070 nou
311 4007 408 4069 iactae
443 4006 621 4069 9919119919
656 4008 877 4080 incurrerint,

83 4122 150 4168 una
184 4121 264 4168 eum
295 4105 462 4167 solutione
497 4103 609 4166 debita
638 4105 880 4181 quinquaginta

83 4218 273 4265 marcarum
288 4216 355 4263 non
371 4200 581 4263 satisfaceret
599 4201 736 4273 eisdem,
758 4202 879 4265 dictam

83 4316 213 4377 poenam
237 4300 401 4361 incurrat.
422 4298 472 4359 Ad
491 4301 652 4375 madorem
672 4298 773 4361 etiam
792 4315 889 4377 prm-v

84 4397 142 4460 tati
159 4398 356 4461 monasterii
376 4396 602 4468 securitatem,
618 4397 719 4457 simul
741 4396 782 4458 de
795 4413 879 4460 con·

83 4510 183 4557 seusu
196 4495 321 4573 prioris
335 4495 369 4556 et
382 4497 568 4556 conventus
589 4493 741 4555 ecclesiae
756 4495 879 4558 Clirlstt

84 4593 336 4655 cantuariensis
357 4590 564 4669 providimus
580 4593 613 4653 et
630 4592 817 4663 statuimus,
843 4593 879 4654 ut

84 4689 226 4767 quilibet
242 4690 355 4752 rector
365 4689 402 4749 in
416 4689 559 4750 ecclesia
571 4689 612 4749 de
625 4690 788 4751 Rumenal
803 4704 881 4751 suc-

83 4788 210 4850 cessive
232 4785 469 4857 instituendus,
506 4786 542 4847 in
570 4801 631 4847 sua
653 4786 877 4858 institutione,

83 4886 135 4947 vel
150 4888 277 4962 postea,
293 4899 396 4971 quum
411 4883 592 4960 requisitus
607 4883 709 4946 luerit
729 4900 880 4961 aproou·

82 4987 195 5046 ratore
203 4983 465 5053 Pontiniacensi,
477 4982 671 5044 solemniter
676 4984 780 5060 juret,
792 4983 879 5059 quod

83 5080 190 5144 dictas
209 5094 342 5142 marcas
362 5079 398 5140 in
421 5079 575 5141 terminis
597 5080 729 5142 statutis
753 5096 879 5157 procu-

83 5179 190 5241 ratori
217 5177 470 5239 pontiniacensi
505 5177 680 5238 annuatim
714 5178 881 5255 persolvet

2 5280 4 5293 '
84 5276 145 5338 sub
161 5292 259 5352 pmua
270 5290 432 5352 expressa
447 5274 612 5351 superius.
633 5276 675 5337 Ut
692 5275 796 5352 igitur
808 5276 880 5338 baec

83 5374 198 5436 nostra
212 5373 378 5436 ordinatio
397 5375 591 5449 perpetuam
611 5372 760 5435 obtineat
774 5374 881 5434 firmi-

84 5472 198 5542 tatem,
224 5487 299 5532 eam
321 5470 480 5547 praesenti
504 5470 628 5546 scripto
648 5469 751 5546 sigilli
774 5473 880 5534 nostri

84 5568 292 5646 appositione
314 5567 443 5629 munito
463 5565 619 5627 duximus
643 5567 877 5630 roborandam.

85 5666 203 5729 Actum
218 5681 306 5728 9999
320 5665 439 5741 gratiae
450 5666 637 5726 1000111111.
653 5682 672 5725 »

701 346 930 408 EPISTOLAE.
953 347 1032 407 LIB.
1054 347 1125 408 VII.

1674 347 1736 409 238

979 506 1072 570 Nulli
1086 523 1167 584 ergo
1183 509 1319 570 omnino
1333 508 1505 573 hominum
1525 508 1625 571 liceat
1645 507 1732 570 banc

940 607 1097 683 paginam
1116 607 1238 668 999099
1257 607 1519 669 confirmationis
1536 606 1732 683 intringere,

939 704 1048 766 99191
1073 718 1156 765 ausu
1179 704 1357 765 temerario
1384 705 1562 766 contraire.
1594 705 1629 765 Si
1660 702 1734 780 quis

940 801 1135 864 9909991199
1158 802 1323 863 attentare
1338 788 1599 878 praesumpserit,
1622 801 1734 878 indig-

939 898 1107 961 nationem
1143 899 1378 976 omnipoientis
1411 901 1470 961 Dei
1501 901 1535 962 90
1558 898 1733 961 beatorum

940 996 1030 1057 Petri
1043 996 1078 1057 et
1095 996 1192 1057 Pauli
1208 996 1434 1073 apostolorum
1449 1000 1522 1074 ejus
1541 1012 1577 1057 se
1602 996 1734 1058 9999910

939 1093 1161 1154 incursurum.
1179 1094 1297 1154 Datum
1310 1095 1477 1165 Laterani,
1495 1095 1540 1154 111
1556 1109 1661 1155 99999
1676 1108 1734 1154 no·

938 1189 1095 1263 vembrls,
1112 1190 1325 1269 pontificatus
1340 1191 1446 1254 nostri
1467 1205 1557 1252 anno
1577 1190 1730 1267 septimo.

1291 1483 1383 1570 XVI

977 1634 1030 1695 Ao
1046 1633 1258 1708 0199999999
1270 1635 1426 1697 abbatem
1441 1633 1474 1698 90
1488 1633 1693 1696 9999910999

1217 1734 1451 1795 caesarienses.

1203 1861 1367 1920 39999910.
1382 1862 1461 1920 1111.

990 1977 991 1981 ’
1062 1983 1261 2049 [camisum.
1273 1982 1479 2044 samtarein..
1491 1984 1523 2043 ll,
1535 1982 1605 2049 119]
1689 2010 1736 2023 ..

981 2108 1030 2167 Eis
1043 2108 1116 2168 3000
1129 2107 1277 2167 obulorum
1293 2123 1443 2166 aureorum
1457 2110 1558 2168 99000
1572 2108 1687 2167 11999199

1270 2198 1397 2255 remittit.

977 2314 1146 2377 Honorius
1155 2314 1341 2393 episcopus,
1352 2328 1469 2377 servus
1480 2315 1729 2388 servorumDei,

938 2413 1068 2475 dilectis
1089 2412 1206 2473 tiliis...
1230 2412 1342 2474 abbati
1363 2412 1397 2473 90
1419 2413 1597 2473 999999091
1621 2412 1733 2473 Cassi-

937 2510 1045 2584 nensi,
1080 2508 1221 2571 salutem
1258 2510 1291 2572 90
1322 2509 1546 2585 Apostolicam
1574 2508 1732 2571 henedic-

935 2608 1072 2670 tionem.

977 2705 1013 2767 Si
1029 2704 1131 2768 Sedes
1144 2704 1334 2783 apostolica
1347 2704 1402 2782 pia
1418 2705 1526 2767 mater
1544 2704 1585 2765 90
1600 2704 1734 2781 ignotos

937 2802 1104 2864 interdum
1118 2801 1221 2864 ubera
1236 2803 1386 2865 caritatis
1398 2802 1559 2873 extendit,
1575 2803 1635 2863 lios
1651 2790 1748 2864 con?

923 2900 1031 2962 -venit
1054 2900 1166 2977 potius
1192 2899 1245 2960 his
1276 2901 1416 2969 nutrire,
1444 2914 1588 2977 quornm
1611 2898 1740 2974 religio

937 2998 1052 3059 sancta
1066 2996 1127 3069 est,
1144 2996 1178 3058 90
1191 2997 1232 3058 09
1245 2996 1394 3072 regulari
1409 2994 1620 3058 observantia
1636 2995 1733 3057 nobis

936 3095 1075 3156 constat.
1096 3094 1146 3154 Ex
1160 3093 1336 3154 devotione
1350 3092 1463 3168 igliur,
1480 3107 1579 3169 quam
1598 3092 1640 3152 ad
1658 3108 1737 3175 ms-

935 3190 1119 3253 pastorium
1144 3191 1343 3251 cassinense
1366 3189 1528 3253 hactenus
1552 3188 1744 3255 babuimus:

937 3286 1729 3359 ethabemus,iriamilliaobulorumuureorum,
1759 3294 1763 3301 ·

936 3385 992 3461 qui
1007 3400 1149 3446 camerae
1169 3386 1292 3446 nostrae
1316 3400 1336 3445 a
1357 3386 1505 3460 tempore
1526 3382 1739 3445 1911919999·1

936 3481 1050 3545 moriae
1066 3473 1252 3545 innocentii
1269 3497 1362 3560 papae
1380 3480 1637 3560 praedecessoris
1651 3496 1736 3541 nos-

935 3578 979 3641 tri
994 3594 1014 3640 a
1029 3579 1235 3641 monasterio
1253 3578 1391 3658 praelato
1412 3578 1584 3651 debentur,
1599 3593 1638 3640 99
1652 3594 1742 3640 sex·-

935 3677 1050 3738 centos
1062 3676 1207 3748 fisoatos,
1219 3692 1301 3754 quos
1313 3676 1436 3737 dumin
1448 3675 1570 3737 minori
1582 3690 1743 3735 essemus·

934 3773 1046 3835 olileio
1058 3773 1240 3845 constituti,
1257 3789 1277 3834 a
1296 3773 1392 3834 nobis
1407 3774 1530 3834 mutuo
1541 3771 1728 3848 recepistis,

934 3870 1028 3932 vobis
1049 3873 1083 3933 et
1106 3870 1310 3932 monasterio
1331 3871 1442 3932 999199
1466 3868 1664 3931 remittimus
1687 3868 1733 3931 de

933 3967 1043 4044 gratis
1064 3967 1213 4045 speciali.
1230 3970 1349 4029 ilatum
1364 3967 1532 4039 Laterani,
1554 3968 1600 4027 111
1621 3981 1729 4029 99999

933 4064 1737 4143 999999919,9999999199999919999999099..

1273 4369 1386 4455 XVII

934 4520 987 4579 Ad
1013 4518 1491 4591 9909999990990910009199
1517 4533 1582 4592 par
1610 4520 1732 4587 Valeri,-

1069 4616 1181 4677 tinom
1195 4618 1368 4713 dimoeslm
1382 4616 1596 4678 9999109199.

1200 4746 1218 4804 a
1234 4745 1368 4803 novemb.
1386 4747 1466 4805 litt.

1087 4868 1239 4934 [11999999
1252 4868 1320 4919 dnn.
1333 4869 1498 4930 0190999.,111,
1513 4870 1582 4936 m]
1670 4922 1672 4927 .

934 4988 992 5043 1199
1001 4991 1086 5059 rogat
1095 4991 1125 5041 et
1133 4983 1262 5042 hortatur
1274 4990 1304 5041 ut
1317 4985 1510 5059 eleemosynis
1523 4987 1732 5044 monesterium

968 5073 1136 5131 monialium
1146 5073 1183 5130 de
1194 5074 1342 5132 09999909
1355 5081 1526 5141 sustentent,
1539 5075 1746 5147 omnibusque·

969 5161 1025 5221 boc
1047 5161 1218 5220 iacientibus
1242 5161 1451 5236 indulgentiam
1471 5163 1598 5235 ordoque
1618 5161 1745 5225 0199999.

968 5250 1117 5324 elargitur,

976 5370 1081 5448 Quum
1113 5376 1351 5438 monasterium
1381 5374 1576 5437 monialium
1604 5376 1645 5438 de
1667 5379 1744 5439 (lo-

935 5473 1071 5545 mense,
1090 5471 1093 5476 ·
1110 5464 1343 5535 materiensis
1376 5473 1516 5541 omanis,
1543 5473 1734 5537 valentine
1773 5456 1793 5483 ·

936 5571 1101 5641 dioecesis,
1119 5584 1226 5647 nuper
1241 5570 1343 5632 luerit
1356 5571 1540 5647 improviso
1554 5573 1657 5634 919191
1673 5573 1745 5634 llum

938 5668 1038 5730 minis
1057 5668 1262 5729 incremento
1284 5667 1498 5741 destructum,
1520 5669 1567 5732 ita
1585 5671 1672 5749 quod
1691 5670 1740 5732 ad.
