3930 6206
713 326 941 389 EPISTOLAE.
964 325 1043 385 Lib.
1067 324 1121 384 IX.

414 496 576 583 xxxiv

87 652 142 710 Ao
167 652 451 722 archiepiscopos,
482 650 668 720 episcopos,
696 644 832 707 abbates
857 644 890 703 ct

129 748 316 806 0111101101
347 749 382 805 tn
408 747 554 817 irtcpcrto
586 740 889 809 anticensorem

129 846 291 904 Macram
304 842 517 904 constitutos.

355 980 537 1039 1810111111.
552 980 631 1037 1121.

140 1106 266 1170 [Regest.,
276 1105 322 1154 lib.
337 1105 381 1162 lX,
398 1119 437 1169 ep.
450 1103 490 1153 83.
504 1104 559 1153 llss.
574 1103 610 1152 La
618 1102 695 1152 Porto
705 1100 739 1150 du
750 1098 843 1163 ruth]

154 1228 272 1289 blandai
287 1231 329 1287 eis
341 1237 371 1287 ut
381 1227 416 1285 de
430 1229 514 1285 bonis
529 1229 654 1301 ipsorum
669 1225 827 1283 marchioni

219 1317 419 1377 montisferrati
434 1315 591 1374 subsidium
606 1314 764 1373 conserunt.

129 1455 312 1526 Honorius,
338 1456 412 1523 eto,
447 1451 695 1515 venerabilibus
731 1449 889 1511 iratribus

89 1552 354 1629 archiepiscopis
383 1554 415 1612 et
441 1550 617 1626 episcopis,
646 1547 831 1619 abbatibus,
857 1546 890 1606 et

89 1650 273 1728 prioribus,
299 1665 339 1711 ac
363 1647 495 1709 clericis
511 1646 687 1717 universis
703 1647 771 1705 tam
792 1647 887 1704 Gim-

90 1750 141 1810 cis
154 1763 254 1824 quam
278 1746 418 1817 Latinis,
434 1748 502 1806 tam
520 1743 667 1821 praelatis
687 1757 784 1819 quam
807 1741 888 1802 sub-

90 1845 182 1914 ditis,
193 1847 260 1906 tam
272 1842 439 1918 religiosis
452 1858 549 1918 quam
560 1839 787 1909 saecularibus,
798 1840 890 1899 Tem·
910 1884 911 1887 ,

89 1942 210 2018 plariis
226 1956 366 2017 quoque,
390 1942 423 2000 et
444 1937 678 2014 Hospitalariis
698 1936 733 1996 iu
748 1936 888 2012 imperio

90 2038 265 2101 Romauiee
280 2037 520 2121 citra'Macram
534 2033 733 2105 constitutis
749 2033 888 2105 salutem

88 2132 648 2211 etapostolicamueneoiononem.

129 2233 232 2294 Juxta
257 2230 396 2305 vulgare
426 2228 636 2306 proverbium
658 2243 724 2288 non
752 2227 802 2289 est
822 2226 888 2302 legi

91 2327 243 2405 subjecta
257 2327 450 2397 necessitas,
468 2326 501 2387 et
515 2324 742 2386 acerbioribus
764 2322 888 2386 morbis

90 2440 232 2487 necesse
245 2426 297 2487 est
311 2424 500 2487 acerbiores
515 2438 681 2500 opponere
691 2422 885 2483 medicinas.

91 2526 182 2585 Sane
197 2523 233 2583 iu
243 2523 367 2599 quanto
377 2521 569 2583 discrimine
584 2520 652 2581 siut
665 2518 814 2581 universi
828 2521 889 2579 La·

90 2619 156 2681 tini
169 2619 389 2681 consistentes
407 2620 444 2679 in
464 2619 605 2695 imperio
622 2617 804 2688 Romania,
820 2631 887 2676 non

88 2716 223 2794 oportet
240 2732 301 2778 nos
316 2716 411 2778 vobis
429 2730 596 2792 exponere
619 2713 741 2786 verbis,
765 2729 839 2775 cum
854 2712 887 2772 id

83 2813 217 2891 jugiter
231 2812 452 2889 experiamini
463 2812 570 2874 factis.
584 2813 653 2873 Nos
664 2811 767 2887 igitur
780 2810 820 2870 de
833 2825 888 2871 10-

86 2909 155 2982 bis,
171 2912 206 2971 et
219 2926 281 2986 pro
295 2909 389 2970 vobis
407 2911 544 2987 paterno
559 2910 737 2971 anxiantes
751 2907 884 2978 affectu,

83 3007 124 3069 et
146 3008 248 3071 simul
272 3008 456 3083 pensantes
473 3022 571 3083 quam
598 3006 825 3066 necessarium
844 3004 888 3065 sit

85 3104 225 3180 negotio
241 3106 351 3165 Terrae
364 3104 505 3174 Sanctae,
522 3104 558 3164 ut
569 3104 675 3164 status
694 3101 886 3163 Latinorum

85 3201 226 3277 inipso
254 3201 395 3276 imperio
417 3200 670 3261 consistentium
700 3198 884 3270 roboretur,

86 3298 249 3360 dilectum
264 3297 369 3357 tilium
384 3297 527 3359 nobilem
542 3298 651 3359 virum
669 3295 885 3367 Willelmum,

85 3394 317 3457 marchionem
340 3393 590 3467 Montisserrati,
620 3393 662 3455 ad
694 3408 887 3454 succursum

85 3491 197 3569 ipsius
224 3490 356 3567 imperii
371 3492 440 3552 tum
460 3490 683 3565 generositate
710 3490 888 3566 magnani-

85 3588 217 3648 mitatis
238 3587 373 3658 innatae,
389 3588 458 3647 tum
480 3586 646 3647 desiderio
664 3587 887 3664 prosequendi

86 3700 185 3745 suam
212 3686 246 3745 et
270 3683 435 3745 carissimi
468 3683 504 3743 11
532 3683 662 3745 Christo
692 3684 752 3745 dlii
780 3685 886 3747 nostri

85 3781 250 3842 Demetrii
291 3780 431 3841 illustris
463 3780 552 3864 regis
579 3780 885 3842 Thessalonicensis

83 3878 204 3939 fratris
219 3877 272 3938 sui
283 3877 459 3954 justitiam,
473 3877 717 3938 ferventissime
729 3879 886 3954 aspiran-

85 3978 167 4045 tem,
179 3975 215 4034 in
227 3974 417 4051 hujusmodi
428 3974 886 4051 propositoetdesideriostu·

84 4072 281 4133 diosissime
296 4071 513 4132 corroborare
528 4072 728 4143 curavimus,
746 4088 811 4133 non
825 4088 882 4133 so-

83 4168 157 4229 lum
188 4168 252 4229 sibi
280 4169 500 4229 ministrando
515 4168 550 4228 in
577 4169 680 4230 multa
702 4170 884 4245 quantitate

83 4267 277 4342 pecuniam,
293 4266 350 4327 sed
365 4266 398 4326 et
411 4266 502 4326 viros
517 4266 670 4327 strenuos
689 4267 730 4327 de
746 4266 884 4342 provin-

83 4363 150 4424 ciis
163 4361 455 4424 circumstantibus
475 4362 517 4423 ad
537 4363 688 4424 eumdem
712 4380 788 4424 cum
811 4365 884 4440 ipso

81 4458 286 4536 Apostolicis
300 4459 515 4534 indulgentiis
527 4460 715 4521 excitando.
729 4461 883 4538 idemque

80 4556 238 4618 marchio
252 4558 320 4616 tum
335 4572 396 4632 per
414 4572 507 4617 suam
528 4557 796 4630 sollicitudinem,
813 4560 883 4621 tum

79 4670 144 4731 per
157 4654 306 4714 nostram
319 4653 446 4714 tantum
455 4669 494 4713 ac
505 4653 605 4714 talem
619 4653 660 4714 ab
673 4655 786 4716 aestate
801 4671 883 4730 prae-

79 4750 183 4811 terita
197 4750 615 4824 congregavitexercitum,
628 4751 713 4826 quod
730 4752 795 4811 nisi
807 4768 881 4812 eum

78 4846 261 4923 repentina
278 4845 453 4906 iufirmitas
475 4850 634 4922 tempore,
664 4863 729 4923 quo
744 4848 882 4910 debebat

79 4944 148 5005 iter
162 4943 324 5018 arripere,
342 4943 530 5015 invasisset,
545 4960 633 5004 nuuc
656 4944 743 5005 sicut
760 4946 881 5006 verisi-

77 5040 163 5102 mile
176 5040 228 5101 est
251 5041 284 5100 et
305 5040 444 5111 tirmiter
461 5040 618 5111 creditur,
642 5043 732 5102 esset
754 5042 790 5102 iu
813 5046 880 5103 Ro-

76 5138 295 5198 maniacum
319 5137 410 5196 tanto
437 5137 590 5208 extortio,
614 5138 699 5213 quod
728 5153 778 5209 ea,
806 5154 878 5214 quae

75 5250 171 5294 nuuc
187 5232 505 5295 diitlciliavideutur
528 5236 561 5295 et
584 5250 714 5310 aspera,
734 5236 833 5311 plana
847 5237 880 5297 et

75 5331 195 5392 facilia
210 5329 413 5390 viderentur.
431 5330 565 5393 Distulit
579 5333 689 5392 autem
706 5331 767 5393 hoc
782 5333 878 5392 intir-

73 5428 181 5489 mitas
193 5427 279 5501 ipsa,
296 5442 361 5486 non
374 5425 519 5497 abstulit,
535 5428 613 5503 quia
626 5428 713 5489 idem
729 5430 877 5491 marchio

75 5522 226 5583 sanitate
239 5522 383 5596 recepta,
410 5522 545 5597 collegit
561 5523 702 5584 militum
719 5525 752 5586 et
778 5526 876 5601 pedi-

72 5624 149 5681 tum
165 5634 321 5691 magnam
337 5619 369 5678 et
381 5620 550 5680 strenuam
576 5620 830 5694 multitudinem,
845 5625 878 5684 ot

1681 320 1741 380 722

946 484 1032 545 sicut
1044 482 1310 559 magnanimiter,
1330 480 1377 543 ita
1396 478 1573 557 magnilica
1585 478 1740 556 proposi·

945 583 1016 642 tum
1030 581 1094 641 iter
1112 579 1290 655 arripiens,
1311 590 1437 639 moram
1453 593 1551 654 quam
1575 575 1740 639 acerbitas

943 678 1149 738 infirmitatis
1166 676 1361 753 ingesserat,
1387 676 1551 736 redimere
1569 674 1739 737 celeritate

945 775 1069 849 satagit
1085 796 1092 832 ε
1110 774 1195 851 quod
1209 774 1287 850 quia
1301 790 1368 833 101
1390 773 1496 849 potuit
1514 774 1583 834 tum
1605 772 1740 847 propter

945 872 1122 935 instantem
1132 870 1274 931 hiemem
1283 870 1451 947 attempus
1454 872 1526 947 jam
1535 868 1738 933 contrarium
1760 850 1772 877 “

842 976 851 991 ²
944 967 1164 1042 navigationi,
1181 967 1312 1043 quaudo
1333 968 1485 1043 pervenit
1501 966 1736 1038 Brundusium,

944 1066 1012 1125 tum
1026 1065 1161 1141 propter
1175 1064 1337 1125 deiectum
1364 1065 1553 1140 sumptuum
1576 1078 1736 1123 necessa·

943 1161 1070 1223 riorum
1090 1162 1181 1222 tanto
1202 1162 1347 1237 negoti0,
1372 1161 1533 1222 delectam
1548 1159 1737 1221 multitudi-

944 1274 1020 1319 nem
1033 1258 1077 1318 ibi
1089 1258 1228 1327 retinuit
1242 1274 1316 1319 cum
1330 1273 1370 1318 ea
1391 1258 1530 1321 instanti
1554 1257 1674 1318 martio
1687 1255 1739 1316 ie·

942 1355 1064 1427 liciter,
1089 1355 1202 1416 divina
1223 1354 1357 1416 favente
1380 1354 1500 1431 gratia,
1523 1353 1736 1433 transiturus,

943 1454 1043 1529 atque
1058 1452 1099 1513 ad
1124 1452 1158 1511 id
1181 1451 1244 1512 sibi
1270 1452 1465 1523 exercitum,
1483 1452 1516 1513 01
1538 1451 1738 1511 seinvicem

944 1550 1558 1627 311010111111131101100011111111111.Ι
1772 1620 1775 1630 Α

987 1649 1150 1708 Caeterum
1170 1648 1248 1723 quia
1262 1663 1346 1708 onus
1366 1646 1501 1709 interim
1525 1644 1738 1706 ministrandi

943 1745 1045 1805 tantae
1087 1744 1291 1805 multitudini
1331 1744 1532 1815 necessaria,
1560 1743 1594 1804 et
1618 1740 1738 1803 deinde

942 1841 1108 1902 tractandi
1123 1841 1271 1902 eamdem
1287 1857 1360 1901 cum
1375 1840 1562 1916 stipendiis,
1577 1840 1610 1899 et
1629 1854 1737 1915 appa-

943 1939 1070 2001 ratibus
1087 1938 1383 2016 opportunisquasi
1399 1937 1574 2014 quamdam
1594 1935 1739 1998 infinita·

942 2035 1009 2096 tem
1033 2036 1258 2112 impensarum
1284 2034 1581 2111 exposcit-missis
1609 2033 1651 2094 ad
1676 2049 1739 2095 nos

944 2132 1068 2195 nuntiis
1090 2132 1160 2193 suis
1177 2133 1356 2209 postulavit
1376 2132 1550 2203 instanter,
1576 2132 1613 2192 ut
1636 2144 1737 2207 super

944 2230 1006 2290 hoc
1029 2230 1162 2306 aperire
1184 2230 1382 2306 apostolica
1399 2228 1600 2306 provisionis
1623 2227 1738 2289 oculos

943 2328 1169 2402 dignaremur.
1186 2328 1343 2389 Tractatu
1355 2342 1433 2403 ergo
1444 2342 1544 2403 super
1558 2325 1611 2385 his
1625 2324 1738 2386 habito

942 2424 1104 2500 diligenti,
1127 2426 1305 2501 pensantes
1331 2426 1491 2502 quantum
1515 2421 1739 2501 dejicerentur

942 2522 1046 2583 animi
1068 2521 1273 2595 Latinorum,
1301 2523 1335 2583 et
1362 2522 1521 2599 quantum
1547 2520 1737 2582 elevaretur

942 2619 1210 2680 adversariorum
1224 2619 1375 2691 audacia,
1390 2620 1419 2679 si
1431 2621 1543 2681 tantus
1556 2618 1635 2681 dicti
1648 2631 1739 2677 1131-

943 2716 1073 2777 chionis
1088 2718 1226 2778 conatus
1241 2718 1376 2795 propter
1390 2731 1612 2793 expensarum
1627 2714 1740 2775 deleo-

942 2813 1023 2886 tum,
1053 2813 1140 2890 quod
1173 2813 1270 2885 absit,
1308 2814 1436 2877 inutilis
1468 2813 1673 2881 redderetur,
1706 2811 1740 2872 et

942 2912 1102 2987 quantum
1114 2926 1174 2987 per
1191 2926 1397 2987 consequeus
1418 2910 1502 2987 ipsis
1527 2909 1737 2973 1311111111-

942 3008 1084 3069 mineret
1107 3023 1219 3068 rerum
1241 3022 1530 3084 personarumque
1543 3006 1735 3079 discrimen,

941 3120 981 3166 ac
996 3103 1202 3165 attendentes
1214 3104 1320 3166 satius
1334 3119 1407 3165 esse
1418 3105 1454 3165 ut
1462 3102 1549 3164 bona
1561 3105 1682 3173 vestra,
1700 3102 1734 3164 et

942 3201 1160 3263 ecclesiarum
1187 3201 1375 3263 vestrarum
1400 3216 1461 3277 pro
1492 3197 1737 3261 manutenendo

941 3298 1074 3375 imperii
1115 3299 1203 3360 statu
1237 3297 1489 3360 communicetis
1520 3297 1561 3358 ad
1594 3298 1735 3373 tempus,

942 3412 1040 3473 quam
1055 3411 1095 3456 ea
1109 3395 1221 3457 omnia
1236 3396 1395 3472 perpetuo
1410 3395 1582 3469 amittatis,
1603 3394 1644 3454 de
1667 3393 1738 3455 113-

941 3494 1027 3555 trum
1043 3496 1233 3554 nostrorum
1248 3492 1388 3553 consilio
1409 3493 1542 3569 propter
1566 3491 1737 3567 urgentem

941 3590 1341 3652 necessitatemduximus
1361 3591 1584 3662 statuendum,
1605 3589 1642 3649 ut
1660 3604 1736 3650 om-

941 3689 1034 3748 nium
1062 3689 1249 3749 vestrorum
1265 3690 1487 3764 proventuum
1512 3687 1612 3765 hujus
1641 3686 1733 3754 31111,

941 3785 1153 3860 omniumque
1179 3785 1323 3846 aliorum
1346 3784 1529 3854 mobilium,
1556 3800 1629 3860 quie
1644 3798 1734 3844 nunc

940 3881 1069 3942 habetis
1085 3882 1119 3941 iu
1134 3881 1206 3957 ipso
1230 3881 1382 3957 imperio,
1407 3880 1555 3956 exceptis
1575 3880 1737 3941 duntaxat

938 3979 1156 4039 ecclesiarum
1172 3978 1340 4038 thesauris
1354 3978 1467 4039 divino
1481 3977 1585 4039 cultui
1600 3976 1736 4037 dedica-

938 4074 1733 4152 tis,dequibusaliterprocuravimusprovidere,
1794 4088 1798 4095 ’

938 4188 979 4234 ac
1007 4174 1154 4249 exceptis
1180 4173 1329 4235 vestibus
1361 4174 1394 4234 et
1420 4174 1514 4249 equis
1541 4172 1734 4249 quotidiano
1800 4182 1815 4193 “

940 4269 1015 4330 usui
1030 4269 1242 4338 necessariis,
1259 4284 1298 4328 ao
1314 4269 1541 4340 ustensilibus,
1559 4268 1593 4327 in
1616 4266 1734 4344 quibus

939 4381 1005 4435 nou
1020 4366 1071 4426 est
1086 4381 1216 4436 aurum,
1244 4365 1297 4427 vel
1319 4368 1503 4442 argeutum,
1525 4365 1583 4429 aut
1606 4365 1734 4442 lapides

939 4464 1086 4540 pretiosi,
1115 4463 1324 4524 medietatem
1351 4464 1538 4525 marchioni
1575 4463 1732 4541 praedicto

938 4560 999 4619 sub
1010 4559 1233 4636 jurisjurandi
1257 4560 1419 4636 religione
1433 4562 1563 4637 integre
1578 4561 1732 4622 consera-

937 4657 1159 4734 tis.1taquod
1185 4672 1247 4717 nec
1273 4658 1462 4734 Templarii,
1491 4674 1552 4719 nec
1576 4658 1733 4735 Hospita·

937 4753 1025 4825 larii‚
1043 4769 1104 4813 nec
1129 4752 1367 4814 Cistercienses
1387 4770 1448 4815 neo
1463 4754 1567 4831 aliqui
1588 4755 1648 4815 3111
1669 4770 1732 4814 cu-

932 4853 1130 4927 J'uscumque
1147 4849 1285 4921 ordinis,
1300 4851 1358 4912 aut
1377 4852 1552 4926 religionis
1573 4852 1729 4920 existant,

935 4949 968 5008 et
980 4947 1241 5023 quibuscumque
1257 4947 1376 5008 muniti
1386 4949 1454 5009 sint
1467 4949 1663 5025 privilegiis,
1677 4949 1732 5009 111-

935 5044 1114 5119 dulgentiis
1134 5045 1185 5103 vel
1208 5045 1414 5120 rescriptisa
1438 5047 1650 5122 praestatione
1665 5047 1731 5106 hu-

931 5140 1076 5217 jusmodi
1089 5144 1301 5213 excusentur,
1318 5142 1374 5202 sed
1400 5158 1513 5219 omues
1535 5143 1608 5202 sine
1628 5143 1728 5204 dille·

934 5237 1731 5316 nentia,etdelectuconlerant,medietatemprae·

933 5335 1096 5395 dictorum
1111 5334 1283 5395 mobilium
1294 5335 1451 5405 omnium,
1465 5336 1523 5395 aut
1534 5336 1726 5411 valentiam,

932 5430 1082 5492 absentia
1099 5431 1246 5503 illorum,
1264 5432 1320 5508 qui
1343 5431 1503 5492 habentes
1516 5431 1678 5495 beneficia
1695 5436 1729 5495 11

931 5528 1080 5603 partibus
1096 5527 1174 5599 illis,
1192 5528 1271 5589 alibi
1288 5529 1535 5588 commorantur
1550 5544 1608 5590 eos
1620 5532 1732 5594 nulla·

932 5628 1027 5685 tenus
1042 5626 1235 5695 excusante,
1255 5640 1314 5685 uec
1330 5624 1558 5700 patrocinante
1576 5628 1729 5706 cuiquam
