3972 6204
121 314 181 375 029
746 315 971 375 EPISTOLAE.
994 315 1072 374 LIB.
1095 315 1135 373 X.
1699 310 1761 374 930

121 473 341 550 praesentetis,
355 474 407 534 illi
424 474 534 535 tamen
549 473 747 536 eavolentes
762 475 911 550 recipere
965 473 1007 535 ab
1031 474 1240 544 hominibus,
1266 488 1305 533 ac
1332 488 1374 533 ne
1404 472 1624 548 imputaretur
1646 488 1666 533 a
1690 474 1758 534 Deo
1858 476 1863 485 “

121 570 174 632 vel
196 568 296 631 etiarn
320 585 386 630 non
413 571 561 631 valentes
583 586 642 646 pro
657 586 708 644 eo,
725 571 810 647 quod
826 572 911 631 alios
965 571 1065 632 anxie
1076 572 1268 641 metuentes,
1282 571 1364 646 ipsis
1377 569 1540 641 ecclesiia,
1554 571 1586 630 et
1596 568 1703 640 famae,
1719 585 1758 631 ae
1799 578 1804 586 '

120 665 271 728 obtinent
285 668 492 742 personatus
505 668 681 743 pensiones
694 668 911 729 nihilominus
965 667 1064 728 saluti
1094 670 1231 737 nostrae,
1267 668 1399 743 tuaeque
1434 665 1533 725 simul
1568 666 1757 727 curavimus

121 764 260 837 exigunt
274 764 472 839 importune,
491 779 593 840 quare
612 781 711 841 super
724 764 776 825 his
787 768 910 826 nostrae
965 764 1138 840 providere
1153 763 1243 839 ipsas
1255 764 1415 823 ecclesias
1427 765 1577 838 respectu
1593 763 1635 822 ad
1650 763 1756 823 solum

120 860 338 936 providentiae
362 860 543 921 remedium
570 861 760 937 flagitastis;
778 872 819 922 ne
840 862 908 936 igi·
965 863 1068 921 Deum
1084 860 1196 921 habito
1212 861 1252 921 de
1265 860 1417 936 personis
1434 859 1493 921 tibi
1509 859 1628 920 merito
1639 874 1758 935 aecep-

119 956 176 1016 tur
194 958 304 1018 vestra
327 956 420 1017 vohis
433 945 616 1020 liberalitas
632 959 675 1019 sit
694 959 863 1027 damnosa,
881 958 910 1017 si
964 958 1085 1029 tendis,
1102 958 1213 1033 utpote
1236 957 1388 1027 scientia,
1404 957 1483 1027 vita,
1500 957 1634 1018 etfama
1654 971 1755 1016 cons·
1803 948 1807 959 ‘

120 1053 342 1115 conditionem
374 1053 513 1130 implere
550 1055 657 1131 parati
685 1055 856 1132 nequeatis
891 1070 910 1115 a
965 1055 1072 1131 picuis
1087 1054 1237 1115 oriundis
1252 1054 1292 1115 de
1307 1046 1468 1129 regnnet
1480 1056 1546 1114 tuae
1561 1053 1758 1114 sublimitati

120 1150 336 1211 conditionali
351 1151 459 1214 debito
475 1151 622 1224 liberari,
646 1152 767 1213 vestris
782 1152 911 1229 suppli·
966 1152 1092 1213 devotis
1114 1167 1154 1212 ac
1177 1152 1341 1221 fidelihus,
1358 1150 1542 1211 ordinando
1565 1152 1763 1226 Capuanum·

119 1247 306 1309 dationibus
318 1250 501 1311 annuentes
510 1249 705 1311 auctoritate
718 1249 909 1325 vobisprae-
964 1248 1188 1310 venerabilem
1199 1250 1335 1310 fratrem
1347 1250 1497 1309 nostrum
1508 1250 1533 1307 I.
1547 1249 1760 1317 pactensem,

119 1345 262 1406 sentium
287 1345 509 1421 indulgemus,
533 1348 570 1407 ut
589 1346 713 1407 talibus
729 1363 794 1407 non
810 1362 912 1422 coga-
965 1346 997 1407 et
1020 1346 1265 1407 salernitanum
1281 1344 1505 1407 venerabilem
1521 1343 1658 1405 fratrem
1672 1356 1760 1404 nos-¹

117 1440 202 1501 mini
217 1441 346 1503 solvere
361 1443 549 1518 pensiones,
563 1442 642 1519 quie
657 1458 676 1503 a
691 1442 784 1504 vohis
800 1442 910 1505 oblata
964 1445 1051 1505 trum
1067 1444 1100 1502 C.
1118 1444 1396 1518 Famagustanum
1412 1442 1596 1517 episcopos,
1608 1441 1759 1500 Brundu-

118 1553 267 1613 eongrua
292 1538 452 1600 beneficia
475 1540 593 1602 nolunt
613 1541 762 1616 recipere
776 1541 829 1600 vel
844 1555 911 1600 non
965 1540 1073 1601 sinum
1085 1555 1164 1600 vero
1177 1541 1335 1601 dilectum
1347 1540 1452 1599 tilium
1465 1537 1617 1599 abbatem
1629 1539 1662 1597 S.
1674 1538 1758 1597 Vin-

118 1637 243 1698 valent.
259 1636 351 1697 Nulli
373 1652 451 1713 ergo
473 1637 607 1699 omnino
626 1637 797 1698 hominum
813 1637 912 1699 liceat
965 1638 1064 1698 centii
1080 1637 1120 1698 de
1135 1639 1310 1709 Vulturno,
1327 1639 1515 1697 Consanum
1531 1634 1757 1696 venerabilem

117 1733 207 1794 hane
225 1734 381 1809 paginam
403 1735 525 1795 nostrae
545 1734 770 1795 concessionis
785 1733 909 1795 inirin-
965 1734 1593 1812 fratremnostrum,quoudampriorem
1601 1735 1632 1794 S.
1641 1733 1756 1793 Mariae

116 1845 209 1906 gere,
237 1830 290 1891 vol
313 1831 345 1891 ei
369 1844 453 1891 ausu
480 1832 658 1892 temerario
678 1831 856 1893 contraire.
876 1831 911 1892 Si
965 1835 1067 1894 Novae
1088 1834 1128 1893 de
1148 1833 1245 1904 Urbe,
1258 1837 1512 1894 achversanum
1532 1831 1756 1892 venerabilem

118 1927 195 2003 quis
223 1929 333 1989 autem
366 1928 429 1989 hoc
458 1928 621 1990 attentare
649 1929 908 2005 praesumpserit,
966 1930 1101 1991 fratrem
1125 1932 1274 1991 nostrum
1300 1929 1466 2007 quondam
1488 1928 1757 2005 amalphitanum

117 2023 383 2100 indignationem
407 2025 641 2101 omnipotentis
666 2026 724 2086 Dei
746 2027 779 2087 et
797 2025 912 2088 beato-
965 2027 1252 2098 archidiaconum,
1269 2027 1342 2087 sine
1363 2029 1420 2088 tuo
1437 2025 1629 2102 praejudicio
1645 2025 1759 2100 provi-

117 2137 194 2182 rum
207 2123 299 2182 Petri
311 2124 344 2183 et
356 2123 452 2183 Pauli
464 2123 688 2200 apostolorum
704 2126 775 2200 ejus
795 2139 831 2184 se
850 2140 912 2185 no·
965 2124 1080 2186 dentes
1108 2124 1148 2185 de
1172 2124 1311 2185 fratrum
1342 2125 1531 2184 nostrorum
1557 2122 1697 2183 oonsilio
1721 2122 1757 2182 iu

116 2218 207 2280 verit
230 2218 451 2280 incursurum.
482 2220 599 2281 Datum
624 2221 737 2291 Reate,
756 2222 831 2281 xlv
845 2220 910 2280 ka·
966 2224 1125 2299 pastores.
1143 2224 1309 2296 Rogamus
1324 2221 1425 2296 igitur
1439 2219 1650 2283 serenitatem
1665 2220 1757 2280 tuam

117 2313 237 2397 lendas
263 2316 421 2387 octobris,
450 2316 661 2392 pontificatus
688 2317 796 2378 nostri
823 2332 924 2381 annov
966 2320 1134 2392 attentius,
1155 2322 1189 2382 et
1211 2320 1392 2389 hortamur,
1414 2318 1576 2394 quatenus
1598 2316 1757 2377 ecelesias

118 2410 260 2472 decimo.
966 2419 1066 2495 ipsas,
1089 2418 1175 2479 sicut
1195 2417 1402 2493 imperialem
1424 2415 1633 2476 clementiam
1652 2413 1757 2485 decet,

967 2516 1092 2576 habens
1113 2531 1173 2591 pro
1194 2514 1384 2575 reverentia
1404 2513 1473 2584 Dei,
1495 2514 1529 2573 et
1551 2512 1670 2572 animae
1695 2515 1759 2571 tuae

967 2611 1280 2688 salutepropensius
1290 2608 1546 2677 commendatos,
1558 2608 1759 2669 eishonores

967 2724 1055 2781 suos,
1073 2725 1112 2770 ac
1126 2711 1204 2785 jura
1221 2708 1351 2783 integra
1367 2706 1607 2772 conservando,
1628 2720 1760 2781 praeno·

967 2808 1109 2867 minatus
1121 2804 1312 2866 earumdem
1325 2805 1486 2880 pastores,
1503 2803 1549 2865 ita
1566 2803 1678 2863 lavore
1690 2802 1758 2862 im-

858 2908 861 2914 '
967 2904 1102 2980 perialis
1127 2903 1244 2978 gratiae
1266 2901 1489 2978 prosequaris,
1507 2900 1593 2977 quod
1618 2899 1757 2983 celsitu7

967 3000 1055 3062 dinis
1068 3002 1132 3061 tuae
1148 2998 1310 3059 serenitas
1325 2998 1360 3057 in
1376 2997 1492 3058 merito
1506 2996 1623 3057 debeat
1642 2999 1709 3057 Deo
1725 3001 1758 3058 et

967 3097 1156 3159 hominibus
1181 3099 1397 3172 complacere,
1419 3095 1451 3155 et
1472 3093 1661 3169 specialiter
1682 3109 1756 3164 nos,

305 3196 347 3251 De
358 3191 547 3251 celebratione
563 3192 726 3248 mlflsvrum·
967 3211 1007 3257 ac
1032 3194 1151 3255 fratres
1178 3193 1283 3254 nostri
1313 3191 1520 3252 devotionem
1550 3190 1758 3251 excellentiae

161 3317 260 3397 (Vide
284 3320 444 3384 Quintam
460 3318 757 3391 compilationem,
774 3314 831 3376 lib,
853 3317 910 3388 ΠΙ,
965 3295 1032 3354 tuae
1065 3291 1242 3353 debeamus
1277 3291 1312 3352 in
1347 3289 1486 3350 Domino
1514 3288 1757 3349 commendare.

117 3417 143 3477 t,
159 3418 211 3488 24,
229 3432 258 3476 0·
273 3419 304 3487 7,
321 3417 343 3477 t,
358 3418 383 3488 Ι,
400 3415 461 3476 001,
478 3411 645 3493 324-325.)
966 3388 1198 3451 venerabilem
1220 3388 1331 3449 autem
1355 3385 1492 3447 fratrem
1525 3387 1674 3446 nostrum
1698 3400 1757 3445 ar-

968 3486 1214 3563 chiepiscopum
1251 3484 1497 3546 salernitanum
1538 3482 1760 3544 exhibitorem

967 3583 1180 3661 praesentium
1189 3582 1297 3650 nobis,
1306 3580 1506 3642 etiratribus
1515 3580 1636 3640 nostris
1645 3596 1760 3641 earum

968 3682 1037 3742 suis
1056 3680 1266 3756 exigentibus
1290 3679 1418 3739 meritis
1436 3680 1469 3739 et
1490 3680 1671 3754 acceptum,
1701 3694 1759 3738 se·

967 3775 1758 3854 renitatitnaepraeseutipaginacommendamus‚

967 3877 1133 3952 rogantes,
1146 3877 1181 3935 ut
1197 3876 1229 3934 et
1241 3874 1350 3950 ipsum
1363 3871 1456 3932 vultu
1470 3888 1588 3932 sereno
1603 3872 1769 3947 recipias,¹

389 4035 404 4052 ν
967 3975 1000 4035 et
1013 3974 1044 4033 ei
1062 3972 1179 4048 gratiae
1198 3973 1264 4034 tuae
1286 3970 1446 4041 favorem,
1464 3969 1631 4045 inquibus
1650 3969 1761 4059 sibiet

369 4033 405 4091 ²³
422 4030 561 4105 &memb'
584 4031 661 4089 Μ’
967 4071 1116 4132 ecclesiae
1137 4084 1206 4129 suae
1227 4067 1350 4131 videris
1366 4066 1523 4143 expedire
1546 4065 1758 4137 favorabiles,

314 4148 431 4213 [⁰⁸¹¹0ffi’
442 4147 517 4197 “³¹³⁸
528 4160 608 4208 Μ’
621 4148 640 4204 ¹’
652 4146 719 4211 4⁹⁰4
967 4171 1000 4230 et
1013 4167 1175 4242 benignos
1188 4165 1371 4243 impendas.
1386 4167 1503 4226 Datum
1516 4165 1631 4237 Reate,
1646 4166 1689 4225 Vl
1705 4163 1761 4224 ha·

117 4270 195 4325 Eum
214 4264 342 4322 hortatur
361 4272 391 4320 ut
413 4277 503 4319 noves
520 4262 652 4334 prelatos
676 4261 796 4334 accipiat
814 4268 842 4318 et
859 4259 910 4317 ho·
967 4266 1082 4329 landas
1095 4264 1250 4335 octobris,
1265 4279 1352 4324 anno
1368 4262 1506 4324 decimo.

156 4360 240 4411 noret
257 4352 377 4425 juraque
396 4353 439 4408 ais
457 4359 607 4408 conservet
624 4351 745 4421 integre,
760 4357 788 4408 et
800 4348 910 4406 archie-

156 4443 305 4515 piscopum
330 4441 553 4507 salernitanum,
578 4438 764 4496 exhibitorem
789 4452 912 4511 presen-

157 4532 241 4599 tium,
255 4530 334 4587 vultu
349 4544 451 4587 screno
466 4529 594 4601 recipiat.

447 2573 587 2659 XXXV

224 2718 277 2777 Ad
290 2716 597 2787 Bartholomccnm,
614 2719 808 2791 episcopum

391 2815 639 2874 Peristensem.

375 2945 409 3000 18
420 2942 558 3016 septemb.
574 2944 653 3001 lane.

230 3066 367 3132 [Sberalen
385 3068 480 3119 Bullar.
493 3066 611 3126 francisc,
626 3067 646 3126 l,
659 3067 697 3125 22,
710 3081 737 3119 n.
751 3066 804 3130 2Ι.]

435 3654 596 3741 XXXVI

244 3808 293 3867 Ad
313 3807 542 3874 Frtdericunn
558 3807 794 3865 Rontanorum

388 3903 646 3977 evaporantem.

1270 4487 1454 4573 XXXVII

160 4657 329 4717 Honorius
340 4656 525 4732 episcopus,
536 4670 651 4715 servus
660 4669 831 4714 servorum
841 4653 910 4724 Dei,

118 4752 311 4825 Frederico,
328 4753 450 4813 illustri
467 4755 690 4813 Romanorum
707 4748 911 4826 imperatori.

161 4852 293 4911 Certam
312 4849 407 4910 nobis
423 4849 576 4909 fiduciam
592 4846 707 4908 tribuit
724 4848 838 4907 innata
853 4845 912 4907 tibi

1047 4641 1099 4703 Ad
1111 4638 1240 4700 cletum
1253 4641 1458 4714 aleriensem
1472 4639 1678 4711 episcopum.

1218 4767 1253 4824 25
1272 4766 1411 4839 septemb.
1434 4766 1512 4824 1225.

1053 4892 1143 4955 [Fejer.
1161 4890 1221 4942 Cod.
1240 4889 1346 4954 diplom.
1363 4889 1505 4953 hungaria,
1521 4889 1564 4947 ΙΙΙ,
1580 4904 1609 4947 ιι,
1626 4887 1678 4951 ΙΙΙ]

116 4947 322 5021 benignitas,
332 4947 369 5007 ut
378 4946 465 5007 lacta
478 4945 533 5020 pio
545 4945 680 5014 intuitu,
693 4945 726 5005 et
736 4946 814 5014 Deo,
828 4943 914 5003 sieut

117 5044 299 5113 credimus,
316 5043 449 5119 placita,
467 5044 534 5104 tuae
550 5056 679 5118 quoque
694 5041 759 5100 sint
778 5040 915 5100 celsitu·
968 5015 1012 5074 Ad
1033 5016 1234 5117 Vseoeflfflb
1256 5016 1406 5088 Asslleflsis
1429 5015 1571 5115 episcopi,
1593 5013 1628 5070 ‘¹³
1651 5012 1762 5114 ¹1¹⁶¹I⁰V

117 5140 194 5202 dini
213 5139 388 5215 plaettura.
413 5141 499 5199 Sane
513 5138 663 5198 videntes
683 5135 769 5212 quod
786 5135 914 5198 diutina
1040 5119 1243 5163 canonicorum
1256 5119 1371 5161 suorum
1387 5117 1548 5176 provisione
1562 5103 1689 5160 contulit.

118 5239 300 5313 Capuanae,
326 5235 557 5306 salernitanae,
579 5232 811 5303 Brundusinae,
828 5235 916 5293 Con·
1011 5229 1191 5300 Honorius,
1209 5229 1272 5289 etc.

117 5348 226 5405 sanae,
243 5348 282 5393 ac
301 5336 483 5394 Aversanee
500 5330 718 5392 ecclesiarum
735 5329 864 5391 vacatio
879 5328 914 5390 in
1012 5326 1215 5403 significasti
1229 5325 1336 5397 nohis,
1353 5324 1439 5403 quod
1455 5324 1605 5386 eeclesiae
1619 5326 1684 5387 tua
1699 5340 1762 5386 ca-

118 5445 225 5507 grave
242 5445 307 5490 nou
327 5428 433 5490 solum
452 5443 575 5499 rerum,
593 5426 650 5488 sed
670 5426 913 5488 etiamanima-
971 5424 1095 5495 nomini,
1125 5423 1287 5485 diminuta
1321 5424 1469 5500 ipsorum
1502 5422 1706 5500 provisione,
1743 5437 1765 5483 a

118 5543 197 5589 rum
212 5525 396 5602 periculum
411 5524 626 5591 redundabat,
643 5525 676 5585 et
695 5522 912 5593 attendentes,
971 5523 1119 5597 tempore
1128 5520 1266 5582 concilii
1275 5520 1453 5596 generalis,
1462 5536 1562 5597 quum
1572 5520 1621 5581 eis
1632 5535 1675 5581 ex
1684 5520 1764 5580 tune

119 5622 259 5702 quodid
276 5622 386 5693 nobis,
407 5624 441 5683 et
458 5621 517 5683 tibi
538 5620 763 5697 imputabatur
785 5619 914 5696 publice
972 5633 1039 5679 non
1054 5616 1178 5679 luerint
1191 5617 1233 5678 ad
1248 5631 1363 5679 eorum
1386 5616 1658 5679 sustentationem
1678 5632 1763 5680 con-

269 5792 383 5836 mmon.
397 5793 471 5836 rena
487 5779 533 5839 IV.
1483 5792 1489 5805 ·
1550 5775 1585 5832 30
