3930 6206
266 298 328 357 635

886 301 1061 363 HONORII
1083 303 1128 363 111
1150 304 1297 366 OPERA.
1814 317 1858 378 636

269 456 427 519 comitutu
438 457 597 528 Arimen„
615 456 762 519 castrum
773 458 896 520 montis
911 458 1062 521 columbi
1117 462 1192 524 tate·
1204 464 1346 533 Domini,
1362 463 1542 528 testivitate
1565 469 1793 547 protomartyris
1811 473 1859 537 Sto·
1932 526 1933 535 ,

1119 559 1234 633 phani,
1258 561 1518 624 Circumcisione
1540 565 1678 636 Domini,
1704 567 1859 645 Epiphania,
1932 548 1933 619 ἶ

1117 657 1295 733 Ypapanti‚
1322 660 1494 721 Dominica
1519 660 1555 721 in
1580 662 1679 722 ramis
1700 664 1859 735 Palnmn,
1932 656 1933 735 t

268 748 367 819 tibus,
375 748 608 825 jurisdictione
618 749 838 825 temporaliet
852 751 1062 827 pertinentiis
1118 755 1217 814 coena
1250 755 1392 826 Domini,
1418 756 1555 819 sabbato
1587 760 1799 831 schamtona
1823 778 1863 824 se-

268 845 358 921 suisJ
388 845 572 907 districtum
597 847 801 907 Ravennatis
827 847 930 920 urbis,
955 847 1062 924 ripam
1118 850 1225 910 cunda
1242 854 1316 928 post
1337 853 1477 923 Pascha,
1497 855 1863 926 Ascensione,Pentecos-

266 942 443 1017 integram,
469 943 647 1015 monetam,
672 943 851 1016 teloneum,
883 960 1006 1017 muros,
1031 946 1063 1006 et
1117 949 1184 1018 ten,
1199 947 1305 1008 tribus
1325 948 1562 1011 festivitatibus
1580 940 1682 1013 beatae
1695 955 1862 1025 Mariana-

269 568 344 615 cum
360 554 593 629 jurisdictione
608 552 794 631 temporali,
811 556 844 617 et
862 557 940 617 aliis
958 557 1065 634 perti·

269 651 391 712 nuntiis
402 651 482 722 suis,
492 652 636 712 castrum
647 652 768 712 montis
780 653 894 714 crucis
905 669 980 714 cum
990 669 1063 714 cur·

267 1054 381 1099 omnes
394 1042 507 1115 portas
520 1039 683 1114 civitatis3
701 1042 949 1102 comaclensem
964 1041 1063 1103 comi-

265 1137 370 1197 tatum
392 1152 467 1196 cum
488 1136 680 1207 honoribus,
697 1138 730 1198 et
744 1138 957 1213 pertinentiis
979 1138 1060 1199 suis.

1117 1042 1176 1103 tali
1197 1042 1286 1105 beati
1299 1046 1438 1106 ioannis
1457 1046 1624 1123 Baptistae,
1642 1049 1863 1111 solemnitatibus

1117 1139 1264 1200 omnium
1309 1142 1563 1216 Apostolorum,
1596 1148 1864 1207 commemoratione

266 1235 304 1294 In
320 1233 454 1295 civitate
463 1234 675 1306 Ariminensi,
693 1235 932 1296 monasterium
949 1236 1061 1296 Sancti
1116 1237 1263 1296 omnium
1287 1239 1488 1309 sanctorum,
1510 1237 1764 1301 dedicationibus
1787 1243 1865 1303 mule
1932 1254 1933 1293 l

1116 1333 1253 1404 siarum,
1282 1335 1517 1396 anniversario
1550 1338 1617 1397 tuae
1646 1339 1864 1400 consecrationis
1932 1380 1933 1387 ,

265 1332 400 1393 Thomas
411 1330 560 1407 Apostoli
575 1331 608 1391 et
628 1332 757 1392 Sancta
772 1331 964 1408 Euphemiae
979 1333 1060 1392 Vir·

265 1429 365 1503 ginis,
379 1429 523 1488 moutam
537 1428 638 1490 castri
652 1427 781 1499 Ubaldi,
792 1429 936 1488 moutam
950 1429 1059 1500 cerni,

266 1527 411 1588 castrum
435 1525 583 1586 Ossauiae
595 1529 629 1585 ct
646 1528 790 1586 castrum
808 1526 930 1586 montis
944 1526 1059 1598 Reddi,

265 1624 299 1685 et
312 1623 398 1683 alias
412 1622 651 1698 possessiones
669 1637 752 1698 quas
766 1623 909 1683 ecclesia
925 1624 982 1683 tua
999 1622 1062 1697 ha-

266 1720 375 1781 hetin
399 1719 549 1779 Marchia
569 1734 629 1794 per
650 1719 800 1780 diversos
824 1702 1061 1781 comitatusln

265 1817 422 1879 comitatu
430 1816 590 1887 Ammon„
608 1817 752 1877 montem
768 1817 966 1889 canianum,
978 1820 1056 1877 Ma-

263 1930 433 1984 razanum,
445 1913 559 1973 villam
579 1913 778 1985 corlianam,
795 1915 941 1975 castrum
957 1914 1059 1975 Savi-

264 2013 377 2088 gnani,
392 2015 538 2072 castrum
557 2011 758 2082 Montiliani,
775 2013 921 2072 castrum
937 2012 1060 2073 Montis

263 2110 361 2171 Novi.
381 2111 417 2168 In
438 2108 631 2185 episcopatu
658 2108 893 2179 casanatensi,
914 2109 1059 2169 castrum

265 2207 461 2278 Subrivolae,
483 2207 628 2267 castrum
641 2205 896 2277 Montiscucchi,
914 2206 1058 2268 castrum

264 2304 417 2375 Salliani,
438 2304 583 2363 castrum
605 2302 726 2363 montis
745 2302 894 2375 Gerardi,
914 2304 1058 2365 castrum

263 2400 400 2463 Serrani
420 2399 453 2460 et
472 2399 642 2470 Flarbani,
663 2401 808 2461 castrum
834 2398 1058 2475 Deuleguardi

263 2500 297 2561 et
313 2498 460 2558 castrum
480 2495 672 2557 casalecchi
685 2497 717 2557 et
732 2496 915 2567 Rudiliani,
931 2497 964 2558 et
978 2512 1056 2559 cas-

262 2597 350 2657 trum
367 2593 538 2669 Stagnani,
555 2593 670 2654 villam
680 2595 772 2655 Rotae
788 2594 821 2655 at
836 2594 982 2654 castrum
995 2593 1057 2654 Ri-

261 2691 410 2763 varsani,
423 2692 568 2752 castrum
579 2689 619 2752 de
629 2690 751 2762 Monte,
766 2691 799 2751 et
809 2692 955 2751 castrum
966 2694 1057 2752 Ron-

262 2790 317 2851 chi
331 2805 405 2851 cum
418 2787 578 2860 curtibus,
591 2788 825 2865 J'urisdictione
841 2789 873 2849 et
885 2789 1058 2864 pertinen·

261 2888 319 2949 tiis
331 2885 411 2947 suis.
426 2889 464 2945 In
477 2886 670 2962 episcopatu
684 2885 889 2961 Populiensi,
909 2886 1056 2947 castrum

260 3001 395 3055 novum,
410 2984 556 3045 castrum
569 2983 747 3055 Tuderaui,
769 2984 915 3044 castrum
932 2983 1056 3055 Quilia·

260 3083 307 3154 ui,
331 3082 477 3142 castrum
492 3080 642 3155 Bagnoli,
660 3082 804 3141 castrum
827 3080 944 3141 Molini
959 3082 1054 3142 vete-

259 3182 308 3241 ris
321 3180 355 3241 et
366 3179 511 3239 castrum
522 3177 644 3238 montis
656 3177 791 3238 Bovarii
806 3193 881 3237 cum
893 3177 1052 3248 curtibus,

255 3275 489 3354 jurisdictione
504 3276 537 3336 et
556 3274 767 3350 pertinentiis
780 3274 861 3335 suis.

300 3374 338 3434 In
349 3374 542 3448 episcopatu
552 3371 748 3439 Faventino,
759 3372 905 3432 castrum
912 3372 1051 3444 Aurioli,

259 3471 405 3532 castrum
421 3467 558 3528 Tribani
573 3468 605 3529 et
616 3468 731 3528 villam
748 3468 861 3529 Sancti
876 3469 998 3529 Pontii.
1016 3472 1054 3529 In

258 3568 417 3630 comitatu
434 3565 584 3635 lmolen,
603 3565 719 3627 villam
738 3566 834 3625 Lucii
855 3582 930 3626 cum
949 3566 1054 3628 curti·

256 3663 330 3736 bus,
355 3661 588 3741 jurisdictione
613 3664 646 3724 et
669 3662 880 3737 pertinentiis
906 3662 987 3723 suis.
1015 3667 1052 3724 In

257 3762 426 3823 territorio
462 3762 630 3822 Ravenna
665 3759 906 3829 llovendulam,
938 3759 1053 3822 villam

258 3860 371 3921 Sancti
389 3857 569 3929 Pancratii,
591 3858 624 3919 et
643 3857 758 3919 villam
786 3860 817 3918 S.
838 3857 1050 3932 Archangeli,

255 3957 371 4019 villam
387 3955 486 4026 Rutu,
504 3956 537 4016 ct
552 3952 673 4030 caboy,
690 3957 722 4015 et
734 3956 881 4017 castrum
900 3955 1053 4015 casemu·

1116 1430 1180 1501 die,
1203 1430 1353 1492 ecclesiae
1375 1433 1440 1494 tuae
1460 1432 1699 1509 principalibus
1716 1434 1865 1496 testiutati-

1115 1526 1188 1598 bus,
1214 1528 1518 1589 consecrationibus
1542 1531 1773 1606 episcoporum,
1789 1535 1866 1592 etor-

1116 1622 1560 1685 dinationibusclericorum
1573 1625 1622 1685 Ad
1634 1626 1704 1686 haec
1714 1627 1933 1703 adJrcrentes

1116 1720 1239 1780 arctius
1266 1719 1464 1790 inhibemus,
1488 1738 1531 1782 ne
1555 1722 1630 1799 quis
1651 1724 1867 1784 coemeterium-

1115 1816 1291 1877 clesiarum
1302 1819 1336 1878 et
1349 1818 1575 1879 ecclesiastica
1588 1819 1746 1881 beneficia
1759 1820 1867 1880 haeredi·

1114 1913 1200 1974 tario
1225 1916 1303 1991 jure
1329 1914 1508 1990 possideat,
1526 1915 1612 1992 quod
1642 1917 1671 1977 si
1701 1918 1767 1993 quis
1787 1916 1867 1977 tumre

1115 2008 1199 2072 forte
1214 2013 1474 2088 praesumpserit,
1491 2029 1634 2074 censura
1650 2015 1798 2075 canonica
1808 2030 1867 2073 con·

1113 2109 1228 2183 poscat
1229 2124 1279 2169 ur
1296 2110 1463 2169 Praeterea
1478 2110 1564 2186 quod
1580 2113 1746 2172 communi
1763 2126 1866 2171 assensu

1114 2205 1252 2281 capituli
1276 2206 1335 2276 tui,
1353 2207 1407 2269 vel
1426 2208 1532 2282 partis
1551 2209 1686 2271 consilii
1708 2209 1829 2269 sanioris
1842 2208 1866 2266 in

1113 2303 1169 2363 tua
1185 2302 1321 2363 dioecesi
1333 2319 1394 2379 per
1404 2306 1447 2376 te,
1460 2306 1513 2364 vel
1529 2318 1742 2367 successores
1752 2307 1814 2367 tuos
1824 2303 1862 2363 tuo

1112 2399 1158 2459 rit
1183 2399 1342 2459 canonice
1369 2400 1568 2472 institutum,
1591 2404 1704 2463 ratum
1723 2404 1755 2464 et
1773 2402 1868 2462 hnun

1112 2494 1265 2556 volumus
1292 2512 1499 2573 permanare.
1516 2498 1737 2560 Prohibemns
1754 2500 1868 2573 insuper,

1113 2594 1480 2665 neexcommunicatos,
1496 2595 1550 2655 vel
1565 2595 1760 2657 interdictos
1774 2592 1868 2657 tuosed
1932 2608 1933 2613 ¹

1112 2688 1257 2749 cilicium
1281 2691 1334 2751 vel
1358 2693 1627 2753 communionem
1647 2693 1869 2754 ecclesiasticen

1112 2786 1184 2848 sine
1197 2788 1401 2849 conscientia
1416 2791 1449 2849 et
1464 2804 1632 2850 consensu
1654 2792 1712 2852 tuo
1732 2791 1870 2867 qumquam

1111 2884 1273 2955 admittat,
1286 2888 1344 2946 aut
1359 2887 1474 2947 contra
1489 2888 1692 2949 sententiam
1705 2890 1787 2949 tuam
1799 2899 1869 2946 cano

1111 2981 1185 3042 nice
1195 2982 1436 3058 promulgatam
1448 2984 1570 3060 aliquis
1580 2986 1699 3046 venire
1714 2984 1868 3061 praesumat,

1110 3079 1176 3140 nisi
1194 3079 1277 3141 torte
1297 3081 1480 3156 periculum
1503 3083 1621 3144 mortis
1641 3084 1811 3151 immineat,
1830 3080 1870 3138 aut

1110 3177 1187 3237 dum
1200 3178 1412 3253 praesentiam
1426 3180 1516 3239 tuam
1534 3178 1662 3241 habere
1683 3177 1869 3257 nequiverint

1110 3289 1169 3350 per
1192 3274 1294 3335 alium
1317 3275 1497 3335 secundum
1514 3276 1657 3339 formam
1673 3277 1816 3338 Ecclesia
1827 3287 1870 3331 sa·

1109 3371 1296 3433 tisiactione
1311 3372 1495 3448 praemissa,
1512 3376 1667 3448 oporteat
1686 3375 1813 3450 ligatum
1827 3369 1872 3429 ab·

1109 3469 1205 3531 solvi.
1226 3470 1403 3529 Sacrorum
1419 3486 1550 3546 quoque
1566 3487 1735 3532 canonum
1754 3466 1872 3531 auctori·

1107 3567 1208 3628 tatem
1233 3568 1420 3642 sequentes,
1450 3568 1640 3640 statuimus,
1663 3569 1701 3630 ut
1723 3568 1873 3629 nullusar

1108 3662 1349 3739 cbiepiscopus,
1366 3663 1419 3723 vel
1434 3664 1609 3740 episcopus
1623 3665 1749 3743 absque
1765 3666 1821 3732 tuo,
1832 3657 1870 3719 vel

1108 3774 1338 3821 successorum
1376 3762 1510 3821 tuorum
1545 3776 1691 3824 assensu
1723 3760 1873 3824 conventus

1107 3856 1287 3928 celebrare,
1316 3872 1435 3917 causas
1462 3859 1563 3919 etiam
1590 3860 1644 3921 vel
1677 3855 1872 3921 ecclesiastica

1107 3952 1240 4026 nogotia
1261 3951 1296 4011 in
1312 3954 1561 4014 Ravennatensi
1584 3954 1737 4028 dioecesi,
1754 3953 1811 4015 nisi
1830 3962 1873 4026 per

256 4053 412 4115 ratecnm
424 4050 584 4121 curtibus,
595 4050 829 4126 jurisdictione
841 4052 874 4113 et
886 4051 1052 4128 pertinen·
1107 4052 1292 4110 Romanum
1305 4048 1505 4125 pontificem,
1522 4052 1576 4111 vel
1587 4056 1662 4129 ejus
1675 4054 1811 4129 legatum
1819 4048 1873 4107 iue-

255 4149 314 4211 tiis
335 4149 416 4217 suis,
442 4152 475 4209 et
493 4147 684 4208 comitatum
705 4148 872 4222 Argenta,
891 4148 977 4210 idest
999 4147 1052 4224 ip-
1106 4145 1151 4207 rit
1173 4144 1280 4207 eidem
1304 4147 1502 4223 injunctum,
1522 4150 1690 4212 tractrare
1712 4146 1871 4228 praesumat

257 4261 328 4308 sam
341 4247 521 4320 Argentum
539 4259 614 4303 cum
629 4243 729 4314 Pado,
745 4245 840 4320 ripis,
862 4244 1048 4321 paludibus,
1106 4243 1200 4303 Illam
1216 4258 1345 4320 quicque
1360 4243 1822 4315 abusivamconsuetudinem,
1834 4239 1872 4300 vol

256 4342 459 4419 etpiscariis
481 4342 561 4412 suis,
583 4341 708 4410 stratis,
724 4341 798 4413 viis,
816 4341 961 4416 pascuis,
976 4343 1050 4419 le-
1105 4340 1214 4416 potius
1239 4339 1495 4403 abominabilem
1520 4345 1758 4420 corruptelam
1769 4338 1874 4419 quaci-
1932 4350 1933 4365 ¹

255 4441 320 4512 vis,
336 4441 369 4500 et
383 4438 578 4514 publicariis
592 4438 771 4509 universis,
787 4441 819 4499 et
834 4439 1050 4514 cumintegro
1104 4453 1162 4498 ves
1188 4439 1409 4509 Ravennates,
1430 4439 1686 4517 archiepiscopo
1710 4438 1871 4502 decedent

257 4536 414 4599 comitatu
431 4536 593 4610 Argenta,
612 4534 770 4597 vrdehcet
783 4535 898 4596 villam
917 4536 1048 4607 Portus,
1104 4533 1190 4594 bona
1206 4533 1341 4594 mobilia
1356 4535 1665 4612 archiepiscopatus
1676 4540 1832 4614 tamquam
1843 4530 1872 4592 ad
1932 4530 1933 4543 ¹

256 4635 291 4696 et
312 4636 417 4696 totum
441 4631 652 4708 plebanatum
674 4634 765 4708 ejus,
795 4632 925 4693 scilicet
952 4634 1051 4708 caput
1106 4647 1162 4692 eos
1182 4633 1259 4707 June
1288 4632 1511 4693 successionis
1531 4635 1734 4709 pertineant,
1752 4628 1871 4709 rapiunt

258 4730 422 4800 sandalis,
456 4730 641 4800 crasalum,
668 4729 787 4805 Ripam
816 4728 942 4804 pertici,
964 4731 1050 4791 Ver·
1105 4731 1137 4789 et
1147 4729 1329 4804 asportant,
1341 4728 1531 4790 inhibentes
1541 4731 1660 4803 electo,
1673 4748 1718 4794 na
1732 4728 1875 4807 ingredia·

256 4829 450 4907 gundinum,
478 4828 609 4902 portum
630 4826 826 4896 veterariae,
856 4827 1047 4898 sandalum,
1104 4828 1159 4887 tur
1168 4824 1451 4900 archiepiscopale
1467 4828 1641 4903 palatium,
1654 4830 1726 4891 nisi
1740 4825 1874 4905 priusJ'u-

256 4925 443 4996 Materium,
469 4924 651 4993 cavallum,
672 4924 707 4983 et
730 4923 857 4983 curtem
882 4922 923 4983 de
946 4923 1049 4985 Pedio
1105 4922 1156 4983 ret
1175 4936 1212 4982 se
1234 4921 1369 4981 illorum
1397 4925 1657 4987 consuetudines
1677 4927 1873 4988 servaturum.

256 5040 331 5085 cum
363 5019 497 5097 placito,
524 5019 676 5081 districtu
708 5019 742 5080 et
778 5018 868 5079 omni
887 5020 1049 5095 jurisdic-
1104 5018 1235 5094 penitus
1250 5017 1421 5079 abolemus
1444 5020 1505 5082 sub
1527 5021 1798 5085 interminatione
1811 5030 1875 5079 anu·

255 5121 347 5183 tione
362 5135 382 5180 a
396 5115 561 5194 principio
578 5115 754 5177 comitatus
775 5116 930 5191 Argentea
944 5131 1049 5191 usque
1103 5115 1258 5178 thematis
1274 5116 1487 5191 prohibentes
1502 5133 1545 5181 ne
1559 5120 1642 5181 talia
1655 5120 1698 5182 de
1714 5122 1827 5181 caetero
1837 5113 1877 5174 at·

257 5220 460 5279 Ravennam.
473 5215 578 5274 Usum
600 5226 729 5287 quoque
749 5212 854 5287 pallii,
869 5212 1051 5287 plenitudi·
1104 5213 1282 5273 tententur.
1299 5215 1404 5279 Porro
1429 5217 1719 5290 consuetudinem,
1736 5229 1828 5294 quam
1850 5210 1875 5269 ii

256 5330 334 5374 nem
342 5310 497 5375 videlicet
508 5307 708 5389 pontificalis
723 5308 837 5379 officii,
848 5311 913 5370 tuae
929 5309 1050 5371 trater·
1104 5310 1264 5385 portanda
1288 5325 1399 5381 curce,
1415 5311 1447 5372 ot
1467 5311 1696 5376 tintinnabulo
1711 5331 1784 5376 cum
1804 5326 1875 5387 pra·

257 5409 353 5470 nitati
375 5407 573 5483 Apostolicae
597 5405 692 5467 Sedis
716 5405 916 5467 liberalitate
940 5406 1048 5482 largi·
1104 5405 1335 5467 decessoribus
1361 5407 1428 5469 tuis
1452 5424 1558 5485 usque
1585 5411 1629 5471 ad
1657 5412 1732 5473 haec
1749 5414 1876 5486 tempora

257 5519 342 5575 mur,
355 5520 419 5579 quo
438 5502 527 5563 inira
546 5502 722 5563 ecclesiam
743 5505 835 5563 tuam
856 5502 961 5563 utaris
982 5503 1049 5564 die·
1103 5503 1290 5575 servavisti,
1306 5503 1463 5566 videlicet
1486 5507 1522 5568 ut
1545 5524 1756 5586 quocumque
1770 5503 1877 5570 iveritis

256 5598 318 5657 bus
340 5599 479 5658 interius
498 5600 677 5669 annotatis,
696 5597 853 5660 videlicet
867 5599 902 5658 in
917 5600 1049 5663 Nativi-
1103 5602 1241 5676 excepta
1267 5600 1359 5671 urbe,
1380 5603 1413 5663 et
1429 5602 1536 5664 tribus
1552 5605 1723 5667 milliariis
1737 5618 1840 5683 prope,
1852 5602 1877 5659 Θῑ
