3886 6214
78 340 132 405 aab
674 336 905 399 epistotae.
927 338 1006 398 LIB.
1030 336 1101 433 Vll.
1650 334 1711 396 326

78 502 140 562 mat
159 497 194 560 ln
216 496 287 559 suls
309 495 450 560 naribus
467 496 526 559 aut
545 494 651 572 galeis
674 495 710 558 in
732 497 857 559 terram
913 495 1089 558 Rambaldi
1099 508 1217 557 versus
1228 494 1479 567 monasterium,
1492 493 1622 555 seilicet
1630 492 1712 555 bur·

78 596 149 658 dicti
185 595 350 656 Theodori
383 594 624 671 transportare,
665 594 858 656 mandatum
913 609 990 671 gum
1001 590 1370 668 Ansavinl,etburgum
1381 590 1508 653 Artaldi
1520 588 1708 665 Michaelis,
1773 642 1777 651 .

77 694 216 756 nostrum
230 691 405 753 executuri
425 691 471 753 ita
486 690 628 753 sollicite
645 707 685 753 ac
702 690 860 769 frequen·
913 690 1028 768 quoda
1039 691 1126 752 dicto
1134 690 1335 750 monasterio
1344 688 1543 766 possidetur,
1552 689 1585 749 et
1592 688 1710 749 horam

76 794 131 864 ter,
159 790 244 868 quod
269 787 470 867 reprehendi
494 787 535 850 de
562 789 765 867 negligentia
791 805 858 851 non
913 788 1087 859 Ansavini,
1112 786 1269 855 casalini,
1292 785 1443 857 Bassani,
1469 787 1645 863 partesque
1667 785 1709 846 ad

77 888 211 968 possitis,
238 887 297 949 sed
324 885 471 949 debeatis
499 886 541 949 de
566 887 740 964 diligentia
768 902 862 949 oom-
915 884 1142 946 molendinum
1153 883 1194 945 de
1208 880 1410 959 Paganellis,
1423 883 1456 944 et
1468 898 1528 960 per
1542 884 1710 945 civitatem

77 985 227 1049 mandari.
256 984 379 1046 Datum
401 984 571 1054 Laterani,
598 987 646 1047 111
668 985 745 1047 idus
765 985 857 1059 maii,
915 998 1037 1044 noram
1057 980 1194 1043 adonio
1216 980 1376 1042 <luidonis
1398 981 1529 1041 Lazarii
1548 979 1710 1057 usquead

78 1099 154 1146 anno
168 1083 321 1160 septime.
916 1080 1049 1141 domum
1069 1078 1233 1142 iohannis
1253 1079 1411 1154 Bougatae
1430 1077 1520 1138 recte
1541 1094 1646 1155 usque
1667 1078 1709 1138 ad

916 1177 1039 1238 flumen
1054 1191 1171 1238 versus
1186 1175 1436 1246 monasterium,
1450 1190 1525 1236 cum
1540 1175 1708 1252 primitiis,

914 1273 1134 1345 testamentis,
1147 1272 1339 1351 sepulturis,
1354 1270 1577 1334 oblationibus
1590 1273 1710 1334 etcum

397 1385 526 1474 CVIII
916 1370 1072 1433 omnibus
1081 1370 1339 1433 aliisbeneflciis
1349 1369 1501 1430 vivorum
1515 1371 1712 1446 atquemor·

914 1469 1060 1541 tuorum,
1081 1482 1163 1546 quos
1182 1467 1279 1530 bonae
1293 1466 1463 1529 memoria
1484 1465 1625 1528 Uberius
1644 1469 1712 1528 Po·

202 1565 255 1626 Ad
268 1563 525 1625 monasterium
537 1564 572 1624 S.
588 1562 718 1636 Rofetlt.
769 1632 774 1639 ‚
916 1566 1080 1642 pulieusis
1093 1566 1271 1643 episcopus
1286 1564 1327 1626 de
1340 1563 1479 1640 capituli
1491 1564 1545 1624 sui
1556 1578 1709 1638 assensu,

344 1695 377 1752 ll
390 1693 488 1767 wip,
502 1692 582 1753 itti.
916 1664 1027 1726 vestro
1042 1663 1248 1724 monasterio
1266 1660 1322 1739 pie
1343 1662 1379 1724 et
1400 1658 1540 1738 provida
1560 1660 1713 1725 liberali-

240 1816 363 1883 ΝΜ·
467 1828 547 1876 ”r
561 1815 676 1881 re]
915 1759 1563 1933 intrastisotiositatis
1575 1757 1710 1937 itit

106 1940 262 2000 1011·Μὶ
277 1942 307 2002 S·
325 1939 826 2014 R050ffil³⁰l>1¹¹¹ffl⁸¹⁸l>⁸ff00¹ss¹¹¹m
917 1956 1173 2018 instrumentum
1196 1954 1356 2025 vidimus,
1378 1952 1651 2026 auscultavimus,
1676 1955 1711 2017 et

397 2029 525 2102 min·
916 2051 1186 2132 approbavimus,
1196 2054 1275 2130 jnre
1287 2051 1418 2129 plenius
1430 2049 1607 2122 contineri,
1623 2052 1712 2113 sicut

112 2147 271 2210 Honorius
279 2148 470 2225 episcopus,
480 2160 597 2209 servus
608 2158 780 2209 servorum
789 2144 860 2218 Del,
917 2166 976 2212 eas
989 2152 1092 2229 juste,
1117 2149 1278 2213 canonice
1300 2150 1334 2212 et
1355 2147 1494 2226 pacifice
1520 2148 1708 2225 possidebo,

79 2242 193 2306 dilectis
208 2244 289 2306 illlis
304 2243 418 2306 abbati
436 2243 470 2306 et
491 2243 668 2306 conventui
689 2245 722 2304 S.
739 2241 862 2305 Roielll
916 2248 1023 2321 vobis,
1038 2250 1073 2310 et
1093 2261 1230 2326 parvos
1249 2246 1356 2308 eidem
1377 2242 1579 2308 monasterio
1594 2248 1711 2308 aucto-

80 2341 285 2419 Populiensis,
309 2342 453 2404 salutem
468 2341 501 2405 et
518 2340 742 2419 apostolicam
759 2338 863 2402 bene-
917 2346 1016 2409 ritate
1029 2344 1220 2423 apostolica
1239 2342 1473 2409 confirmamus
1489 2343 1522 2404 et
1534 2342 1710 2420 praesentis

80 2437 253 2502 dictionem.
917 2440 1033 2520 scripti
1060 2440 1247 2521 patrocinio
1273 2439 1526 2503 communimus.
1558 2440 1598 2503 nt
1626 2440 1711 2505 nulli

112 2538 208 2600 iustis
216 2536 402 2614 petentium
411 2534 586 2599 desideriis
595 2536 730 2612 dignum
741 2535 792 2598 est
801 2548 862 2599 nos
917 2541 1056 2623 privatae
1082 2553 1233 2616 personae
1257 2537 1508 2610 ecclesiasticae,
1528 2537 1581 2600 vel
1604 2554 1713 2600 saecu-

81 2631 197 2695 iacllem
217 2634 373 2711 praebere
394 2648 604 2706 consensum,
626 2634 660 2694 et
679 2636 769 2705 vota,
790 2648 862 2710 quae
917 2638 983 2703 lari
1006 2637 1107 2699 liceat
1131 2635 1298 2700 aedificare
1318 2635 1512 2706 oratorium,
1535 2636 1719 2711 ecclesiam,

82 2731 407 2795 arationls'tramite
427 2746 495 2792 non
518 2730 720 2803 discordant,
742 2730 864 2792 effectu
917 2736 971 2798 vel
981 2734 1145 2812 hospitale
1155 2733 1190 2795 in
1200 2733 1369 2811 parochiis
1381 2732 1581 2810 supradictis
1593 2735 1714 2811 praeter

82 2830 285 2907 prosequente
317 2828 495 2905 complere.
525 2830 719 2905 Eapropter,
749 2827 863 2890 dilecti
918 2832 1087 2895 licentiam
1102 2832 1135 2894 et
1148 2830 1352 2893 voluntatem
1367 2828 1508 2903 abbatis,
1525 2832 1558 2893 et
1573 2830 1713 2893 fratrum

84 2924 112 2986 ln
135 2928 271 2989 bomine
297 2926 373 3002 lilii,
399 2926 521 2988 vestris
541 2926 641 3004 justis
666 2925 865 3003 postulatio·
918 2929 1082 3008 praelibati
1108 2914 1318 2989 monasterii}
1346 2927 1556 3004 sepulturam
1581 2944 1712 3007 quoque
1792 2945 1794 2949 ’
1927 2938 1928 2949 ’

82 3021 167 3085 nibus
178 3028 273 3101 grato
286 3024 525 3086 concurrentes
538 3038 689 3096 assensu,
703 3038 864 3101 personas
918 3028 1026 3097 eidem
1040 3026 1243 3088 monasterio
1258 3024 1394 3086 omnino
1407 3023 1546 3086 liberam
1567 3041 1640 3087 esse
1655 3026 1716 3088 de-

82 3120 207 3196 vestres,
223 3121 257 3184 et
270 3122 395 3195 locum,
411 3120 446 3182 in
461 3136 526 3199 quo
541 3122 654 3183 divino
670 3122 751 3185 estis
767 3120 866 3184 obse-
919 3124 1098 3197 cernimus,
1122 3125 1155 3185 et
1180 3138 1295 3197 eorum
1319 3136 1473 3199 corpora,
1498 3122 1554 3199 qui
1581 3138 1617 3184 se
1643 3122 1714 3186 illic

83 3219 149 3296 pilo
168 3220 360 3297 mancipati,
386 3235 461 3281 cum
485 3219 639 3281 omnibus
659 3218 767 3291 bonis
790 3234 865 3298 quae
919 3221 1061 3301 sepelire
1076 3218 1345 3289 deliberaverint,
1361 3217 1414 3280 vel
1430 3234 1556 3292 eorum,
1577 3220 1635 3297 qui
1654 3236 1715 3299 per

82 3317 333 3393 predecessores
357 3316 460 3379 vestri
483 3333 502 3378 a
525 3316 744 3395 quadraginta
767 3317 865 3378 annis
920 3321 1114 3382 consuetam
1124 3317 1305 3403 parentelae
1315 3317 1374 3379 aut
1382 3317 1591 3393 cognationis
1602 3318 1716 3395 sepul-

83 3415 160 3476 retro
174 3415 348 3494 bucusque
361 3414 634 3492 possederunt,et
647 3430 707 3477 vos
724 3414 759 3476 in
774 3428 864 3492 prae·
919 3420 1029 3483 turam
1055 3415 1098 3478 ad
1126 3415 1354 3479 coemeterium
1376 3414 1524 3477 vestrum
1547 3416 1714 3493 pertinere

83 3512 157 3573 senti
170 3513 359 3591 possidetis,
373 3515 431 3573 aut
441 3512 476 3573 in
487 3511 634 3573 futurum
645 3512 746 3590 justls
760 3511 865 3574 modis
920 3515 1114 3587 noscuntur,
1131 3514 1206 3575 sine
1219 3512 1356 3574 licentia
1367 3513 1480 3576 vestra
1495 3514 1614 3575 nullus
1623 3516 1713 3576 reci-

84 3611 245 3684 prestante
273 3611 417 3673 Domino
445 3609 596 3686 poteritis
625 3610 777 3688 adipisci,
805 3609 865 3671 sub
920 3629 1000 3690 pere
1018 3612 1210 3690 prasumat,
1236 3610 1302 3672 nisi
1324 3609 1410 3672 forte
1430 3609 1540 3673 adbuc
1562 3613 1714 3676 viventes

84 3700 159 3769 beatl
179 3709 280 3781 Petri,
308 3706 396 3785 quod
415 3704 607 3784 specialiter
626 3709 716 3784 juris
737 3704 864 3780 existit,
920 3709 1125 3789 propositum
1149 3707 1324 3785 religionis
1341 3709 1593 3785 assumpserint.
1611 3711 1714 3781 Quem

85 3802 137 3864 sub
148 3804 248 3882 ipsius
261 3806 297 3868 et
306 3804 422 3867 nostra
432 3804 636 3882 protectione
649 3799 863 3882 'suscipimus3
920 3809 950 3871 si
965 3808 1038 3886 quis
1057 3821 1142 3868 ausu
1156 3805 1335 3867 temerario
1350 3805 1511 3881 recipere,
1530 3806 1584 3866 vel
1599 3806 1714 3884 sepul-

85 3902 262 3976 specialiter
276 3903 389 3964 autem
410 3918 525 3964 omnes
546 3901 717 3993 ecclesias,
732 3919 867 3980 posses·
920 3907 1005 3972 turae
1029 3902 1161 3967 tradere
1187 3901 1448 3980 presumpserit,
1474 3902 1546 3963 sive
1569 3903 1712 3966 clericus

86 3996 194 4072 siones,
218 4000 369 4062 decimas
393 4002 426 4062 et
448 3999 489 4061 de
511 4015 597 4061 novo
623 4015 810 4072 concessas,
834 4002 867 4062 et
921 4003 975 4075 sit,
994 4001 1065 4063 sive
1079 4000 1198 4071 laicus,
1215 4013 1321 4076 usque
1336 3997 1379 4059 ad
1397 3998 1595 4076 condignam
1609 4002 1715 4064 satis·

85 4097 245 4159 consuetas
263 4092 329 4176 [ae]
345 4096 499 4173 antiquas
517 4094 597 4157 dicti
613 4096 818 4168 monasterii,
834 4098 867 4158 et
920 4099 1099 4161 factionem
1113 4095 1514 4159 ecclesiasticaevindictae
1528 4096 1714 4177 subjaceat,

86 4192 216 4255 maxime
233 4195 267 4255 S.
285 4193 378 4255 Petri
398 4193 433 4253 in
451 4194 585 4254 cerreto
600 4193 641 4255 de
660 4194 817 4266 Meldula,
834 4195 867 4256 et
922 4196 1067 4259 decimes
1087 4192 1128 4257 de
1142 4194 1290 4256 Moliano
1302 4195 1336 4256 et
1350 4193 1390 4254 de
1406 4194 1512 4268 Salsa,
1529 4196 1563 4257 et
1578 4195 1619 4258 de
1634 4198 1716 4260 (iar-

87 4287 187 4352 Sancti
203 4289 409 4368 Apollinaris
430 4289 466 4351 in
491 4289 633 4365 Gallina,
657 4291 770 4367 plebes
791 4306 867 4353 cnm
923 4309 1020 4374 pena,
1044 4295 1079 4355 et
1103 4291 1144 4353 de
1170 4293 1205 4353 S.
1233 4290 1377 4354 Martino
1400 4292 1437 4352 in
1459 4292 1565 4357 strata
1587 4294 1716 4373 integre

87 4386 224 4448 omnibus
246 4387 368 4459 titulis,
388 4387 552 4457 ecclesiis,
575 4388 609 4450 et
626 4389 764 4465 capellis
784 4388 866 4451 illa·
922 4392 995 4453 sine
1008 4389 1228 4452 diminutione
1243 4388 1367 4466 aliqua,
1380 4391 1413 4451 et
1425 4389 1498 4450 sine
1510 4390 1622 4468 aliqua
1638 4409 1718 4471 par-

86 4493 149 4543 rum
162 4485 227 4547 tam
248 4483 425 4546 aedificatis
446 4499 544 4561 quam
567 4485 783 4559 aedificandis,
798 4488 869 4549 ter-
921 4490 1039 4552 titione
1054 4503 1114 4565 per
1127 4487 1274 4551 vestrum
1293 4486 1446 4548 nuntium
1462 4487 1666 4564 colligendas
1680 4493 1716 4554 in

87 4577 137 4649 ris,
157 4582 276 4654 vineis,
299 4597 360 4643 seu
382 4581 543 4654 aediliciis,
565 4582 690 4644 etcum
715 4584 868 4645 omnibus
922 4583 1286 4665 perpetuum3insuper
1300 4583 1445 4649 decimas
1457 4583 1623 4648 fructuum
1637 4605 1719 4651 ves-

87 4678 867 4757 earumbonis,tampraesentibus,quamsuturis,
922 4686 1061 4755 trorum,
1092 4697 1175 4760 quos
1198 4680 1338 4743 ubilibet
1364 4682 1508 4759 propriis
1532 4685 1717 4762 sumptibus

87 4772 145 4834 tam
160 4774 194 4837 in
207 4775 457 4854 temporalibus,
473 4792 571 4856 quam
585 4777 684 4839 etiam
705 4779 867 4856 spiritua·
923 4780 1158 4858 laboribusque
1174 4777 1343 4854 colligitis,
1360 4779 1431 4840 sive
1450 4779 1490 4841 de
1505 4782 1717 4845 nutrimentis

89 4866 269 4943 libassem
290 4872 517 4947 fidelitatibus,
538 4874 816 4948 institutionibus,
837 4878 871 4939 et
924 4877 1120 4942 animalium
1140 4877 1328 4939 vestrorum
1348 4876 1462 4937 nullus
1482 4892 1502 4939 a
1521 4878 1615 4940 vobis
1639 4880 1717 4941 exi-
1848 4944 1854 4956 ,

89 4964 356 5043 destitutionibus,
392 4971 665 5045 correctionibus,
699 4973 870 5036 visitatio·
924 4992 1014 5054 gere,
1030 4976 1084 5037 vel
1106 4975 1305 5050 extorquere
1324 4976 1514 5051 praesumat
1534 4977 1640 5047 Quum
1656 4993 1720 5039 au·

89 5062 186 5139 nibus,
208 5068 357 5142 decimis,
378 5069 546 5146 primitiis,
571 5070 790 5144 testamentis,
816 5086 871 5134 se-
924 5077 992 5136 tem
1031 5071 1188 5149 generale
1227 5070 1440 5133 interdictum
1470 5072 1569 5135 terrae
1605 5072 1718 5149 fuerit,

88 5161 230 5238 paliuris,
264 5162 491 5228 functionibus
525 5166 745 5240 intirmorum,
779 5184 872 5231 com·
925 5171 1026 5232 liceat
1047 5169 1143 5232 vobis
1170 5169 1295 5231 clausis
1318 5169 1446 5246 januis,
1477 5169 1623 5230 exclusis
1654 5187 1719 5234 ex-

89 5260 344 5325 mendationibus
370 5265 569 5336 animarum,
597 5265 697 5343 atque
729 5264 872 5329 oblatio·
926 5266 1179 5332 communicatis
1204 5268 1238 5329 et
1269 5266 1468 5338 interdictis,
1491 5281 1557 5327 non
1578 5267 1720 5344 pulsatis

90 5355 178 5419 nibus
199 5361 350 5423 rivorum
368 5362 401 5424 et
416 5363 622 5423 mortuorum
635 5383 643 5437 ;
664 5363 870 5440 parochiam,
927 5365 1110 5444 campanis,
1126 5379 1304 5442 suppressa
1318 5356 1400 5425 voc'e
1413 5363 1526 5425 divina
1541 5360 1650 5427 oilleia
1664 5384 1722 5430 ce-

89 5453 120 5513 et
128 5457 343 5531 parochianos
358 5458 479 5520 ibidem
490 5461 743 5533 commorantes,
758 5463 816 5524 aut
837 5464 872 5524 in
925 5464 1069 5526 lebrare.
1083 5462 1175 5524 Nulli
1191 5476 1272 5538 ergo
1283 5461 1418 5524 omnino
1435 5460 1606 5524 bominum
1622 5463 1721 5530 liceat

90 5563 125 5609 ea
146 5556 341 5624 moraturos,
363 5557 463 5634 atque
486 5556 587 5619 etlam
613 5558 802 5634 sepulturas
836 5562 872 5622 ln
926 5561 1014 5624 hano
1028 5560 1184 5639 paginam
1205 5558 1327 5619 nostrae
1343 5558 1569 5635 protectionis,
1591 5564 1624 5624 et
1638 5579 1722 5625 con-

90 5646 216 5713 ciritate
228 5652 424 5731 Burgi,cum
438 5655 512 5732 ejus
526 5654 747 5730 pertinentiis,
764 5672 804 5720 ac
814 5659 872 5735 Jus
928 5659 1127 5721 firmationis
1162 5655 1357 5730 intringere,
1392 5657 1456 5717 etc.
1493 5657 1527 5717 Si
1555 5661 1630 5734 quis
1658 5678 1722 5726 au.
