3972 6204
244 220 305 281 863
862 213 1038 277 HONORII
1061 213 1276 343 aroanna.
1830 225 1898 285 864

232 379 294 443 mii
313 376 504 457 hujmmodi
527 376 647 440 litteris
668 372 910 447 differentibus,
931 374 1039 436 dictus
1094 376 1181 452 quod
1205 390 1262 439 eos
1285 376 1425 455 dejure
1452 393 1518 440 non
1542 382 1694 457 poterant
1723 382 1766 444 ad
1792 400 1896 445 suum

245 477 347 539 abbas
361 477 485 539 eisdem
501 474 668 552 iudicibus
684 489 703 534 a
719 471 814 533 nobis
834 488 895 549 per
910 472 1039 533 litteras
1093 489 1216 535 vocare
1238 475 1423 552 judicium;
1451 494 1552 555 quum
1576 479 1608 538 id
1634 495 1677 540 ex
1701 479 1897 542 litterarum

244 576 377 637 nostras
398 574 472 635 dari
495 571 638 634 obtinuit
663 572 698 631 in
725 569 913 647 praeceptis,
939 571 974 630 ut
1004 569 1039 629 in
1094 572 1241 648 ipsarum
1270 572 1432 635 beneflcio
1465 591 1531 635 non
1563 575 1736 638 haberent.
1764 582 1896 639 Verum

244 688 346 734 causa
361 673 434 747 ipsa
449 670 666 747 procederent
676 668 772 744 juxta
793 667 941 744 priorum
956 682 1038 727 con·
1094 686 1193 746 quum
1220 686 1279 747 pro
1308 672 1402 747 parte
1426 671 1568 733 adversa
1593 675 1729 749 quidam
1752 692 1898 754 compa-

243 770 417 833 tinentiam
446 768 652 837 litterarum,
683 765 723 825 de
756 780 795 826 eo
830 779 904 840 quae
938 779 1038 824 causa
1093 766 1228 839 ruisset,
1244 770 1276 829 et
1293 766 1334 829 ad
1350 769 1592 845 impetrandum
1608 774 1898 834 etcontradicen·

243 867 353 927 iuerat
374 866 415 926 ad
439 881 500 925 nos
522 865 696 934 instructa,
720 861 916 924 transmissa
932 861 964 921 et
982 875 1039 920 re·
1093 863 1170 923 dum
1198 865 1429 941 proponendas
1455 868 1707 941 excusationes,
1730 871 1772 930 ad
1800 872 1895 931 reci-

243 965 345 1025 missa
357 979 416 1040 per
428 962 664 1038 negligentiam
678 963 750 1037 ejus
762 959 801 1019 ad
813 958 944 1036 judices
960 974 1037 1017 suos
1092 961 1247 1038 piendum
1262 963 1440 1023 terminum
1463 980 1522 1041 per
1545 966 1668 1041 prioris
1691 970 1724 1029 et
1744 967 1894 1029 fratrum

242 1061 431 1138 praedictos,
451 1060 545 1121 aede
561 1058 681 1119 littaris
701 1054 934 1132 superliocab
954 1054 1036 1130 ipsis
1091 1058 1197 1134 ipsius
1222 1059 1397 1137 hospitalis
1422 1060 1550 1122 litteras
1583 1065 1796 1140 procurator,
1834 1067 1894 1126 cui

243 1159 401 1221 iratribus
422 1157 607 1234 impetratis
629 1171 695 1216 non
720 1154 832 1214 habita
852 1151 1035 1223 mantione
1091 1156 1210 1216 festum
1235 1159 1501 1219 Resurrectionis
1527 1161 1706 1223 Dominicae
1731 1164 1893 1239 proxime

242 1271 408 1335 quumque
421 1255 486 1332 ipsi
500 1253 620 1314 iratres
634 1251 822 1328 hujusmodi
837 1249 1034 1319 litterarum,
1091 1254 1295 1328 praeteritum
1320 1255 1484 1317 terminus
1519 1255 1599 1329 suit,
1636 1273 1700 1335 quo
1735 1260 1891 1335 priorem

241 1354 439 1416 auctoritate
464 1352 555 1413 citati
580 1350 928 1427 proponerentcoram
944 1361 1034 1423 prae-
1091 1348 1265 1426 hospitalis
1288 1354 1464 1413 venturum
1494 1355 1652 1427 asseruit,
1679 1357 1890 1431 assignatus,

241 1452 318 1514 latis
350 1449 533 1528 judicibus,
572 1447 657 1526 quod
690 1462 805 1508 carum
838 1444 1035 1505 auctoritate
1090 1449 1122 1508 et
1136 1463 1197 1509 nec
1210 1449 1245 1509 in
1260 1450 1419 1526 praedicto
1430 1452 1582 1522 termino,
1598 1467 1659 1513 neo
1673 1454 1746 1529 post
1760 1454 1888 1529 ipsum,

240 1548 422 1627 procedere
446 1563 513 1608 non
537 1544 714 1615 debebant,
741 1558 800 1620 PPO
825 1540 975 1617 e0i1110d
1000 1541 1035 1600 in
1089 1548 1889 1629 exspectatusaliquamdiu,comparueritaliquis

240 1647 290 1708 eis
309 1646 433 1707 mentio
460 1644 500 1705 de
522 1642 689 1720 praedictis
713 1640 825 1717 aliqua
840 1654 906 1699 uon
922 1637 1032 1709 tiebat,
1089 1644 1314 1719 propraadicto
1323 1644 1653 1721 hospitalilegitimus
1662 1648 1888 1725 responsalis,

240 1744 305 1822 ipsi
315 1740 675 1821 judicesnihilominus
691 1739 763 1815 post
777 1736 1033 1814 appellationem
1089 1740 1220 1818 petebat
1239 1742 1326 1802 idem
1351 1741 1464 1814 abbas,
1488 1744 1524 1803 ut
1545 1743 1735 1819 praedictam
1758 1745 1892 1805 confir.

240 1842 282 1903 ad
306 1856 367 1902 nos
394 1839 541 1915 legitime
568 1836 813 1912 interpositam,
841 1835 877 1894 in
900 1833 1034 1908 negotio
1088 1852 1255 1897 meremus
1278 1838 1491 1909 sententiam,
1514 1839 1548 1899 et
1570 1840 1759 1900 executioni
1785 1856 1891 1901 man-

238 1954 414 2017 perperam
436 1935 664 2013 procedentes,
691 1932 895 1993 definitivam
917 1932 1033 1991 contra
1089 1933 1169 1994 dare
1179 1933 1363 1995 laceremus
1373 1934 1533 2005 eamdem,
1548 1935 1741 1997 mandantes
1752 1940 1888 2013 partem
1939 1962 1947 1975 ·

241 2029 801 2111 cossupraprincipalisententiam
813 2028 1031 2104 protulerunt,
1088 2031 1262 2092 adversam
1273 2031 1315 2092 ad
1327 2032 1569 2094 restitutionem
1588 2033 1755 2094 fructuum
1771 2035 1890 2095 medio

239 2132 272 2194 et
282 2131 478 2193 auctoritate
490 2131 675 2190 litterarum
686 2142 745 2205 pro
756 2126 850 2201 parte
858 2124 1033 2203 hospitalis
1087 2130 1236 2204 tempore
1254 2133 1495 2206 perceptorum,
1512 2133 1547 2191 et
1560 2130 1601 2191 ad
1619 2130 1890 2193 satisfactionem

238 2229 500 2305 impetratarum,
516 2226 551 2286 in
567 2223 700 2300 negotio
727 2221 905 2299 procedere
932 2222 1034 2281 dene-
1088 2242 1319 2303 expensarum,
1344 2242 1427 2304 quas
1451 2230 1586 2303 propter
1607 2228 1670 2289 hoc
1694 2229 1782 2288 idem
1803 2245 1887 2290 mo-

238 2327 370 2402 garant,
400 2339 499 2400 saper
528 2325 598 2399 jam
627 2321 724 2382 dictis
759 2319 916 2395 expensis
948 2317 1033 2377 nihil
1087 2324 1269 2384 casterium
1284 2325 1451 2395 sustinuit,
1465 2324 1690 2385 condemnari.
1706 2326 1790 2396 Quia
1801 2342 1889 2388 vero

238 2415 1033 2500 penitusdscsrnsndo·Quumautsmvensrabili
1088 2423 1288 2482 memoratus
1314 2420 1512 2482 libanensis
1549 2422 1683 2499 propter
1717 2423 1889 2484 delectum

240 2519 337 2581 fiatri
352 2520 464 2579 110⁸ti0
479 2517 634 2592 episcopo
648 2513 804 2589 Agriensi
819 2516 853 2573 θῐ
867 2513 936 2571 suis
952 2527 1033 2573 con·
1087 2518 1314 2593 procuratoris
1324 2518 1511 2595 hospitalis,
1523 2518 1714 2580 mandatum
1727 2520 1769 2579 ed
1783 2536 1890 2595 agen·

238 2615 408 2693 iudicibus
429 2615 462 2674 in
487 2613 653 2674 communi
679 2612 784 2672 forma
809 2609 1033 2671 commisisse-
1087 2614 1164 2675 dum
1185 2615 1355 2675 sufficiens
1379 2631 1446 2676 non
1469 2615 1633 2687 habentis,
1658 2616 1693 2676 in
1716 2616 1804 2678 dicto
1821 2634 1889 2679 ne·

237 2729 312 2776 mus
321 2711 511 2790 hujusmodi
523 2709 749 2787 quaestionem,
762 2707 918 2783 praeiatus
928 2705 1031 2767 abbas
1086 2713 1175 2788 gotio
1198 2728 1265 2774 non
1289 2714 1434 2790 potuerit
1448 2713 1571 2775 habere
1586 2729 1793 2790 processum,
1811 2716 1887 2776 dis-

237 2810 279 2872 ad
303 2808 527 2886 Apostolicam
557 2806 675 2867 sedem
708 2804 882 2876 accedens,
919 2818 1031 2864 coram
1087 2810 1434 2882 cretionibusvestris,
1458 2810 1499 2871 de
1517 2809 1647 2872 abbatis
1667 2813 1701 2872 et
1721 2827 1886 2888 procura-

236 2906 421 2969 venerabili
435 2906 536 2966 tratre
548 2905 659 2965 nostro
670 2902 851 2963 albanensi
863 2902 1028 2978 episcopo,
1085 2908 1168 2969 toris
1202 2908 1393 2968 eorumdem
1427 2923 1569 2968 assensu
1604 2923 1665 2985 per
1689 2909 1885 2985 apostolica

237 3005 301 3067 sibi
325 3020 344 3065 a
366 3004 462 3065 nohis
486 3002 638 3064 auditore
661 3015 836 3069 concesso,
859 2998 1031 3075 proposuit
1085 3006 1208 3082 scripta
1233 3005 1439 3077 mandamus,
1474 3007 1637 3081 quatenus
1665 3005 1708 3066 iia
1733 3006 1886 3081 appelia-

237 3100 323 3180 quod
339 3100 418 3162 olim
436 3101 507 3176 ipss
522 3113 582 3176 pro
597 3113 633 3158 se
653 3100 686 3158 et
706 3097 870 3157 00ni'e11111
886 3110 946 3155 8110
962 3095 1031 3156 liii·
1085 3103 1175 3165 tione
1189 3103 1336 3177 legitime
1355 3102 1604 3177 cognoscentes,
1626 3105 1660 3164 et
1680 3104 1885 3163 sententiam

235 3201 347 3275 ganto,
370 3198 485 3258 contra
506 3196 626 3256 fraires
648 3193 780 3254 eosdem
796 3207 907 3253 coram
923 3191 1030 3251 felicis
1084 3200 1379 3262 confirmantesvel
1389 3200 1609 3271 infirmantes,
1622 3200 1785 3269 eamdem,
1795 3201 1884 3262 sicui

235 3295 492 3357 reminiscentiae
508 3295 533 3353 1.
550 3308 635 3369 papa
644 3290 888 3368 praedecessore
903 3290 1027 3360 nostro,
1084 3297 1211 3375 dejure
1226 3296 1336 3368 luerit,
1354 3296 1575 3373 appellatione
1589 3297 1786 3374 postposita,
1810 3300 1883 3358 sta-
1983 3306 1984 3335 ³

236 3408 337 3469 super
350 3391 499 3461 decimis,
516 3391 557 3451 de
572 3389 723 3450 omnibus
740 3387 831 3448 villis
846 3388 879 3448 et
892 3401 1028 3462 posses·
1083 3395 1142 3456 tim
1170 3393 1340 3465 facientes,
1355 3394 1440 3471 quod
1465 3393 1610 3465 debetis,
1637 3410 1697 3470 per
1721 3409 1881 3455 censum

235 3488 396 3559 810ssib118‚
419 3503 501 3564 (luas
525 3488 560 3547 ili
586 3486 745 3547 comitatu
772 3484 907 3560 Simessli
931 3483 1030 3545 habet
1084 3491 1476 3553 ecclesiasticasllrmiter
1486 3490 1669 3551 observari.
1679 3494 1805 3561 Testes,
1815 3495 1879 3552 etc.
1982 3536 1983 3569 ,

234 3585 401 3662 hospitale
416 3585 620 3662 praedictum,
638 3585 671 3645 et
688 3584 745 3645 lito
759 3599 871 3643 coram
885 3598 924 3642 eo
940 3581 1028 3656 legi·
1084 3589 1218 3662 Quodsi
1234 3604 1311 3659 non,
1326 3589 1388 3649 etc,
1406 3590 1523 3650 patum
1534 3587 1668 3660 Tibure,
1679 3591 1708 3649 v
1719 3589 1880 3649 kalendas
1982 3574 1983 3597 ¹

234 3685 315 3746 time
330 3684 524 3752 contestata,
541 3682 672 3742 demum
687 3683 762 3757 post
773 3680 933 3750 diversas
951 3678 1029 3739 hinc
1079 3686 1179 3763 junii,
1196 3701 1285 3746 anno
1298 3700 1397 3746 nono,

233 3782 311 3844 inde
326 3780 577 3843 commissiones
592 3778 753 3850 obtentas,
771 3793 871 3854 super
886 3777 949 3837 lroc
967 3775 1029 3838 luit

233 3894 254 3940 a
277 3878 373 3940 nobis
387 3878 475 3940 dicto
490 3877 741 3953 archiepiscopo
763 3879 796 3936 et
817 3876 888 3935 suis
910 3877 1029 3953 conju-

234 3975 363 4036 dicibus
378 3990 480 4035 causa
501 3974 688 4044 commissa,
703 3973 760 4049 qui
780 3989 880 4048 quum
902 3971 943 4033 ad
967 3987 1029 4032 nos
1382 3926 1583 4012 CLXVIII

233 4073 442 4134 remisissent
461 4071 621 4142 eamdem,
641 4085 702 4131 nec
728 4069 769 4131 de
796 4070 903 4146 ipsius
932 4068 1027 4129 nobis
1083 4081 1342 4153 Adepisoopum
1356 4079 1698 4149 portuemem‚,1,s‚
1715 4079 1878 4155 leogium,
1980 4062 1981 4121 l

234 4169 362 4261 meritis
378 4170 532 4230 constare
547 4168 710 4244 potuisset
731 4167 771 4227 ad
796 4167 941 4243 plenum.
958 4167 1027 4226 Nos
1114 4210 1233 4272 tuaest,
1245 4207 1291 4257 lil.
1302 4207 1346 4265 lx,
1354 4207 1428 4272 episi.
1438 4206 1494 4257 333·
1507 4209 1565 4258 uss.
1577 4208 1614 4259 la
1624 4208 1702 4258 Porta
1710 4208 1847 4273 dum]

234 4266 283 4328 eis
299 4268 472 4343 postquam
495 4265 558 4327 luit
579 4280 691 4326 coram
715 4264 809 4325 nobis
833 4262 1029 4340 aliquandiu

234 4363 446 4440 disputatum,
475 4362 625 4423 dedimus
651 4363 771 4424 iterum
801 4362 834 4421 in
863 4359 1028 4421 mandatis
1369 4323 1404 4379 ²⁸
1423 4322 1490 4379 ΠΜ
1510 4322 1590 4380 ⁵²²⁵·

32 4492 38 4499 -
102 4514 111 4528 ,
233 4462 271 4522 ut
294 4461 400 4536 ipsum
423 4462 522 4537 juxta
545 4460 685 4520 formam
711 4460 746 4519 in
770 4457 937 4535 prioribus
963 4457 1028 4516 sibi
1082 4447 1198 4505 Mandat
1221 4448 1247 4505 ei
1269 4455 1299 4504 ut
1323 4447 1493 4504 sententiam
1509 4446 1651 4504 interdicti
1666 4455 1695 4505 et
1711 4463 1873 4505 excommu-

233 4557 389 4619 traditam
405 4558 524 4619 litteris
546 4557 776 4619 terminarent.
801 4559 971 4631 Quumque
986 4552 1027 4614 ab
1118 4536 1280 4603 Πῖθθῖῑθῡῑθ,
1296 4549 1382 4606 quam
1399 4534 1429 4590 1¹¹
1445 4535 1612 4607 elimitum
1631 4536 1874 4593 ruliensemmie-
1978 4550 1979 4603 i

233 4655 282 4715 eis
300 4654 468 4731 praedictis
485 4654 603 4716 tratres
619 4653 829 4715 frustratorie
844 4667 1026 4728 provocas·
1119 4631 1171 4692 Γθῑ»
1189 4624 1304 4680 semit-

233 4754 318 4823 sent,
335 4752 435 4812 iidem
453 4752 584 4829 jndices
607 4750 823 4828 appellationi
847 4765 913 4810 non
937 4748 1028 4809 dele·
1122 4749 1301 4821 Honorius,
1319 4751 1394 4819 etc,
1415 4748 1600 4810 venerabili
1615 4749 1712 4811 tratri
1716 4793 1779 4811 .....
1790 4753 1876 4827 epis-

232 4850 344 4910 rentes
365 4865 495 4921 eorum,
522 4865 621 4927 quam
642 4847 795 4909 frivolam
818 4845 1026 4922 reputabant,
1082 4863 1164 4923 copo
1191 4846 1379 4917 Portuensi,
1406 4847 1604 4923 apostolicae
1632 4847 1731 4908 Sedis
1757 4848 1872 4923 legato,
1976 4924 1977 4929 ἵ

233 4946 438 5008 definitivam
453 4961 513 5022 pro
535 4946 650 5006 eodem
674 4944 792 5005 abbate
807 4960 847 5005 ac
862 4945 1026 5004 conventu
1082 4945 1224 5005 salutem
1239 4946 1273 5005 et
1285 4944 1508 5020 apostolicam
1523 4943 1802 5006 benedictionem.

233 5043 431 5105 sententiam
447 5042 602 5119 exigente
615 5042 747 5119 justitia
762 5040 1025 5118 promulgarunt.
1122 5040 1292 5103 intellecto
1307 5058 1367 5118 per
1381 5042 1509 5103 litteras
1533 5043 1618 5112 tuas,
1635 5041 1784 5118 qualiter
1798 5058 1875 5103 con-

232 5143 356 5204 Verum
387 5140 518 5216 praelati
547 5140 667 5201 iratres
693 5139 850 5216 praedicto
872 5139 1027 5215 agriensi
1080 5142 1132 5200 tra
1136 5182 1195 5199 .....
1224 5139 1412 5199 Tullensem
1445 5139 1635 5216 episcopum
1669 5139 1872 5215 processisti,

233 5238 400 5315 episcopo,
412 5239 446 5298 et
457 5240 530 5314 ejus
543 5237 679 5313 collegis
692 5253 793 5314 snper
804 5236 1026 5314 appellatione
1081 5236 1310 5311 suspensionis
1325 5237 1444 5313 primo,
1465 5252 1506 5297 ac
1528 5237 1742 5313 postmodum
1757 5238 1790 5297 in
1803 5252 1873 5297 eum

233 5351 294 5397 sua
316 5330 444 5396 litteras
463 5333 677 5396 obtinuerunt
690 5333 898 5411 Apostolicas
919 5333 1025 5394 desti·
1080 5333 1432 5395 excommunicationis
1442 5333 1624 5395 sententias
1634 5333 1873 5410 promulgando

233 5432 319 5503 nari,
333 5432 391 5507 qui
412 5431 498 5494 ultra
517 5431 600 5493 duas
624 5430 741 5493 diaetas
756 5447 776 5491 a
792 5430 1025 5507 praedictorum
1079 5446 1141 5491 nos
1163 5430 1312 5492 volentes
1331 5430 1440 5506 potius
1462 5431 1498 5491 in
1521 5429 1764 5503 misericordia,
1779 5445 1871 5507 quam

234 5516 1026 5604 aniatisetconventasdistabatmaona,proptar
1075 5527 1215 5603 judicio,
1244 5531 1276 5589 et
1298 5528 1332 5588 in
1358 5527 1610 5589 mansuetudine
1637 5542 1739 5603 quam
1766 5528 1871 5602 rigore
