3916 6204
276 285 337 346 407
894 276 1071 342 HONORII
1092 277 1307 341 1110111111.
1822 286 1863 346 lib

276 438 1074 533 tionem.Quarenobisexpartedictorumllam·
1127 454 1192 516 que
1219 430 1423 516 inquorum
1450 434 1620 515 provincia
1650 437 1682 500 et
1707 436 1864 505 dinume

277 539 506 617 burgensium,
536 538 598 601 suit
634 537 805 600 humiliter
838 537 1071 614 supplicatum,
1125 537 1216 598 terra
1242 534 1364 597 nobilis
1395 534 1547 611 praedicti
1567 535 1721 608 consistit,
1741 540 1865 614 superib

275 639 314 700 ut
333 652 376 697 ne
394 636 529 713 propter
541 634 604 697 boc
616 635 700 711 ipsis
723 635 756 697 et
777 633 930 697 ecclesiae
953 649 1022 696 sum
1038 635 1072 695 in
1126 632 1330 708 investigare
1346 630 1482 709 possitis
1499 630 1630 693 lacibus
1640 632 1804 705 1011101010,
1814 634 1864 697 lra-

278 735 447 811 posterum
462 731 693 810 praejudicium
704 732 894 808 generetur,
911 731 961 792 eis
975 730 1074 793 exbi-
1126 729 1276 795 lernitati
1290 730 1410 793 vestrm
1420 729 1675 806 perapostollca
1687 730 1866 806 scriptarum

276 829 349 890 beri
371 828 609 906 plenitudinem
618 829 759 907 justitiae
774 828 970 891 faceremus.
985 831 1074 899 Quo·
1125 828 1242 889 damus
1253 827 1429 904 quatenus,
1439 826 1470 889 si
1484 841 1538 888 res
1549 826 1595 887 ita
1607 841 1643 887 se
1654 825 1756 898 babet
1766 830 1866 903 prelato

277 927 367 989 circa
402 926 596 987 discretioni
631 926 750 989 vestre
789 942 851 1003 per
882 925 1073 1002 apostolica
1125 925 1241 997 nobili,
1267 924 1465 986 auctoritate
1489 924 1619 994 nostra,
1643 922 1803 984 inhibeatis
1822 942 1866 1001 pu·

276 1023 400 1100 scripta
433 1022 646 1094 mandamus,
670 1023 834 1099 quamnus
858 1021 989 1085 uocatis
1016 1022 1073 1099 qtri
1126 1021 1212 1085 blice
1227 1037 1267 1082 ac
1280 1035 1439 1098 expresse
1454 1036 1496 1081 ue
1508 1019 1551 1081 ad
1563 1018 1746 1097 hujusmodi
1754 1021 1867 1098 copulan

275 1121 400 1182 inerint
414 1120 574 1181 evocandi
589 1119 753 1181 etauditis
768 1118 936 1180 hincinde
951 1134 1075 1196 propo-
1126 1118 1306 1196 procedere
1323 1117 1436 1196 aliquo
1455 1116 1552 1178 modo
1573 1118 1758 1193 praesumat;
1771 1116 1867 1178 denun-

277 1217 363 1290 sitis,
383 1232 529 1289 causam,
546 1216 575 1276 si
591 1216 631 1277 de
646 1216 788 1293 partium
807 1217 980 1279 voluntate
994 1231 1075 1293 pro-
1127 1217 1253 1279 ciantes
1269 1217 1369 1277 etiam
1385 1214 1483 1293 quod,
1507 1215 1537 1275 si
1559 1230 1656 1275 secus
1678 1213 1777 1275 lacere
1788 1218 1868 1275 atan-

276 1314 429 1384 cesserit,
446 1313 512 1375 dne
527 1313 688 1375 canonico
702 1314 900 1376 terminetis.
914 1312 1072 1391 Alioquin
1125 1314 1223 1386 taret,
1245 1328 1305 1374 nos
1327 1327 1394 1373 non
1419 1308 1526 1374 solum
1548 1311 1750 1387 illegitimam
1762 1312 1868 1373 amda-
1915 1334 1916 1363 ι

277 1412 384 1488 ipsam
408 1408 450 1471 ad
476 1426 537 1471 nos
564 1410 742 1472 remittatis
768 1409 973 1471 sufficienter
998 1410 1073 1472 ins·
1126 1427 1238 1472 remus
1253 1409 1380 1488 prolem
1395 1426 1438 1471 ex
1452 1410 1512 1472 tali
1531 1410 1757 1487 conjunctione
1770 1424 1869 1485 suscep
1915 1410 1916 1461 ἲ

277 1509 432 1579 tructam,
458 1506 669 1584 praefigentes
715 1506 867 1584 partibus
895 1507 1073 1569 terminum
1126 1511 1207 1577 tam,
1219 1523 1335 1570 rerum
1356 1507 1456 1569 etiam
1472 1507 1722 1585 procederemus
1733 1505 1806 1567 alias
1817 1520 1870 1566 oon·
1915 1512 1916 1547 ³

278 1606 530 1681 competentem,
543 1619 607 1681 quo
618 1620 678 1681 per
690 1606 923 1681 procuratores
934 1603 1073 1666 idoneos
1126 1607 1179 1667 tra
1193 1621 1264 1678 eos,
1281 1607 1379 1683 prout
1392 1604 1481 1666 ratio
1493 1603 1678 1681 postularet
1691 1601 1746 1682 (1).
1757 1603 1870 1679 ldipson

279 1701 314 1764 et
327 1701 532 1763 sufficienter
543 1702 723 1763 instructos
734 1702 847 1764 nostro
862 1716 898 1762 se
914 1716 1074 1778 conspec-
1127 1703 1237 1764 autem
1263 1701 1371 1764 eidem
1399 1701 1524 1777 reginae
1549 1700 1700 1761 inhibere
1722 1701 1752 1760 et
1779 1699 1870 1760 denun-
1917 1736 1918 1739 =

277 1800 326 1861 tui
351 1799 600 1875 repraesentent,
626 1800 750 1876 justam
775 1800 912 1861 auctore
934 1798 1074 1859 Domino
1128 1800 1219 1861 clare
1234 1799 1368 1871 curetis,
1383 1799 1413 1859 si
1428 1798 1513 1860 forte
1525 1798 1567 1859 ad
1583 1801 1694 1874 partes
1707 1795 1870 1869 venerilpal

277 1896 477 1957 sententiam
503 1896 698 1974 recepturae.
735 1897 849 1958 Testes
882 1897 993 1957 autem
1018 1896 1076 1972 qui
1127 1896 1266 1957 licanas.
1296 1898 1416 1957 Datum
1442 1894 1583 1971 Signiae,
1617 1896 1676 1955 XV
1699 1891 1870 1954 kalendarum

275 1992 586 2065 fuerintnominati,
614 1993 643 2055 si
663 2009 699 2054 se
712 1993 833 2069 gratia,
848 1993 925 2055 odio
946 1993 1000 2054 vel
1024 1992 1073 2054 ti-
1128 1991 1339 2071 septembris,
1369 1992 1582 2069 pontificatus
1610 1990 1713 2054 nostri
1738 2002 1812 2052 anno
1831 2001 1870 2048 oc·

277 2106 370 2152 more
386 2089 627 2166 subtraxerint,
638 2105 697 2167 per
710 2105 886 2152 censuram
902 2089 1076 2152 ecclesias·
1127 2091 1215 2153 tero.

278 2188 379 2251 ticam
394 2186 619 2265 appellatione
640 2190 803 2261 cessante,
829 2187 957 2263 cogatis
980 2188 1073 2249 ueri-

278 2285 341 2347 tati
375 2282 601 2346 testimonium
625 2283 812 2360 perbibere,
835 2285 937 2346 nullis
954 2284 1074 2346 litteris

277 2381 411 2443 veritati
426 2382 460 2442 et
469 2380 611 2457 justitie
631 2380 927 2458 praejudicantibus
941 2397 963 2442 a
989 2381 1074 2443 Sede
1494 2349 1551 2436 ῙΧ

277 2477 469 2554 Apostolica
481 2477 680 2553 impetratis.
697 2477 789 2549 Quod
800 2478 830 2538 si
839 2493 906 2539 non
917 2493 1071 2540 omnes...
1175 2500 1227 2561 Ap
1239 2500 1461 2562 mmmm
1488 2495 1841 2574 Campanpoecomppm,

278 2574 455 2652 potueritis
468 2575 644 2647 interesse,
658 2572 723 2635 duo
738 2577 886 2637 restrum
898 2575 1076 2637 eanibilo-
1391 2630 1427 2687 29
1463 2544 1472 2573 ’
1546 2629 1639 2688 ‚¹223

278 2671 390 2733 minus
405 2670 641 2751 exsequantur.
655 2671 773 2733 Datum
789 2670 1075 2748 Signiae,XVIka·
1439 2636 1553 2703 ‘um'
1642 2671 1650 2687 ‘

279 2765 395 2830 tendas
411 2767 620 2846 septembris,
637 2768 848 2843 pontificatus
862 2769 969 2832 nostri
983 2784 1073 2831 aune
1125 2752 1391 2819 [¹³⁰⁰‘1¹¹⁶⁸2¹¹⁰‘·“³
1402 2752 1479 2812 Μ
1491 2752 1559 2812 ¹¹¹2
1572 2767 1600 2818 Ρ·
1610 2750 1667 2803 ⁷³⁵·
1683 2744 1875 2816 “limum

281 2865 409 2927 octavo
1466 2846 1506 2898 Ψ·
1524 2832 1577 2897 ¹⁸4

1127 2940 1196 2997 Post
1213 2938 1353 2997 diutinam
1373 2938 1449 2997 iuter
1465 2937 1674 3007 l'beobalduun
1692 2933 1876 3008 &moenum

1161 3027 1270 3097 mitem,
1285 3033 1313 3084 ot
1334 3025 1474 3085 Erardum
1496 3025 1533 3083 de
1553 3027 1659 3095 Brenn,
1678 3021 1876 3083 concertationem

567 3128 569 3131 ’
627 3099 725 3186 VIII
1162 3114 1198 3173 de
1211 3115 1374 3188 campanie
1388 3115 1535 3183 comitatu,
1555 3114 1698 3173 munitam
1716 3114 1783 3170 inter
1793 3118 1877 3178 eospl·

279 3251 331 3311 Aa
342 3249 577 3313 spnmwmem
589 3250 886 3324 archoepsscopum
897 3250 932 3313 α
942 3252 1075 3323 episco-
1161 3218 1225 3261 cem
1245 3203 1388 3261 Honorlus
1402 3202 1561 3261 oonbrmut.

476 3360 562 3421 pum
575 3346 873 3408 calmontensem.
1151 3328 1336 3486 ‘lilonorius
1352 3327 1539 3438 episcopus,
1554 3327 1640 3439 “⁰2
1649 3322 1881 3485 dflffiwtglmelg

550 3475 584 3533 ¹⁸
597 3475 712 3548 augum
727 3475 807 3535 Μ’
1127 3425 1771 3600 mgiffig'ocvffssfflgffimss,
1784 3435 1880 3596 pffiioun
1921 3510 1922 3599 1

428 3596 934 3664 [⁸⁰¹¹‘1¹¹0‘’R⁰⁰·⁶⁰³¹¹¹⁸‘··m’⁷³³·]
1126 3636 1208 3684 uoce
1221 3619 1417 3698 'prophetica
1430 3619 1647 3693 nunciantur,
1671 3608 1882 3681 facientiumil·
1920 3630 1922 3701 j

280 3723 351 3783 cum
370 3729 504 3797 ageretur
522 3722 550 3780 in
573 3722 692 3780 Francia
707 3720 743 3780 de
758 3721 953 3781 contrahendo
974 3725 1072 3783 matri·
1127 3717 1206 3790 lem,
1223 3733 1284 3780 seu
1303 3718 1405 3779 etiam
1429 3719 1713 3787 conservantium,
1734 3706 1881 3786 tantopul·
1920 3710 1922 3801 1

315 3812 413 3869 monio
422 3808 730 3869 interGuillelmumde
740 3813 893 3885 Dampetra
907 3813 1073 3885 etdliciam,
1129 3816 1279 3878 comoros
1302 3816 1442 3893 possunt
1468 3827 1535 3876 non
1558 3814 1728 3877 immerito
1747 3802 1881 3873 cutmen.
1921 3808 1922 3869 Ϊ

316 3900 429 3958 ilenriei
456 3900 535 3973 regis
561 3898 791 3973 ierosolymitaui
818 3899 915 3969 liliam,
943 3902 1075 3975 reginam
1128 3914 1251 3991 quanm
1264 3912 1450 3990 proeminet
1463 3927 1547 3989 opus
1558 3912 1679 3987 verb03
1692 3896 1882 3989 propterquod
1921 3946 1922 3979 p

314 3988 409 4061 Cypri,
431 3988 649 4061 propinquitatis
669 3987 879 4045 necessitudine
895 3988 1073 4062 conjunctos,
1128 4010 1236 4081 nobis,
1248 4010 1317 4088 qui,
1334 4009 1414 4071 picot
1426 4008 1598 4081 immiti,
1614 4012 1691 4087 ejus
1706 4008 1805 4070 locum
1817 4003 1884 4063 tene
1921 4026 1922 4047 1

316 4075 458 4132 Honorius
472 4081 549 4132 vetat
561 4073 713 4146 quominus
723 4073 888 4148 hujusmodi
902 4077 1003 4148 copula
1014 4076 1073 4133 liat.
1128 4123 1203 4168 mus
1217 4107 1254 4168 in
1268 4106 1382 4177 terris,
1401 4105 1459 4183 qui
1474 4104 1666 4182 pacificavit
1684 4121 1755 4183 qum
1768 4103 1800 4164 in
1813 4095 1885 4161 m,

322 4200 491 4262 Honorius
502 4197 994 4277 episcopm,sermsserv0rum
1002 4202 1073 4275 Dei,
1127 4204 1299 4282 utquam
1313 4202 1407 4265 coelis
1421 4202 1500 4265 sunt
1519 4217 1580 4280 per
1599 4203 1793 4279 sanguinem
1805 4191 1885 4258 erucii

282 4296 531 4359 venerabilibus
559 4296 720 4359 iratribus
750 4298 935 4359 &nonensi
958 4299 1074 4361 arcbi-
1128 4317 1209 4374 suae,
1223 4317 1268 4364 ex
1282 4300 1392 4362 cilicio
1407 4299 1613 4377 apostolatus
1635 4297 1793 4361 incumbit
1809 4292 1843 4355 ad
1859 4300 1885 4349 u

282 4393 438 4471 episcopo
467 4394 500 4455 et
523 4393 679 4471 episcopo
708 4394 957 4468 catalaunensi,
983 4396 1077 4457 saln—
1128 4414 1203 4476 quae
1218 4398 1296 4460 sunt
1309 4396 1402 4475 pacis
1418 4396 1602 4469 intendere,
1623 4397 1662 4459 ut
1677 4386 1886 4471 ‚videbmtdu

281 4492 394 4554 temet
407 4491 633 4568 Apostolicam
647 4491 923 4554 benedictionem.
1128 4495 1304 4557 cordantes
1317 4494 1515 4555 reducamus
1530 4493 1572 4554 ad
1594 4509 1722 4571 paoem,
1738 4492 1769 4553 et
1781 4487 1818 4551 ad
1830 4497 1887 4546 con·

320 4589 369 4651 Ad
385 4589 588 4651 audientiam
604 4590 751 4651 nostram
776 4589 937 4651 noveritis
952 4605 1075 4666 perve-
1129 4593 1277 4655 cordiam
1297 4592 1482 4663 revocatos,
1499 4588 1887 4668 circumspectionolpos·

282 4686 373 4749 nisse
397 4684 495 4763 quod,
517 4683 596 4745 licet
617 4684 672 4746 nir
690 4684 813 4745 nobilis
828 4685 1018 4747 Willelmus
1034 4686 1075 4747 de
1129 4689 1240 4762 tolioa,
1260 4688 1431 4750 foveamus
1447 4688 1482 4748 in
1505 4687 1577 4754 illa,
1597 4703 1640 4749 ne
1655 4686 1762 4763 sopita
1775 4678 1889 4762 pamm

282 4782 493 4865 Donnapetra
518 4782 551 4844 et
572 4782 746 4844 carissima
762 4781 831 4843 filia
846 4784 959 4844 nostra
974 4783 1074 4843 illus·
1128 4786 1295 4848 discordia
1308 4783 1546 4856 recidivum,in
1557 4785 1736 4846 discrimen
1747 4784 1888 4856 corporum

280 4882 343 4942 tris
358 4880 476 4956 regina
490 4879 590 4956 Cypri
605 4895 640 4940 se
655 4878 690 4940 in
706 4894 745 4939 eo
760 4879 867 4955 gradu
880 4881 1077 4958 propinqui·
1129 4885 1161 4946 et
1176 4882 1360 4960 periculum
1371 4878 1787 4954 animarum,consecuiuri
1798 4891 1834 4938 ex
1845 4872 1888 4933 boc

280 4978 359 5040 tatis
370 4978 546 5053 attingant,
555 4977 591 5038 ut
601 4975 782 5037 secundum
792 4978 971 5039 canonicas
980 4992 1077 5039 sanc·
1129 4980 1410 5057 pulchritudinem
1436 4978 1565 5056 praemii
1589 4978 1771 5055 amplioris,
1786 4987 1849 5035 cum
1866 4964 1889 5025 ii

281 5075 390 5138 tiones
413 5076 579 5152 nequeant
600 5074 890 5136 matrimonialiter
913 5074 1074 5151 copulari,
1129 5093 1211 5154 pace
1238 5077 1426 5154 principum
1459 5076 1671 5138 secularium
1706 5070 1890 5137 ecclesiarum

283 5171 1076 5235 nihilominustamentractaturdecontrabendo
1128 5174 1356 5252 tranquillitas
1380 5189 1423 5234 ex
1443 5186 1565 5247 magna
1589 5171 1683 5249 parte
1707 5158 1891 5232 consistenti

282 5269 494 5334 matrimonio
518 5269 696 5330 intereos.
722 5270 803 5328 Cum
829 5269 933 5344 igitur
956 5269 1075 5331 melius
1129 5272 1335 5349 exipsorum
1350 5269 1519 5332 discordia
1534 5268 1657 5330 eaedem
1674 5259 1892 5330 incumantire

282 5370 418 5432 sitente
433 5371 563 5444 tempus
579 5381 766 5438 occurrere,
786 5381 885 5444 quam
905 5368 978 5443 post
996 5369 1076 5430 vul·
1130 5370 1270 5446 quenter
1284 5367 1517 5446 oppressiones
1536 5382 1603 5428 non
1627 5365 1774 5427 modicas
1791 5362 1820 5422 et
1835 5360 1891 5434 jac·

282 5469 432 5528 neratam
447 5480 581 5527 causam
593 5463 776 5526 remedium
796 5464 987 5541 implorare,
1004 5481 1077 5527 vos·
1128 5469 1234 5528 tures.

318 5595 360 5667 (l)
380 5597 555 5665 Guilelmus,
578 5595 654 5656 baud
668 5592 757 5655 multo
772 5602 836 5668 post
848 5595 949 5654 eodem
968 5606 1171 5655 annouxorem
1190 5596 1269 5656 duxit
1285 5598 1486 5671 margaretam,
1507 5594 1682 5655 eomitlmam
1706 5591 1890 5653 blandenaco
