3972 6204
881 355 1059 416 HONORII
1080 355 1126 415 ΙΙΙ
1149 355 1297 416 OPERA.
1834 357 1881 418 824

594 524 735 612 CXXII
1115 513 1237 591 prater
1249 511 1490 620 poenitentiam,
1503 511 1711 621 baptismum,
1727 514 1759 574 et
1771 512 1882 575 Eucba.

333 694 385 753 Ad
397 689 692 761 archiepiscopum
703 685 993 745 boreuunensem.
1115 610 1605 782 ξῖἰξὲῗῃιῦἓέᾜὲζὲἷυῖω
1625 610 1882 673 mmmm·

545 824 682 883 44444444
699 823 777 881 itte.
1155 805 1205 866 Ab
1230 804 1369 867 instanti
1391 804 1554 881 praeterea
1577 818 1690 864 mense
1713 804 1833 879 augusti
1855 805 1883 866 iu

1116 901 1276 963 ultionem
1296 900 1470 976 sanguinis
1490 899 1679 961 innocentis
1693 900 1797 968 effusi,
1804 917 1883 962 nemo
1946 980 1947 985 ἵ

1116 998 1230 1059 villam
1244 996 1480 1068 inhabitabit'
1470 1013 1507 1057 44
1519 1012 1584 1072 qua
1599 995 1754 1072 praetatus
1774 997 1884 1073 episco-

268 1073 601 1134 &communicationem
633 1070 847 1141 sententiasque
875 1066 911 1125 ab
941 1067 1005 1140 ipso
1032 1066 1061 1123 in
1116 1110 1177 1171 pus
1191 1094 1404 1156 mmm:
1418 1093 1505 1170 quod
1520 1095 1593 1169 ojus
1607 1092 1748 1154 incolae·
1739 1109 1774 1153 m
1792 1093 1884 1154 dm

296 953 419 1017 [Regestq
429 949 475 1000 lib.
485 949 529 1009 ill,
539 947 613 1013 epist
623 945 679 997 245.
692 947 750 996 lias.
760 945 796 996 La
806 945 882 995 Porto
890 943 924 994 du
935 942 1031 1008 ’4144ιὶ]

303 1163 430 1237 episcopi
446 1159 665 1220 Glandentensie
689 1156 885 1215 interfectores
902 1155 976 1213 14444
993 1168 1059 1212 auc·

303 1252 417 1309 ,ornate
426 1249 589 1322 Ammon„
602 1245 760 1304 confirmat
1117 1192 1275 1254 tationem
1290 1191 1426 1253 sceleris
1445 1190 1681 1267 approbarunt
1701 1192 1739 1251 ln
1762 1190 1882 1251 ecclesia

1115 1289 1254 1367 insuper
1264 1287 1470 1364 ipsiusuillae
1480 1302 1554 1347 cum
1567 1286 1734 1364 pontificis
1744 1287 1883 1361 sanguine

200 1408 203 1419 ’
307 1380 771 1456 Honorius,otc.,veneranili
784 1378 916 1441 tratri...
930 1375 1063 1439 archio-
1117 1385 1304 1447 maoutatus
1317 1385 1477 1455 sitlocus,
1491 1382 1883 1460 structusquasiamue

269 1482 405 1560 piscopo
418 1479 657 1550 Ehredunenei,
671 1477 826 1548 salutem,
840 1476 903 1537 etc.
1117 1497 1182 1550 ma,
1205 1497 1265 1559 pro
1284 1481 1452 1543 commissi
1473 1480 1698 1543 horribilitate
1715 1481 1841 1557 peccati,
1853 1495 1884 1540 ne

309 1578 596 1653 Τ111114414,414444444
620 1575 908 1650 4444484440444144
930 1572 1062 1634 4440144114
1117 1579 1226 1656 ipsum
1249 1578 1455 1641 reaedidcare
1474 1577 1528 1639 441
1544 1575 1728 1639 inhabitari
1740 1576 1885 1651 continge

268 1689 399 1736 necnon
425 1674 459 1735 44
485 1672 639 1734 abbatum
665 1668 910 1732 Ebredunansis
932 1666 1064 1744 provin·
1117 1677 1179 1748 ret,
1202 1675 1286 1736 nulli
1314 1675 1378 1736 erit
1402 1675 1530 1737 licitum
1555 1674 1668 1735 divina
1691 1673 1798 1735 cilicia
1814 1673 1885 1733 cele·

267 1772 329 1832 ciee
340 1770 435 1831 nobis
443 1770 579 1831 luerunt
587 1784 694 1845 nuper
706 1768 827 1829 litterae
840 1765 1062 1843 praesentata,
1117 1771 1214 1833 mare
1231 1794 1239 1832 :
1256 1771 1344 1848 quod
1363 1771 1392 1832 si
1416 1771 1591 1849 quisquam
1616 1772 1693 1847 post
1717 1768 1885 1847 praedictum

269 1867 377 1945 plenae
397 1868 529 1945 quidem
555 1867 691 1942 gemitu,
709 1862 930 1926 amaritudine
944 1877 984 1923 ac
998 1861 1062 1922 d0·
1117 1884 1265 1930 mensem
1290 1867 1529 1930 inhabitaverit
1545 1868 1655 1928 locum
1679 1867 1832 1938 eumdem,
1845 1864 1886 1926 441

269 1963 355 2024 lore.
369 1964 561 2040 stupuimus
575 1963 687 2038 itaque
697 1959 877 2023 intellectis
894 1956 1063 2035 praedictis
1118 1965 1319 2026 destructum
1354 1963 1561 2025 reaedificare
1601 1962 1887 2040 praesumpserita

270 2059 391 2121 litteris
426 2075 486 2136 pro
514 2059 688 2121 atrocitate
710 2056 860 2119 criminis
881 2055 950 2115 4444
981 2054 1064 2114 bor·
1118 2062 1348 2124 communione
1363 2061 1512 2138 corporis
1534 2061 1568 2122 et
1584 2059 1760 2134 sanguinis
1779 2057 1886 2119 Domini

267 2155 375 2228 1611444,
390 2156 424 2219 64
442 2155 544 2232 hujus
563 2154 688 2215 doloris
705 2153 849 2230 gladius,
864 2151 943 2212 1441111
959 2149 1063 2210 11141440
1118 2160 1151 2220 44
1168 2158 1311 2219 aliorum
1331 2160 1614 2220 sacramentorum
1629 2155 1843 2233 perceptione,
1856 2169 1886 2214 44

268 2252 403 2330 1144111444
423 2250 486 2314 ¹100
514 2267 628 2312 84111148
654 2250 765 2312 affecti
787 2246 1063 2318 1110111016,Πί111414
1117 2256 1271 2331 ingressu
1286 2254 1454 2326 Ecclesiae,
1472 2251 1888 2315 donecreaediticatumdes·

268 2348 416 2410 confossi
428 2348 565 2411 tristitia
584 2348 705 2409 transit
722 2362 782 2423 per
802 2361 863 2408 nos
880 2345 983 2421 ipsos.
999 2345 1064 2403 Per
1118 2350 1218 2423 truat,
1232 2351 1266 2412 et
1283 2350 1393 2412 locum
1413 2349 1521 2426 ipsum
1538 2349 1760 2425 derelinquat,
1777 2346 1888 2409 omnine

269 2445 398 2506 litteras
411 2445 499 2505 enim
520 2444 653 2506 easdem
672 2443 861 2520 accepimus
880 2440 967 2519 quod
988 2455 1063 2501 cum
1118 2447 1247 2509 alicnus
1264 2447 1397 2509 existat.
1414 2448 1484 2507 Nos
1502 2448 1612 2507 autam
1624 2447 1722 2508 tuum
1734 2447 1766 2506 44
1779 2458 1890 2505 eomm-

269 2541 366 2603 bonae
401 2542 571 2605 memoriae
601 2540 856 2603 Glandcntonsis
887 2538 1063 2614 opiscopus
1118 2544 1192 2606 dem
1207 2545 1493 2620 suflraganeorum
1509 2541 1721 2604 acaihatum
1737 2538 1888 2603 44444444.

270 2638 502 2714 suffraganeus
516 2639 593 2700 tuus
611 2653 705 2698 suam
718 2635 1061 2705 dioecesimuisitaret
1118 2657 1205 2713 nem,
1230 2641 1383 2702 ardorem
1411 2641 1444 2702 ot
1466 2639 1572 2701 zelum
1594 2640 1629 2700 in
1654 2641 1794 2701 Domino
1814 2651 1888 2697 com·

270 2736 367 2813 quasi
387 2736 489 2798 Satan
510 2734 607 2796 affuit
622 2735 710 2795 inter
724 2734 808 2795 alios
828 2732 961 2810 quidam
975 2731 1064 2791 tilius
1118 2737 1323 2809 montaniae,
1339 2752 1531 2814 processum
1546 2735 1742 2813 hujusmodi
1758 2732 1889 2794 duximus

269 2832 376 2893 Belial
400 2831 586 2909 salvagnus
609 2831 743 2892 nomine
763 2829 917 2892 dioecesis
937 2843 1065 2889 memo-
1119 2834 1379 2912 approbandum,
1404 2832 1605 2895 fraternitati
1630 2834 1699 2894 tuae
1718 2828 1888 2893 auctoritate

270 2930 364 3001 rata,
385 2929 441 3007 qui
463 2945 538 2991 eum
556 2930 593 2990 iu
613 2928 706 2989 nullo
730 2926 930 3005 culpabilem
951 2924 1066 2986 444441·
1118 2931 1334 3008 praesentium
1361 2930 1584 3008 injungentes,
1614 2933 1780 3007 quatenus
1803 2926 1886 2993 illum,

270 3024 347 3088 l³010
369 3027 564 3098 4011θὶ44448,
580 3025 683 3102 impio
700 3023 813 3086 44440444
832 3022 983 3100 peremit·
1002 3021 1064 3082 Hic
1119 3028 1249 3089 sublato
1262 3026 1496 3104 appellationis
1510 3026 1759 3104 impedimento,
1769 3039 1823 3101 per
1832 3036 1888 3082 444

268 3138 399 3200 4144044416
415 3123 479 3195 die,
494 3138 559 3200 quo
572 3137 685 3184 Secum
700 3120 890 3182 comederat
903 3118 1063 3179 invitatus
1118 3140 1231 3185 suram
1257 3123 1519 3186 ecclesiasticam
1543 3123 1649 3185 facias
1673 3118 1889 3184 inuiolabiliter

269 3218 404 3297 abipso,
415 3221 451 3280 ut
467 3220 523 3297 qui
536 3218 654 3281 edebat
668 3233 771 3296 panes
786 3232 875 3288 suos,
886 3215 1065 3292 ampliaret
1119 3220 1300 3284 observari.
1331 3222 1449 3283 Datum
1478 3220 1646 3292 Laterani,
1676 3221 1757 3281 XIII
1778 3213 1887 3279 kalend.

269 3316 429 3378 adversus
442 3332 518 3377 eum
532 3315 846 3393 supplantationem,
858 3314 893 3374 in
907 3313 1064 3376 coemete—
1119 3318 1248 3395 aprilis,
1264 3332 1352 3378 anno
1365 3333 1466 3380 nono.

270 3412 333 3483 rio,
351 3414 385 3475 et
401 3415 499 3489 juxta
519 3412 639 3474 ostium
655 3411 827 3488 cuiusdam
847 3409 1010 3480 ecclesiae,
1025 3407 1063 3469 44

270 3508 318 3569 ibi
332 3511 471 3571 mortem
481 3509 655 3587 reciperet,
668 3509 724 3570 ubi
736 3509 864 3586 requiri
876 3521 1062 3569 consueue-

268 3607 323 3668 rat
349 3606 466 3668 auctor
485 3607 574 3678 vitae,
591 3607 724 3683 pastore
749 3621 810 3667 suo
836 3607 869 3669 et
897 3603 1064 3681 spirituali
1436 3555 1598 3642 CXXIII

137 3702 150 3717 ·
270 3706 365 3780 patre
398 3706 527 3775 necato,
560 3702 728 3765 crudelior
760 3702 841 3763 Cain
876 3700 1060 3772 fratricida,
1118 3700 1170 3759 Ad
1183 3700 1342 3771 priorem
1362 3698 1397 3759 et
1416 3698 1605 3771 capitulum
1625 3700 1666 3758 B.
1693 3692 1888 3773 1444444444

269 3800 492 3877 episcopalem
520 3800 700 3864 maculauit
725 3800 799 3862 fuso
824 3798 987 3875 sanguine
1006 3796 1063 3857 di·
1399 3796 1629 3856 Ptctcoensis.

269 3898 440 3973 44444444
1396 3923 1538 3982 sumens
1553 3923 1633 3981 4444.

308 3993 358 4074 Ad
371 4010 485 4057 uocem
505 4009 584 4069 ergo
602 3994 732 4056 cruoris
746 3992 845 4056 effusi
855 3993 972 4056 contra
985 4006 1062 4054 soe-

269 4067 388 4163 lestum
409 4091 504 4152 illum
526 4091 572 4152 et·
585 4091 787 4166 flagitiosum
815 4090 856 4151 de
877 4093 968 4151 44444
988 4089 1062 4150 cla-

270 4188 402 4260 mantis,
418 4190 455 4249 tu
481 4191 515 4250 et
537 4188 688 4264 praedicti
709 4186 925 4263 suffraganei,
947 4188 980 4247 44
997 4185 1062 4247 ab·
1153 4169 1285 4244 indulget
1297 4184 1340 4228 444
1353 4177 1384 4229 444
1397 4171 1546 4243 4411141443
1564 4168 1864 4243 444444444444441444

269 4283 397 4346 bates'
387 4302 423 4346 44
449 4287 517 4347 tam
547 4284 678 4346 funesta
708 4285 880 4347 Pontificis
916 4283 1063 4361 44444444
1454 4258 1573 4332 P⁰⁸⁸¹¹¹‘·

269 4381 491 4459 obstupentes,
508 4384 541 4444 44
555 4383 651 4460 quasi
666 4383 890 4459 parturientes
904 4382 993 4444 inter
1007 4396 1064 4442 an·
1158 4377 1338 4450 Honorius,
1362 4376 1436 4448 etc,
1459 4375 1589 4437 dilectis
1608 4374 1699 4435 tiliis
1704 4417 1727 4433 ..
1749 4371 1888 4451 prioriet

269 4480 397 4556 gustias
412 4496 481 4556 prae
493 4480 716 4543 immensitate
730 4477 1060 4559 doloris-rectitudi-
1117 4475 1263 4551 capitulo
1276 4473 1381 4536 uesta
1396 4471 1608 4548 Radegundis
1623 4470 1835 4540 Pictavensis,
1845 4482 1888 4527 sa·

269 4577 322 4638 nis
347 4577 419 4639 zelo
434 4579 598 4649 succensi,
616 4576 929 4639 excommunicastis
950 4574 1061 4637 44414-
1117 4570 1220 4643 141444
1235 4574 1268 4633 44
1280 4570 1505 4647 apostolicam
1519 4567 1795 4629 benedictionem.

268 4674 378 4735 ratum
400 4673 494 4734 illum
510 4689 584 4735 cum
598 4673 750 4735 omnibus
765 4673 821 4750 qui
837 4672 1014 4735 consilium
1031 4671 1064 4734 et
1159 4668 1327 4739 Gaudetis,
1357 4668 1389 4728 et
1415 4665 1584 4735 exultatis,
1614 4668 1650 4726 ut
1676 4664 1799 4734 dicitis,
1821 4659 1889 4721 sicut

269 4771 432 4832 auxilinm
456 4770 492 4831 in
516 4771 579 4833 hoc
607 4770 820 4848 praebuerunt
839 4770 910 4831 4444
930 4767 1062 4845 praebe·
1118 4765 1212 4827 vobis
1231 4752 1298 4826 non
1321 4763 1488 4824 immerito
1509 4762 1562 4824 444
1586 4761 1807 4838 gaudencium,
1820 4772 1887 4835 quo·
1946 4796 1947 4817 t

268 4866 360 4940 bunt,
387 4867 453 4929 4444
477 4868 716 4930 correctionem
739 4867 859 4938 eidem,
880 4865 1063 4942 vel1psum
1118 4865 1209 4924 niam
1222 4862 1363 4925 ecclesia
1378 4863 1489 4923 vestra
1506 4860 1629 4921 meruit
1647 4858 1889 4921 sacratissimum

269 4965 368 5027 etiam
393 4964 619 5043 receptabunt,
644 4964 691 5026 ita
713 4963 834 5041 quodt
821 4940 907 5024 44144
928 4960 1063 5023 4444444
1119 4976 1238 5038 444444
1262 4959 1367 5021 heatae
1397 4956 1609 5033 Rauegundis
1633 4955 1769 5023 habere,
1795 4970 1831 5015 ac
1857 4964 1889 5010 es

268 5077 329 5139 per
344 5062 460 5122 Sedem
471 5061 701 5138 apostolicam
707 5060 926 5121 absolutionis
937 5059 1064 5136 possunt
1118 5057 1181 5120 hoc
1204 5056 1394 5118 4444441444
1418 5054 1578 5115 ecclesias
1597 5053 1774 5114 illustrari.
1787 5053 1888 5111 Verum
1946 5008 1947 5099 4

268 5159 467 5221 beneficium
496 5159 656 5229 obtinere,
687 5156 877 5236 hominibus
905 5158 938 5218 et
971 5160 1063 5217 terra
1118 5156 1242 5232 quanto
1257 5152 1443 5216 devotionis
1458 5146 1890 5226 ieruoreipsiusmemoriam

268 5256 444 5317 homicidae
467 5255 618 5332 praedicti
640 5255 790 5316 districto
809 5253 1018 5331 suppositis
1010 5268 1064 5312 44·
1118 5250 1324 5313 veneremini
1352 5248 1500 5311 volentes
1526 5246 1734 5308 ostendere'
1725 5263 1762 5306 44
1788 5241 1890 5305 effectu
1946 5274 1947 5309 ,

268 5353 423 5429 terdict03
450 5353 633 5414 statuentes
660 5351 879 5412 nibilominus
909 5348 996 5426 quod
1020 5348 1062 5409 ad
1118 5349 1324 5410 desideratas
1338 5363 1410 5424 epus
1423 5344 1582 5422 rellqtuas
1598 5342 1825 5405 honorabimus
1838 5336 1890 5399 col

269 5464 508 5527 quemcumque
532 5449 680 5510 iocorum
708 5449 856 5527 ejusdem
881 5445 1063 5524 provinciae
1118 5447 1240 5518 locare,
1249 5461 1324 5506 cum
1335 5445 1455 5505 decens
1466 5458 1539 5503 esse
1550 5442 1706 5503 noscatur
1718 5455 1791 5500 eam
1801 5449 1890 5514 quan·

269 5543 357 5604 idem
382 5545 576 5627 maletactor
596 5546 779 5618 advenerit,
797 5544 851 5607 die
870 5560 934 5622 quo
961 5543 1064 5620 appli-
1116 5543 1210 5605 tum'
1201 5559 1237 5604 44
1250 5541 1345 5604 nobis
1360 5543 1412 5602 est
1426 5539 1623 5603 exaltarem
1640 5538 1741 5607 terra,
1765 5532 1888 5612 quamiu

271 5640 377 5699 cuerit
404 5644 437 5702 et
460 5623 610 5718 sequenti
638 5643 674 5703 in
696 5642 976 5718 ecclesiisipsius
997 5638 1062 5701 1444
1117 5641 1200 5702 coelo
1215 5639 1373 5702 Dominus
1387 5637 1557 5700 exaltavit.
1574 5637 1623 5697 Ex
1634 5634 1745 5697 uestra
1755 5645 1831 5693 sane
1841 5642 1887 5689 44

1138 4048 1260 4112 illesam,
1274 4045 1321 4097 lib.
1335 4047 1378 4106 lX,
1395 4046 1470 4112 epist
1484 4045 1539 4096 tie.
1550 4046 1608 4095 4444.
1620 4039 1877 4103 superequitat}
