3916 6204
202 347 357 429 aaa,

201 501 992 585 tuorisacculos]slgIIIIs...epIscopIBellicenais

200 604 234 665 et
247 602 326 664 dleti
339 602 464 678 AEgidii
479 602 701 676 consignatos,
721 600 755 660 iu
776 600 895 678 quibus
915 615 1000 677 quas

198 692 275 761 tuor
287 699 430 759 sacculis
454 697 603 759 ducentae
619 713 740 758 marcae
765 697 840 757 auri
859 697 900 758 ds
915 695 992 758 Pel-

198 796 281 868 losa,
294 795 463 872 sicutipse
477 794 700 856 subdiaconus
715 794 869 865 asseruit,
884 794 992 855 couti-

199 894 330 963 neutur,
356 892 389 953 ei
412 892 469 968 qui
493 892 636 968 quatuor
657 891 782 952 sacculi
797 891 895 968 positi
915 892 993 951 sunt

197 990 232 1050 in
248 989 375 1050 duobus
388 987 530 1049 bisaccis
540 988 582 1049 de
596 988 699 1058 corio,
711 987 831 1064 sigillis
843 987 990 1064 eJ'usdem

197 1083 362 1162 capellani
386 1084 656 1160 consignasset
680 1083 801 1145 vestro.
829 1083 990 1156 Quocirca

197 1182 390 1243 dIscretioni
417 1172 538 1244 vestrae
571 1196 630 1257 par
648 1180 839 1258 Apostolica
864 1181 989 1256 scripta

196 1279 407 1350 mandamus,
430 1280 667 1355 quatenusper
684 1293 801 1339 manus
813 1276 990 1340 venerabi-

196 1376 239 1436 lis
248 1375 361 1437 fratris
370 1375 511 1436 nostri...
521 1374 873 1451 Mutinensisepiscopi
888 1375 990 1451 depo·

196 1472 296 1533 situm
325 1471 515 1548 huJusmodi
544 1470 648 1532 nobili
670 1472 771 1532 viri...
802 1470 989 1533 marchioni

194 1567 435 1631 Montisserrati
459 1568 633 1643 assignare
651 1567 787 1629 curetis.
812 1570 900 1629 Sane
923 1583 987 1629 vo-

193 1665 315 1737 lumus,
328 1666 414 1727 sicut
424 1664 584 1742 petistisa
599 1664 706 1736 nobis,
723 1665 760 1725 ut
771 1679 831 1740 pro
846 1663 985 1736 abbatis,

193 1761 248 1824 vei
263 1762 367 1834 illius,
383 1763 439 1839 qul
452 1762 581 1824 abbatis
597 1762 706 1823 locum
718 1761 855 1834 tenebit,
872 1760 989 1823 absen-

192 1859 251 1930 tia,
269 1858 461 1921 mandatum
483 1860 634 1920 nostrum
650 1874 751 1935 super
764 1857 828 1921 boc
842 1874 909 1920 non
923 1859 986 1920 de-

195 1954 273 2018 beat
285 1956 462 2019 retardari.
480 1957 597 2018 Datum
612 1958 777 2032 utsupra.

530 2221 741 2315 CXLI.

283 2374 336 2434 Aa
349 2373 643 2447 arehiepiscopum
653 2372 897 2433 senonensem.

451 2501 486 2558 27
498 2498 632 2561 februarii
643 2500 723 2558 lats.

192 2624 312 2690 meant,
327 2623 373 2676 Ilb.
384 2624 450 2684 VIII,
461 2623 536 2689 epist.
552 2622 608 2675 aut.
622 2624 679 2674 llas.
698 2624 735 2675 La
747 2624 823 2674 Porta
835 2622 869 2674 du
888 2621 983 2688 rheu]

225 2748 342 2810 blandai
354 2755 395 2817 ut,
411 2746 568 2806 seeundum
585 2746 735 2806 facultates
751 2747 947 2818 ecclesiarum,

243 2852 430 2913 personarum
445 2851 581 2894 numerus
595 2837 624 2893 iu
639 2835 747 2894 eisdem
760 2837 933 2893 instituatur.

227 2973 409 3041 Honorius,
443 2972 521 3044 etc„
547 2970 732 3038 venerabili
756 2970 853 3032 Iratri
868 2970 984 3033 archi-

188 3071 344 3149 epIscopo
357 3068 554 3132 senonensi.

227 3168 386 3246 Experto
410 3170 469 3228 tua
489 3166 553 3228 tuit
566 3166 772 3243 propositum
788 3179 900 3228 coram
915 3181 981 3228 no-

187 3265 251 3339 bIs,
267 3265 353 3343 quod
366 3265 402 3325 in
416 3263 611 3340 quibusdam
626 3263 859 3338 religiosorum
869 3264 981 3325 eccle-

188 3364 259 3435 siis,
273 3362 335 3425 tibi
350 3361 424 3438 lege
434 3360 625 3421 dioecesana
639 3360 807 3438 subjectIs,
820 3360 854 3421 in
863 3360 981 3436 quibus

187 3461 300 3539 pluras
323 3457 568 3519 consueverunt
587 3456 741 3517 monachi
761 3457 814 3518 vel
829 3458 982 3518 canonici

187 3556 399 3628 commorari,
433 3553 475 3615 ob
489 3604 492 3611 .
506 3552 698 3614 aviditatem
726 3552 882 3615 abbatum
910 3554 981 3615 sive

186 3654 335 3734 priorum
349 3651 552 3723 Cluniacen,
570 3652 602 3712 et
615 3650 758 3713 aliorum
771 3650 924 3713 ordinum
939 3652 980 3713 ad

187 3768 269 3831 quas
283 3751 408 3814 eaedem
421 3748 571 3811 ecclesie
578 3747 808 3825 temporaliter
818 3748 980 3825 spectant,

186 3849 449 3912 convertendum
472 3847 508 3908 in
527 3846 688 3907 utilitates
703 3845 855 3922 proprias
869 3846 983 3908 reddi-

186 3949 241 4009 tus
253 3944 456 4017 earumdem,
473 3944 520 4006 ita
531 3944 582 4005 est
595 3943 789 4005 imminutus
804 3944 982 4005 consuetus

187 4059 344 4105 numerus
357 4055 586 4120 personarum,
611 4039 697 4117 quod
722 4039 872 4101 ecclesiae
899 4040 981 4118 ipsas

187 4140 295 4204 solitis
313 4138 554 4201 defraudantur
568 4136 748 4213 obsequiis,
769 4138 803 4199 et
821 4137 907 4214 apud
921 4153 982 4199 eo-

188 4254 264 4300 rum
277 4237 433 4314 patronos
444 4251 484 4296 ac
498 4233 677 4296 nonnullos
687 4233 773 4295 alios
789 4234 981 4295 scandalum

188 4336 378 4414 generatur.
419 4333 561 4409 Ideoque
590 4331 790 4393 fraternitati
822 4332 888 4393 tuae
923 4348 983 4410 per

189 4430 513 4511 apostoticaseripta
523 4428 979 4506 mandamusquatenuseos,

189 4530 230 4594 ad
244 4545 326 4608 quos
340 4528 490 4590 ecclesIae
505 4527 588 4604 ipsae
603 4527 762 4604 spectant,
779 4541 915 4587 moneas
930 4526 983 4586 di-

187 4628 342 4706 ligantem
350 4626 397 4699 ut,
405 4625 584 4687 secundnm
592 4621 767 4685 facultates
776 4637 901 4696 aarum,
911 4639 983 4700 per·

190 4741 349 4789 sonarum
374 4738 504 4800 quoque
539 4736 715 4783 numerum
741 4721 917 4783 instituant
946 4722 981 4783 in

190 4825 326 4888 eisdem.
342 4820 512 4895 Quodnisi
531 4819 651 4896 primo,
668 4817 824 4891 secundo,
840 4818 981 4881 tertIove

189 4919 381 4986 commoniti
401 4917 593 4980 curaverint
607 4914 801 4992 adimplere,
817 4916 854 4977 tu
873 4916 908 4975 in
926 4933 982 4978 ec-

190 5020 303 5083 clesiis
326 5016 408 5095 ipsIs
437 5013 661 5093 appellatione
680 5015 808 5074 remota
831 5013 981 5076 rellrmes

188 5131 363 5179 numerum
381 5113 587 5185 consuetum,
609 5110 785 5171 dummodo
807 5108 981 5174 facultates

189 5230 305 5279 aarum
319 5229 385 5274 non
399 5211 465 5272 sint
480 5209 619 5271 forsitan
639 5208 823 5279 diminuta,
835 5207 881 5269 ita
894 5210 981 5286 quod

190 5313 324 5375 salttum
352 5324 527 5371 numerum
552 5306 717 5368 sustiuerc
748 5307 978 5383 nonpossint.

189 5413 309 5472 Datum
322 5407 492 5479 Laterani,
509 5406 554 5468 III
569 5402 731 5468 kalendas
752 5402 876 5476 martii,
892 5419 980 5466 anno

191 5508 319 5572 convo.

817 342 994 406 HONORII
1015 343 1059 404 111
1082 343 1229 407 orant.

1781 340 1833 402 aaa

1373 510 1510 598 axin

1086 662 1186 723 AdP.
1194 663 1447 732 monacensem,
1456 659 1801 722 notarinmnoatrnm

1288 759 1322 820 et
1335 762 1375 820 Α.
1387 761 1423 821 S.
1436 758 1598 835 aenam.

1304 889 1340 947 27
1355 887 1487 946 iabmarii
1496 888 1574 946 ffli.

1099 1010 1228 1077 micinae,
1240 1010 1326 1062 Codex
1337 1011 1400 1077 dipl.
1411 1010 1480 1062 dom.
1493 1017 1582 1075 temp„
1595 1010 1615 1066 1.
1625 1010 1665 1069 7⁹,
1677 1024 1704 1061 u.
1716 1009 1785 1075 tid]

1080 1137 1114 1196 Ei
1131 1135 1257 1204 mandat,
1275 1144 1306 1194 ut
1329 1136 1466 1209 episcopo
1482 1137 1615 1193 Firmano
1633 1136 1803 1193 eomitamm

1109 1226 1273 1283 Firmauum
1284 1225 1313 1281 iu
1324 1222 1439 1282 laudum
1450 1238 1620 1282 concessum
1632 1224 1775 1282 restiterat

1082 1359 1250 1421 Honorius
1260 1360 1447 1436 episcopus,
1457 1374 1573 1419 servus
1583 1373 1757 1419 servorum
1764 1358 1831 1429 Dei.

1044 1455 1163 1516 dilecto
1177 1454 1247 1516 tilio
1263 1457 1300 1515 P.
1309 1454 1511 1516 subdiacono
1524 1455 1697 1516 etnotario
1708 1455 1831 1524 nostro,

1043 1551 1342 1628 apostolicaesedis
1357 1552 1479 1628 legato,
1490 1551 1632 1613 salutem
1646 1554 1681 1613 et
1694 1553 1832 1629 Aposto-

1043 1648 1141 1711 licam
1151 1648 1426 1710 benedictionem.

1081 1745 1291 1809 Venerabilis
1299 1745 1421 1808 fratrer
1432 1747 1547 1808 noster
1555 1746 1736 1808 Firmanus
1752 1746 1831 1823 epis·

1042 1859 1145 1921 copus
1156 1843 1253 1904 nobis
1268 1842 1439 1905 humiliter
1456 1843 1668 1920 supplicavit,
1682 1846 1829 1919 utquam

1042 1957 1102 2003 nos
1117 1941 1158 2002 de
1172 1940 1330 2002 comitatu
1342 1940 1499 2001 Firmano
1511 1955 1581 2001 snae
1603 1954 1624 2002 a
1648 1939 1749 2002 nobis
1763 1942 1832 2001 res*

1040 2039 1137 2100 tituto
1147 2037 1297 2100 eeclesiae
1312 2052 1352 2098 ac
1366 2052 1524 2098 concesso
1546 2052 1622 2098 eum
1636 2037 1829 2099 investieri-

1041 2150 1114 2197 mus
1126 2135 1167 2197 de
1182 2134 1321 2197 nanum
1331 2134 1481 2197 nostrum
1496 2134 1638 2196 consilio
1651 2149 1713 2210 per
1726 2135 1830 2196 vexil-

1041 2232 1122 2304 lum,
1140 2231 1331 2295 comitatum
1349 2230 1500 2292 eumdem
1518 2231 1562 2303 ei,
1578 2232 1635 2309 qui
1650 2231 1692 2292 de
1706 2232 1829 2293 familia

1041 2332 1155 2391 nostra
1165 2328 1285 2400 extitit,
1298 2342 1461 2405 quemnos
1470 2328 1700 2389 creavimusin
1710 2329 1830 2389 Firma·

1041 2442 1120 2488 num
1141 2426 1344 2503 episcopum,
1366 2426 1434 2486 ate
1445 2424 1481 2484 ln
1498 2440 1581 2501 pace
1594 2425 1733 2497 dimitti,
1750 2425 1829 2486 sicut

1039 2523 1177 2601 praelata
1192 2522 1333 2585 ecclesia
1347 2521 1479 2599 plsnlus
1490 2520 1619 2594 babuit,
1633 2521 1826 2585 laceremus.

1038 2622 1107 2682 Nos
1121 2621 1231 2682 autem
1248 2620 1407 2691 volentes,
1423 2620 1514 2681 uteo
1534 2619 1670 2697 plenius
1683 2635 1748 2681 sua
1768 2618 1828 2680 sibi
1939 2650 1940 2681 l

1034 2721 1112 2795 jura
1124 2718 1310 2789 serventur,
1327 2733 1392 2794 quo
1406 2732 1543 2793 sperare
1557 2716 1825 2793 benignitatema
1938 2748 1940 2817 ρ

1037 2814 1133 2876 nobis
1145 2814 1242 2877 debet
1256 2830 1299 2876 ex
1312 2813 1469 2875 familiari
1476 2813 1647 2875 uobIscum
1658 2828 1826 2876 eonversa-

1036 2911 1126 2974 tione
1138 2913 1310 2989 majorem,
1326 2910 1519 2973 discretioni
1536 2913 1602 2972 tuae
1616 2926 1677 2987 per
1690 2912 1826 2988 Aposto-

1036 3009 1102 3070 lica
1114 3009 1237 3085 scrIpta
1248 3007 1454 3079 mandamus,
1464 3008 1628 3084 quatenus
1637 3008 1823 3069 comitatum

1036 3105 1186 3167 eumdem
1210 3103 1285 3168 cum
1309 3104 1379 3166 suis
1400 3103 1545 3182 juribus,
1572 3104 1660 3166 sicui
1687 3104 1726 3166 in
1750 3120 1823 3182 pace

1035 3204 1296 3281 predecessores
1316 3203 1369 3264 sui
1383 3201 1514 3279 plenius
1537 3201 1740 3274 babuerunt,
1753 3202 1822 3264 etia

1036 3301 1159 3362 nostrIs
1184 3299 1370 3376 privilegiis
1400 3298 1604 3371 continetur,
1632 3299 1741 3361 libere
1766 3298 1822 3359 sibi

1036 3398 1109 3459 sine
1120 3397 1268 3473 qualibet
1277 3396 1438 3458 dilatione
1448 3412 1487 3457 ac
1500 3395 1698 3458 difficultate
1715 3396 1821 3457 dimit-

1034 3496 1098 3566 tas,
1114 3495 1148 3556 ei
1159 3494 1267 3570 ipsum
1288 3494 1479 3571 episcopum
1491 3493 1612 3569 diIIgas
1623 3494 1657 3554 st
1672 3493 1819 3560 bonores.

1035 3592 1142 3652 eidem
1158 3591 1193 3651 ia
1208 3590 1272 3662 his,
1289 3606 1362 3667 quae
1378 3605 1446 3651 suae
1465 3590 1649 3666 respiciunt
1669 3589 1819 3651 bonoram

1035 3688 1185 3751 ecclesia
1209 3703 1249 3749 ac
1275 3686 1470 3765 protectum,
1497 3687 1697 3763 requisitum
1721 3687 1761 3748 ab
1783 3700 1818 3747 eo

1036 3785 1305 3848 tuumauxIIIum
1326 3784 1545 3847 stconsilium
1569 3784 1749 3846 efficaciter
1758 3783 1818 3844 im-

1036 3898 1212 3961 pensurus.
1242 3882 1360 3943 Datum
1392 3882 1560 3954 Laterani,
1593 3883 1638 3943 IV
1668 3879 1818 3944 kalendas

1035 3981 1159 4053 martii,
1175 3979 1385 4056 pontificatus
1395 3978 1501 4042 nostri
1515 3993 1603 4042 anno
1618 3980 1744 4042 octavo.

1352 4306 1510 4393 CXLIII

1056 4459 1108 4519 Ad
1118 4459 1298 4520 Nicolaum
1311 4459 1508 4532 episcopum
1521 4459 1794 4520 Itoeslrildensem.

1291 4586 1327 4645 28
1340 4583 1474 4644 februarii
1489 4585 1569 4645 lati.

1237 4708 1342 4774 [Skand,
1355 4708 1480 4768 titani,
1492 4709 1562 4769 xxi,
1575 4710 1628 4775 tn]

1082 4836 1115 4894 Ei
1130 4833 1317 4909 predicanda
1334 4835 1426 4892 crucis
1448 4833 1573 4892 officium
1588 4835 1618 4893 in
1635 4835 1772 4911 provincia

1268 4921 1410 4981 Lundensi
1433 4923 1592 4981 committit.

1075 5047 1807 5126 Honoriusepiscopus,servusservorumltoi.

1035 5146 1219 5210 venerabili
1234 5145 1329 5208 tratri
1346 5146 1501 5224 episcopo
1514 5146 1754 5217 Roeskildensi
1765 5161 1810 5207 sa·

1035 5246 1138 5307 lutam
1152 5246 1185 5306 et
1197 5243 1421 5321 Apostolicam
1435 5243 1708 5309 benedictionem.

1076 5344 1195 5414 Quum,
1218 5340 1438 5417 praedicandae
1470 5341 1577 5402 crucIs
1612 5341 1751 5403 osticium
1779 5338 1808 5398 iu

1035 5437 1206 5516 provincia
1230 5436 1398 5499 Lundensi
1411 5437 1472 5500 tibi
1497 5437 1653 5499 duximus
1675 5434 1808 5500 commit·

1034 5535 1179 5609 tendum,
1193 5536 1230 5597 ut
1249 5534 1412 5596 inoffense
1431 5534 1534 5612 possit
1552 5551 1689 5598 currere
1715 5545 1807 5595 sermo

1034 5635 1122 5705 tuus,
1136 5633 1169 5694 et
1191 5631 1286 5694 labor
1309 5631 1451 5696 fructum
1475 5631 1663 5697 uberiorem
1690 5630 1804 5695 afferre,
