4014 6224
738 300 965 365 EPISTOLAE.
989 303 1067 366 1:113.
1090 304 1158 367 vl:
1708 312 1770 376 122

441 468 593 556 CXLVI
970 464 1137 528 tarditatis
1147 464 1214 529 tuae
1224 464 1378 544 precibus
1391 465 1554 543 inclinatl,
1566 470 1766 536 auctoritate

970 561 1032 623 tibi
1053 563 1268 639 praesentium
1287 565 1508 641 indulgemus,
1525 567 1562 630 ut
1575 569 1767 632 contradic-

969 659 1060 720 tione
1086 675 1267 736 paucorum
1296 663 1475 725 temeraria
1506 665 1762 740 nonobstante,

391 755 428 813 ill
445 757 537 814 martii
558 757 638 815 {aaa
970 756 1083 817 valeas
1099 772 1173 818 cum
1188 759 1309 835 majori
1328 760 1362 821 et
1375 761 1503 822 saniori
1518 763 1613 838 parte
1627 764 1765 841 capituli

140 887 376 953 [angentibus
388 889 463 954 epist.
474 890 530 939 ‚94-
545 890 601 941 Μ·
615 890 737 942 mom
748 891 783 941 uu
796 890 889 954 ihm]
966 854 1065 929 juxta
1093 854 1241 930 ejusdem
1276 857 1400 919 statuta
1432 858 1573 921 concilii
1606 862 1765 923 vacantes

684 1015 690 1027 ,
722 1015 728 1027 ,
970 949 1165 1026 praebendas
1184 952 1225 1013 de
1241 954 1392 1029 personis
1406 954 1535 1018 idoneis
1550 958 1687 1034 provide
1708 974 1766 1022 or-

116 1012 253 1086 mam
270 1019 313 1079 ut,
336 1027 394 1070 ¹¹⁰⁰
415 1012 547 1071 ⁰b³²⁰¹¹¹⁰
563 1012 788 1073 wntfad¹⁰¹¹⁰⁰⁰
809 1028 915 1086 'mum'
971 1047 1099 1109 dinare.
1116 1049 1383 1113 contradictores
1397 1068 1642 1128 percensuram
1656 1055 1767 1118 eccle-

151 1117 228 1171 ’Μ’
242 1116 309 1159 ⁰⁰⁰¹
329 1101 431 1174 maim
445 1101 690 1204 ⁰⁸⁸⁸¹¹i⁰'¹'¹3⁸‘¹.⁰
704 1103 915 1203 ‘'wimn’pfae'
972 1144 1141 1207 siasticam
1184 1147 1412 1224 appellatione
1445 1152 1627 1227 postposita
1674 1168 1766 1216 com-

150 1188 264 1248 bondss
287 1196 425 1248 vacantes
451 1189 488 1248 de
513 1205 644 1263 personis
667 1190 778 1249 idoneis
797 1190 916 1265 provide
1144 1191 1152 1219 ²
1635 1196 1642 1223 ’

151 1277 405 1336 ordinarevsleat.
971 1243 1146 1318 pascendo.
1172 1245 1292 1306 Datum
1316 1246 1488 1322 Anagniae,
1509 1249 1586 1309 XIII
1604 1248 1766 1312 kalendas

278 1404 285 1417 ,
598 1404 631 1417 ,,
735 1405 742 1418 ,
803 1405 810 1418 ‚
971 1340 1099 1417 aprilis,
1116 1341 1328 1418 pontificatus
1341 1345 1550 1408 nostrianno
1565 1347 1670 1409 sexto.

156 1407 340 1477 Honorrus,
360 1404 436 1477 etc,
450 1403 634 1466 venerabili
648 1403 745 1466 tratri
758 1420 915 1484 ep1scopo

116 1503 329 1564 xanctonen.

158 1602 243 1661 Cum
266 1599 373 1676 turpis
396 1598 441 1661 sit
463 1614 541 1676 pars
564 1614 625 1660 suo
652 1599 713 1663 toti
739 1615 806 1662 non
829 1616 915 1663 con·
1280 1635 1456 1726 CXLVII

121 1713 261 1774 gruans,
275 1697 343 1757 imo
357 1711 419 1757 nec
433 1711 513 1772 pars
528 1697 572 1758 sit
585 1696 685 1758 etiam
701 1697 915 1770 nominanda,

117 1810 194 1873 quas
222 1793 266 1856 ab
291 1793 482 1869 integritate
508 1794 645 1867 recedit,
661 1794 835 1870 indignum
854 1796 914 1868 est,
1115 1785 1397 1850 AWWOWW·
1413 1791 1620 1864 episcopum.

117 1894 155 1955 ut
174 1892 204 1953 si
226 1891 402 1969 quisquam
426 1906 469 1951 ex
491 1890 557 1960 his,
579 1892 637 1968 qui
659 1890 779 1955 debent
797 1891 916 1953 ambu-
1254 1916 1287 1975 ῃ
1303 1919 1396 1976 marm
1409 1920 1489 1978 Μ,
1695 1880 1703 1895 ”

117 1989 192 2051 lare
216 1989 252 2050 in
278 1988 375 2050 domo
397 1988 528 2049 Domini
555 2004 630 2049 cum
654 2004 829 2062 consensu,
844 2005 918 2051 ser-

116 2086 232 2149 vando
253 2086 288 2146 in
307 2085 443 2148 vinculo
464 2085 557 2163 pacis
580 2086 717 2163 spiritns
742 2088 915 2160 unitatem,

116 2199 188 2246 non
202 2182 344 2245 rationis
354 2182 532 2260 judicium,
552 2182 610 2245 sed
630 2184 800 2261 proprium
815 2200 916 2245 secu,
971 2159 1108 2220 Concedit
1121 2168 1151 2220 ut
1165 2161 1201 2221 de
1219 2164 1399 2224 assumendis
1417 2167 1564 2225 canonicis
1581 2173 1631 2226 aut
1645 2166 1680 2226 de
1694 2183 1765 2227 con·

118 2283 175 2345 ms
183 2280 527 2357 affectum,aprovida
539 2281 768 2343 universitatis
778 2281 918 2359 disposi·
1008 2247 1133 2309 terendis
1150 2249 1308 2353 beneflciis,
1334 2268 1401 2312 cum
1421 2254 1523 2328 maiori
1544 2263 1625 2329 parte
1649 2257 1767 2330 capituli

117 2378 212 2441 tione
220 2377 386 2450 dissentit,
396 2378 431 2438 in
441 2392 503 2439 suo
513 2378 724 2455 permittatur
731 2380 915 2456 praevalere
1008 2352 1097 2412 ΨΘ
1111 2347 1211 2411 p⁰⁸⁸¹⁸‘

118 2476 350 2547 dissonamus
376 2476 546 2552 contingat
580 2476 702 2538 exinde
732 2477 917 2554 protectum
1012 2474 1191 2547 Honorius,
1214 2475 1290 2549 etc,
1310 2476 1497 2539 venerabili
1522 2466 1619 2541 fratri
1645 2466 1767 2542 liemo-x

118 2572 289 2636 retardari
318 2587 537 2634 communem.
564 2572 720 2636 Exhibita
754 2573 917 2651 siquidem
971 2568 1080 2631 vicen.
1097 2571 1264 2649 episcopo.

119 2670 220 2733 nobis
237 2671 293 2732 tua
307 2670 423 2747 petitio
437 2671 633 2743 reservavit,
650 2670 775 2748 quodsi
786 2671 917 2748 quando
1012 2669 1062 2727 Ex
1076 2669 1170 2745 parte
1193 2669 1251 2730 tua
1272 2668 1335 2732 tuit
1349 2672 1554 2750 propositum
1579 2689 1690 2736 coram
1706 2689 1770 2736 no-

119 2766 318 2846 praebendas
328 2767 364 2828 in
375 2766 517 2828 ecclesia
526 2767 733 2829 xanctonen.
747 2768 915 2842 vacantes,
972 2762 1023 2824 bis
1049 2764 1136 2841 quod
1158 2765 1195 2827 in
1219 2768 1430 2830 Lemovices.
1445 2769 1588 2832 ecclesia
1614 2771 1767 2849 quaedam

120 2880 266 2944 quarum
288 2863 422 2927 collatio
443 2864 485 2926 ad
507 2865 551 2935 te,
572 2880 613 2926 ac
627 2864 807 2942 capitulum
822 2882 918 2928 com·
973 2862 1175 2925 consuetudo
1201 2864 1303 2926 noxia
1325 2865 1477 2940 tnolevit,
1505 2868 1591 2943 quod
1612 2868 1770 2935 videlicet

235 618 500 694 Adeptseopum
508 620 795 683 insuetoraensem.

998 2034 1118 2100 meant,
1128 2037 1174 2089 lib.
1187 2038 1231 2099 Vl,
1244 2039 1317 2106 epist.
1328 2041 1386 2097 sss.
1397 2042 1456 2093 lias.
1470 2043 1506 2094 La
1517 2043 1592 2094 Porta
1602 2043 1637 2094 du
1647 2043 1741 2109 rhen]

121 2962 270 3024 munitor
297 2961 447 3023 noscitur
474 2962 652 3038 pertinere,
673 2961 724 3024 vis
751 2979 818 3024 una
843 2979 919 3025 cum
974 2958 1003 3018 si
1017 2961 1125 3036 map'or
1142 2976 1221 3037 pars
1245 2962 1383 3038 capituli
1406 2964 1556 3040 eJusdem
1577 2966 1766 3038 conveniat,

120 3059 240 3123 eodem
261 3058 407 3135 capitulo
431 3058 471 3122 de
496 3059 649 3136 personis
672 3058 803 3121 idoneis
823 3059 918 3121 ordi·
974 3055 1008 3117 et
1019 3057 1245 3119 concordetde
1258 3057 1426 3136 aliquibus
1438 3061 1473 3121 in
1488 3061 1667 3123 canonicos
1678 3078 1773 3124 assu·

120 3172 216 3229 nare,
234 3155 368 3234 quidam
393 3172 437 3217 ex
464 3156 556 3234 ipsis,
574 3156 777 3218 ordinationi
804 3172 840 3218 se
863 3158 917 3220 ts·
974 3153 1113 3226 mendis,
1124 3154 1176 3215 vel
1191 3155 1401 3217 conferendis
1416 3146 1587 3220 beneflciis
1598 3159 1639 3220 ad
1653 3174 1770 3223 eornm

120 3270 214 3317 mere
226 3253 440 3331 opponentes,
449 3268 490 3314 ne
500 3253 658 3330 procedat
669 3255 755 3331 quod
767 3269 787 3315 a
800 3254 919 3331 majori
974 3250 1187 3313 donationem
1202 3254 1440 3330 spectantibus,
1461 3258 1520 3316 aut
1533 3255 1610 3317 aliis
1626 3255 1770 3333 negotiis

120 3353 156 3415 et
183 3351 314 3412 saniori
341 3351 436 3427 parte
468 3351 676 3428 proponitur,
708 3351 775 3412 nisi
802 3351 918 3429 aliqui,
974 3348 1126 3410 ecclesiae
1141 3350 1348 3423 ordinandis,
1365 3353 1398 3413 et
1419 3369 1505 3413 uuus
1529 3353 1620 3416 solus
1642 3354 1683 3416 de
1697 3356 1773 3432 ipso

120 3465 206 3527 quos
243 3448 309 3525 ipsi
336 3447 504 3509 voluerint
533 3447 745 3522 ordinentur,
771 3448 920 3526 improbe
975 3446 1121 3522 capitulo
1136 3447 1352 3520 contradicat,
1369 3449 1512 3511 aliorum
1535 3451 1690 3514 voluntas
1710 3468 1772 3515 suo

120 3547 341 3617 reluctantur,
355 3545 637 3618 consuetudinem,
649 3548 839 3623 juramento
856 3546 919 3607 fir·
975 3542 1103 3604 carebit
1115 3544 1247 3607 effectu.
1262 3545 1357 3607 Unde
1368 3563 1469 3624 quum
1483 3564 1543 3626 per
1554 3548 1618 3611 hoc
1638 3550 1772 3626 negotia

119 3646 259 3715 matam,
273 3658 373 3720 quam
388 3643 502 3704 dicunt
514 3643 713 3719 Apostolicae
733 3643 829 3705 Sedis
845 3643 919 3721 pri·
975 3639 1080 3716 ipsius
1096 3634 1257 3704 'ecclesiae
1278 3642 1469 3706 inordinata
1490 3644 1683 3708 multotiens
1713 3660 1775 3708 re·-

120 3739 706 3818 vilegioroboratam,praetendentes
714 3740 863 3813 abusam,
871 3756 922 3802 se·
975 3737 1180 3815 linquantur,
1208 3740 1406 3815 Apostolicae
1434 3743 1635 3818 provisionis
1660 3758 1772 3805 remae

119 3839 269 3901 cundum
284 3852 382 3914 quam
398 3852 458 3913 pro
473 3851 513 3898 eo
528 3837 614 3914 quod
633 3838 669 3898 in
684 3838 800 3899 eodem
815 3838 922 3915 privi-
975 3835 1065 3896 dium
1093 3835 1289 3913 implorasti.
1319 3838 1388 3898 Nos
1419 3837 1522 3914 igitur
1550 3841 1768 3915 praesentium

119 3938 213 4013 legio
229 3935 420 3997 continetur
434 3935 471 3995 ut
482 3934 610 4006 nullus,
626 3934 692 3995 nisi
703 3935 744 3996 de
754 3935 921 3997 communi
975 3932 1036 3994 tibi
1048 3932 1256 4006 auctoritate,
1270 3932 1311 3996 de
1323 3934 1532 4012 providentia
1543 3936 1681 4013 speciali
1690 3952 1773 3999 con-

120 4049 265 4097 assensu
298 4030 438 4094 fratrum
471 4033 653 4093 secundum
687 4031 920 4095 rationabilem
978 4030 1137 4103 cedimus,
1151 4031 1189 4092 ut
1211 4030 1241 4092 si
1265 4031 1338 4092 duae
1357 4033 1469 4108 partes
1490 4033 1621 4110 praetati
1635 4033 1773 4112 capituli
1806 4016 1809 4027 ’
1918 4013 1924 4024 ’

120 4132 231 4209 ipsius
256 4129 408 4192 ecclesiae
430 4129 704 4191 consuetudinem
735 4130 921 4193 canonicus
977 4127 1263 4201 concordaverint,
1278 4128 1336 4190 aut
1355 4130 1395 4191 de
1410 4131 1618 4192 assumendis
1633 4133 1774 4193 canoni·

120 4228 321 4291 instituatur
348 4226 487 4301 ibidem;
517 4228 672 4288 asserunt
700 4226 787 4304 quod
813 4228 842 4288 si
868 4228 921 4289 vel
976 4224 1036 4294 cis,
1060 4227 1119 4286 aut
1141 4225 1181 4287 de
1206 4224 1377 4288 beneflciis
1397 4226 1619 4301 conterendis,
1645 4243 1705 4290 seu
1729 4228 1770 4290 de

121 4342 213 4388 unus
231 4324 408 4386 dissentiat
420 4323 461 4385 ad
476 4324 731 4397 ordinationem,
742 4324 921 4401 procedere
976 4321 1053 4382 aliis
1068 4322 1219 4384 ecclesiae
1239 4324 1381 4399 negotiis
1405 4324 1544 4400 provide
1565 4322 1770 4400 ordinandis,

120 4423 295 4501 nequeunt
313 4421 474 4482 universi.
502 4422 553 4482 Ne
580 4421 684 4497 igitur
717 4422 921 4484 consuetudo
977 4422 1024 4491 tu,
1039 4419 1182 4481 aliorum
1193 4419 1422 4482 nonobstante
1433 4421 1596 4494 dissensu,
1611 4423 1644 4483 id
1660 4424 1695 4485 in
1706 4440 1771 4502 quo

122 4518 329 4599 hujusmodi,
341 4534 415 4596 quae
431 4517 571 4581 dicenda
587 4520 640 4579 est
659 4518 769 4595 potius
783 4534 924 4596 corrup·
978 4516 1051 4577 duae
1072 4518 1185 4593 partes
1204 4517 1342 4593 provida
1368 4517 1609 4581 deliberatione
1630 4535 1773 4593 consep-

120 4617 202 4689 tela,
230 4614 451 4693 prejudicare
475 4617 673 4677 Lateranen.
693 4615 842 4677 Concilio
865 4617 921 4677 vi·
977 4613 1093 4691 serint,
1109 4613 1224 4674 valeas
1238 4629 1313 4674 cum
1329 4614 1465 4687 eisdem,
1481 4616 1703 4693 appellatione
1717 4633 1775 4678 re-

123 4714 257 4785 deatur,
282 4727 347 4789 quo
362 4711 499 4789 provide
514 4711 674 4773 statutum
689 4714 751 4785 est,
768 4728 810 4774 ne
836 4713 922 4790 quod
978 4711 1077 4783 mota,
1091 4710 1323 4787 perduceread
1333 4711 1504 4787 effectum
1514 4713 1773 4775 contradictores

120 4828 144 4873 a
167 4809 292 4888 majori
317 4809 351 4870 et
374 4808 502 4870 saniori
525 4812 620 4886 parte
634 4808 772 4885 capituli
787 4810 923 4887 provide
977 4823 1037 4884 per
1062 4823 1237 4868 censuram
1258 4808 1531 4882 ecclesiasticam,
1548 4809 1772 4886 appellatione

118 4907 302 4972 ordinatur
336 4906 554 4967 contradictio
582 4904 766 4983 praepediat
794 4921 921 4982 pauco·
978 4904 1171 4981 postposita,
1199 4905 1448 4981 compescendo.
1462 4906 1554 4968 Nulli
1576 4921 1667 4983 ergo,
1692 4908 1769 4978 etc,

119 5023 211 5079 rum,
228 5004 297 5066 nisi
317 5003 412 5080 parte
432 5002 645 5081 paucioribus
666 5002 792 5081 aliquid
816 5004 922 5066 ratio-
978 5003 1101 5063 nostrae
1116 5001 1342 5064 concessionis
1355 5003 1551 5079 intringere,
1567 5004 1630 5065 etc.
1647 5003 1682 5064 Si
1697 5004 1772 5080 quis
1799 5051 1807 5063 .

121 5101 239 5164 nabile
258 5098 424 5187 objectum
444 5097 544 5160 tuerit
567 5099 599 5159 et
621 5100 801 5170 ostensum,
820 5114 923 5176 quare
976 5099 1100 5177 alitem,
1122 5100 1183 5161 eto.
1200 5101 1330 5162 ,Datum
1347 5101 1520 5178 Anagniae,
1536 5102 1597 5163 XII
1612 5098 1773 5163 kalendas

120 5199 158 5261 id
172 5198 248 5261 deri
261 5212 330 5258 non
345 5194 473 5268 debeat,
487 5195 540 5258 vel
556 5211 623 5258 non
636 5196 752 5273 possit.
769 5196 838 5258 Nos
854 5195 924 5258 tra·
980 5196 1109 5275 aprilis,
1125 5212 1214 5259 anno
1228 5200 1334 5260 sexto.
