3886 6214
87 279 142 341 337
694 284 925 353 EPISTOLAE·
949 287 1027 351 LIB.
1051 287 1121 350 vit.
1497 314 1512 325 r
1667 283 1730 351 338

82 440 158 516 gula
170 438 254 517 ipsa,
266 439 355 502 sioni
366 441 490 519 scriptu
501 442 563 514 est,
575 441 677 508 fuerit
686 442 871 509 6116611616.

83 537 198 599 Caeteri
214 554 346 615 666666
367 540 424 616 661
445 539 577 615 plenius
597 546 761 604 neverant
784 546 876 621 ejus-

83 635 155 697 dem
170 635 298 697 ordinis
308 638 432 697 statum
442 638 600 699 concordi
610 655 691 700 voce
706 641 873 715 dixerunt,

82 732 166 811 quod
181 749 247 794 non
262 733 403 796 credunt
428 735 578 796 ordinem
602 737 795 812 praedictum
811 739 877 800 ali-

82 846 145 908 1166
166 829 261 891 modo
277 846 375 907 posse
397 831 581 895 subsistere
602 834 675 896 sine
689 833 785 896 bonis
801 852 875 913 6666

82 927 207 990 obtinet
220 929 315 989 extra
329 930 434 990 metas
451 951 459 988 :
474 946 548 991 cum
568 947 687 1007 magna
710 948 788 1009 pars
815 932 876 994 do·

81 1040 212 1086 morum
224 1025 331 1102 ipsius
345 1026 409 1087 sita
424 1027 468 1089 sit
488 1027 523 1087 in
539 1028 621 1089 locis
641 1029 744 1092 aridis
760 1031 875 1092 61616-

81 1123 211 1196 rilibus,
234 1124 266 1185 et
287 1124 528 1201 multiplicatus
553 1127 597 1189 sit
620 1144 778 1189 numerus
799 1128 873 1190 fra-

82 1221 168 1283 trum
181 1220 309 1284 ordinis
323 1222 505 1299 saepedicti,
527 1224 676 1303 adeoque
703 1226 872 1303 refrigue-

80 1318 265 1397 1116611166
284 1319 318 1380 et
338 1318 557 1384 abundaverit
579 1323 719 1395 malitia,
742 1323 779 1393 ut
802 1339 875 1385 mo-

82 1415 176 1477 derni
193 1400 304 1493 potius
327 1417 483 1479 auferant
506 1418 632 1480 eisdem
649 1419 808 1482 iratribus
834 1437 874 1483 ea

82 1528 154 1591 qnae
168 1514 220 1574 sui
231 1517 376 1591 majores
390 1515 472 1591 ipsis
486 1516 522 1576 in
537 1516 784 1596 eleemosynam
799 1536 874 1581 con·

81 1610 239 1683 tulerant,
262 1627 359 1688 quam
389 1613 524 1689 propria
552 1613 749 1689 largiantur.
778 1619 875 1677 Asse·

81 1709 221 1773 ruerunt
242 1708 382 1786 insuper
403 1709 578 1789 episcopus
605 1712 638 1772 et
663 1711 873 1775 subdecanus

81 1800 229 1883 praedicti
245 1805 309 1867 sibi
326 1822 385 1885 per
399 1806 530 1868 litteras
541 1808 659 1869 decani
675 1810 707 1872 61
719 1809 873 1872 officialis

80 1903 297 1965 bituricensis
313 1904 539 1981 delegatorum
554 1906 669 1969 aSede
684 1908 873 1983 Apostolioa

81 2000 280 2072 constitisse,
311 2002 397 2079 quod
421 2003 618 2065 Guillelmus
654 2004 814 2082 Lespinas
841 2006 874 2068 et

81 2099 198 2160 Petrus
213 2098 399 2161 Bruscbars
426 2101 578 2162 conversi
594 2102 874 2164 Grandimonten-

81 2194 123 2255 sis
139 2196 248 2272 jurati
264 2196 407 2259 confessi
427 2198 505 2259 61111
521 2214 632 2259 coram
649 2200 697 2261 eis
711 2199 796 2277 quod
811 2200 871 2262 lit-

80 2290 165 2353 teras
181 2308 244 2370 per
258 2292 348 2369 ipsos
363 2293 396 2355 et
410 2293 496 2355 alios
511 2311 692 2358 conversos
707 2295 871 2373 impetra-

80 2388 127 2449 tas
160 2404 182 2450 a
211 2389 307 2450 nobis
339 2406 441 2469 super
478 2392 757 2469 possessionibus,
791 2410 872 2470 6666

83 2485 229 2549 obtinent
253 2489 350 2549 entra
373 2488 490 2557 metas,
515 2489 550 2550 in
573 2489 685 2551 odium
704 2490 826 2567 prioris
841 2493 874 2554 et

83 2583 281 2646 clericorum
309 2584 570 2662 impetraverant
595 2589 683 2649 malo
710 2590 821 2650 animo
840 2590 873 2651 et

83 2680 205 2759 111666,
224 2682 483 2745 destructionem
495 2685 597 2747 totius
606 2685 734 2746 ordinis
745 2686 778 2747 61
791 2702 873 2764 prae·
906 2682 908 2687 ’

85 2779 193 2840 sertim
209 2780 334 2857 prioris
349 2781 383 2842 et
400 2778 599 2847 clericorum
621 2784 699 2845 tunc
713 2785 872 2860 temporis

84 2874 294 2952 affectantes3
312 2892 351 2938 ac
366 2877 585 2941 nibilominus
602 2880 662 2941 sub
680 2882 871 2958 juramento

83 2970 237 3035 dixerunt
249 2975 397 3036 ordinem
413 2977 486 3037 sine
501 2977 669 3053 praedictis
684 2979 872 3056 possessio-

83 3070 175 3132 nibus
191 3087 260 3133 non
275 3088 371 3148 posse
387 3073 599 3151 aliquatenus
615 3076 810 3138 sustentari.

118 3169 295 3247 Saepedicti
323 3185 403 3246 ergo
427 3171 575 3248 episcopi
601 3173 634 3235 et
662 3172 872 3236 subdecanus

83 3281 138 3341 pro
149 3266 229 3342 ipsis
243 3267 354 3343 priore
366 3267 574 3330 acfratribns
585 3272 702 3331 etcum
716 3272 765 3332 eis
777 3270 872 3332 nobis

82 3359 248 3426 humiliter
280 3365 511 3442 supplicarunt
539 3367 575 3429 61
600 3383 702 3446 super
729 3368 782 3429 1116
811 3384 872 3430 ar-

80 3458 203 3533 ticulis,
234 3461 391 3523 videlicet
421 3479 523 3540 super
545 3463 708 3526 habendis
738 3482 874 3543 posses-

82 3556 227 3618 sionibus
242 3561 338 3621 extra
351 3560 467 3633 metas,
484 3561 518 3623 et
535 3560 651 3623 bestiis
672 3564 872 3625 necessariis

83 3653 121 3714 ad
149 3654 304 3729 laborem,
318 3658 419 3719 certis
437 3658 622 3720 redditibus
636 3660 670 3721 et
683 3661 872 3737 repetendis

83 3749 214 3824 ablatis,
240 3752 435 3830 dispensare
458 3755 721 3818 misericorditer
740 3758 777 3819 in
802 3760 872 3835 jam

83 3846 170 3909 dicta
186 3849 300 3926 regula
322 3849 547 3927 dignaremur.
563 3853 604 3914 Et
623 3852 658 3913 id
675 3852 782 3930 ipsum
803 3857 872 3916 tam

81 3946 278 4008 venerabilis
289 3946 393 4009 frater
404 3950 518 4011 noster
528 3951 723 4012 Portuensis
738 3952 871 4028 episco-

83 4056 145 4117 pus
162 4044 359 4120 apostolicae
377 4045 473 4107 Sedis
492 4046 747 4124 legatusquam
761 4064 821 4111 166
840 4051 874 4111 61

83 4140 279 4201 venerabilis
293 4140 398 4203 frater
411 4145 525 4205 noster
540 4144 798 4221 Burdogalensis
813 4162 872 4207 61-

84 4234 323 4315 chiepiscopus,
353 4240 478 4317 aliique
507 4241 660 4302 nonnulli
686 4243 754 4304 tam
782 4242 873 4319 epis-

85 4332 158 4408 copi
178 4350 272 4412 quam
299 4335 436 4401 abbates
471 4337 597 4415 aliique
621 4338 752 4417 praelati
775 4339 872 4401 nobis

86 4429 220 4494 66611616
232 4448 293 4509 per
305 4449 384 4494 suas
398 4433 527 4495 litteras
549 4438 762 4509 curaverunt,
778 4452 873 4499 asse·

85 4527 190 4588 166166
200 4529 351 4591 ordinem
366 4531 477 4607 ipsum
489 4533 671 4594 sustentari
682 4548 749 4595 161
759 4540 869 4612 posse,

86 4623 151 4683 11161
183 4641 240 4701 per
267 4626 562 4704 dispensationem,
588 4632 624 4691 ut
650 4630 774 4692 dictum
809 4633 869 4705 est,

85 4722 291 4794 provideatur
305 4724 424 4787 61116111.
449 4727 530 4786 Cum
544 4726 647 4802 igitur
661 4744 726 4791 nos
743 4731 777 4790 et
797 4728 871 4791 116-

85 4817 151 4877 tres
165 4820 267 4882 nostri
281 4821 471 4898 satagentes
487 4822 623 4886 obviare
644 4824 751 4887 ruinae
765 4827 872 4903 ipsius

87 4912 216 4988 ordinis,
237 4921 418 4998 pro-cujus
443 4920 530 4983 statu
556 4922 746 4997 apostolica
770 4924 872 4985 Sedes

85 5007 140 5069 bis
152 5013 182 5074 61
191 5014 266 5075 aliis
280 5016 486 5093 temporibus
500 5017 680 5093 plurimum
694 5019 870 5089 laboravit,

86 5111 348 5175 convenissemus
367 5113 403 5174 111
421 5129 524 5174 unum
539 5130 639 5191 super
653 5115 726 5192 ipso
738 5117 871 5193 negotio

85 5202 261 5282 tractaturi,
277 5210 347 5271 1166
365 5210 569 5286 provisionis
582 5212 646 5273 viae
668 5212 764 5275 uobis
784 5214 873 5276 inter

87 5299 219 5365 ceteras
229 5308 455 5369 occurrerunt
469 5309 583 5369 Prima
596 5307 669 5380 fuit,
682 5312 718 5370 ut
729 5309 874 5372 distrac-

85 5397 131 5458 tis
152 5397 335 5479 16116666
359 5405 538 5481 saepedicta
561 5405 872 5469 Grandimontensis

87 5493 241 5561 16166661
255 5503 328 5575 ejus
338 5502 434 5570 oellae
446 5501 600 5565 obtinent
613 5506 729 5565 contra
746 5504 871 5581 regula

88 5606 157 5652 suae
170 5592 324 5669 instituta,
339 5613 507 5661 6116616111
521 5600 627 5677 pretio
642 5600 763 5664 tierent
777 5618 871 5666 novae

931 448 1036 521 66116,
1055 448 1088 511 61
1102 447 1141 510 in
1153 445 1434 526 6616111611116116
1448 445 1501 514 tot
1519 447 1730 513 collocaren-

930 545 985 607 tur
1007 545 1049 609 de
1070 545 1241 617 fratribus,
1257 546 1345 623 611611
1359 547 1554 610 viderentur
1567 548 1608 610 de
1630 547 1730 610 bonis

930 641 1020 704 intra
1035 658 1151 707 earum
1166 645 1271 705 metas
1282 644 1400 720 positis
1418 646 1599 708 sustentari
1616 666 1623 705 =
1640 659 1727 722 qua·
1747 680 1750 688 ι

929 739 1028 801 16666
1050 752 1189 801 numero
1213 738 1352 805 fratrum
1371 740 1407 800 in
1434 740 1528 802 661116
1556 740 1727 805 veteribus

931 834 1184 899 consistentium
1212 851 1273 912 per
1303 836 1366 897 1166
1401 838 1536 899 redacto
1564 838 1608 901 ad
1639 853 1727 901 con-

929 947 1047 1008 gruam
1062 932 1275 1009 paucitatem,
1296 934 1330 995 61
1353 934 1418 1011 ipsi
1439 935 1620 999 sustentari
1635 951 1727 1012 pos-.

931 1030 1004 1093 sent
1014 1029 1054 1091 de
1067 1029 1162 1093 bouis
1178 1046 1251 1108 quae
1265 1031 1359 1092 cellae
1369 1031 1450 1108 ipsae
1465 1031 1616 1095 obtinent
1634 1032 1726 1095 intra

929 1128 1047 1188 metas.
1060 1128 1212 1189 Secunda
1240 1128 1313 1200 tuit,
1337 1130 1374 1189 61
1394 1129 1461 1189 tam
1482 1130 1723 1206 possessiones,

929 1224 1109 1299 6661116116
1129 1240 1203 1302 11661
1227 1228 1344 1287 661116
1365 1225 1489 1289 statuta
1509 1226 1635 1301 regulae
1653 1242 1725 1289 suae

929 1318 1056 1385 obtinet
1069 1320 1178 1387 dietus
1197 1321 1289 1393 ordo,
1304 1321 1456 1398 personis
1478 1322 1726 1385 committeren-

929 1418 1045 1481 rentur
1066 1417 1207 1491 idoneis,
1226 1434 1299 1496 quae
1319 1419 1378 1481 illa
1406 1420 1540 1482 nomine
1567 1419 1725 1482 Ecclesiae

929 1516 1089 1579 Romana
1111 1515 1486 1587 16161116611611161611
1509 1516 1726 1593 proventibus

929 1611 1121 1689 supplerent
1130 1612 1293 1677 deiectum
1306 1614 1526 1689 proventuum
1538 1614 1728 1691 possessio-

928 1723 1007 1769 num
1033 1709 1285 1773 consistentium
1308 1710 1398 1775 intra
1422 1713 1538 1783 metas,
1567 1727 1607 1773 66
1635 1711 1724 1773 1661-

928 1805 1040 1878 duum,
1054 1808 1083 1867 61
1094 1808 1172 1884 quid
1187 1808 1286 1881 esset,
1298 1808 1335 1871 lu
1349 1809 1588 1886 eleemosymas
1597 1822 1723 1885 61666-

928 1903 1013 1975 rent,
1025 1904 1167 1967 inhibito
1193 1905 1299 1981 ipsius
1322 1905 1450 1967 ordinis
1473 1905 1577 1983 priori
1595 1908 1631 1968 et
1651 1904 1729 1968 fra-2
1757 1948 1759 1953 ·

927 2000 1045 2072 tribus,
1062 2017 1105 2063 16
1126 2002 1257 2080 aliquos
1280 2003 1469 2080 reciperent
1487 2003 1521 2064 in
1545 2003 1729 2079 capitevel.
1825 2060 1835 2067 .

928 2098 964 2161 in
992 2098 1161 2172 membris,
1177 2115 1349 2177 quousque
1374 2101 1415 2162 ad
1442 2116 1521 2163 6611
1547 2114 1726 2165 nnmerum

928 2194 1151 2268 devenissent,
1164 2197 1221 2274 qui
1231 2197 1339 2274 1161661
1353 2196 1618 2275 possessionibus
1633 2196 1724 2259 intra

928 2293 1033 2354 116166
1055 2293 1172 2370 positis
1187 2309 1332 2370 congrue
1348 2294 1547 2359 sustentari:
1567 2309 1608 2355 ac
1626 2293 1724 2355 dein-

928 2404 1006 2467 ceps
1033 2390 1068 2452 in
1094 2391 1169 2468 ipso
1193 2407 1332 2455 numero
1353 2392 1587 2468 permanentes
1610 2391 1727 2453 essent

926 2486 1024 2551 bonis
1059 2488 1148 2551 11116
1174 2490 1281 2551 metas
1304 2489 1423 2566 positis
1450 2489 1597 2551 contenti
1624 2488 1727 2564 juxta

927 2585 1034 2662 ipsius
1048 2585 1213 2658 instituta,
1230 2587 1265 2648 et
1282 2589 1361 2651 tunc
1381 2586 1512 2648 demum
1532 2585 1726 2663 possessio·¹
1775 2624 1783 2631 -

927 2698 987 2744 nes
1016 2684 1112 2745 extra
1143 2686 1248 2747 metas
1276 2684 1509 2755 venderentur,
1539 2683 1726 2760 fierentque

927 2796 1023 2842 novae
1045 2780 1139 2843 cellae
1155 2782 1260 2859 ipsius
1275 2782 1404 2843 ordinis
1417 2782 1458 2843 de
1472 2781 1579 2858 pretio
1592 2795 1724 2845 aarum·

927 2877 1012 2938 dem.
1026 2879 1139 2940 ’161116
1156 2892 1237 2943 1616
1252 2878 1326 2951 1611,
1350 2882 1387 2940 61
1405 2878 1566 2940 fratribus
1574 2881 1646 2956 jam
1662 2888 1722 2941 re'·

927 2975 1214 3052 661111616661611
1236 2976 1465 3053 ipsamjuxta
1489 2991 1560 3037 6666
1586 2973 1721 3052 1116166-
1794 3026 1799 3033 ,

927 3072 1033 3135 616116
1052 3072 1199 3135 debitum
1215 3072 1479 3145 observantibus,
1494 3071 1612 3133 eadem
1631 3071 1724 3134 circa

927 3168 1136 3246 recipiendos
1174 3168 1215 3230 de
1251 3170 1373 3233 6661616
1412 3169 1614 3247 temperetur
1657 3167 1725 3229 1166

927 3266 1036 3340 modo,
1057 3268 1094 3329 ut
1118 3266 1275 3330 videlicet
1300 3266 1450 3344 praedicti
1474 3265 1616 3344 quatuor
1638 3264 1724 3328 arti-

928 3364 995 3426 culi
1021 3365 1062 3433 de
1085 3366 1203 3442 regula
1231 3364 1507 3429 subtraherentur
1529 3363 1657 3435 eadem,
1688 3362 1723 3425 et

927 3461 1110 3540 recipiendi
1134 3462 1174 3524 de
1189 3466 1309 3526 6661616
1323 3461 1558 3541 profiterentur
1570 3460 1723 3538 regulam

926 3573 987 3634 per
1000 3557 1278 3622 substractionem
1299 3557 1516 3621 articulorum
1531 3554 1722 3635 hujusmodi

926 3656 1155 3734 temperatam,
1172 3656 1273 3734 bique
1293 3655 1428 3719 illorum
1453 3672 1525 3733 quae
1546 3670 1636 3717 nunc
1662 3653 1723 3715 611-

929 3753 1012 3817 tinet
1026 3753 1134 3815 dictus
1149 3754 1230 3817 ordo
1250 3753 1366 3815 contra
1382 3753 1508 3828 regulae
1531 3767 1602 3813 suae
1618 3751 1723 3813 insti-

926 3850 997 3912 tuta
1008 3852 1081 3927 jam
1099 3849 1183 3911 liciti
1199 3864 1419 3926 possessores,
1431 3862 1547 3911 curam
1566 3849 1725 3924 gerentes

926 3962 1053 4019 eorum,
1076 3946 1225 4023 ipsorum
1253 3945 1469 4023 proventibus
1495 3944 1559 4006 sibi
1585 3946 1618 4006 et
1643 3942 1722 4004 aliis

927 4043 1085 4106 fratribus
1099 4043 1256 4107 fraternae
1278 4044 1428 4106 caritatis
1449 4041 1636 4103 ministeria
1655 4055 1721 4101 ne-

927 4141 1075 4203 cessaria
1095 4142 1337 4214 ministrarent,
1365 4141 1479 4218 161666
1502 4153 1719 4200 assumeren-

926 4241 981 4300 tur
999 4239 1040 4300 de
1064 4254 1150 4301 novo
1170 4240 1219 4300 sic
1238 4240 1454 4316 temperatam
1470 4236 1722 4319 regulampro-

926 4332 1060 4409 1666611,
1082 4336 1167 4413 quod
1190 4335 1232 4396 ad
1254 4350 1368 4397 6616111
1391 4334 1583 4397 6611661611
1603 4348 1723 4410 supra-

927 4433 1059 4505 dictam,
1083 4432 1210 4495 duobus
1235 4433 1442 4510 singularum
1457 4433 1630 4494 domorum
1652 4430 1721 4493 mi-

926 4530 1066 4593 nisterio
1090 4530 1298 4607 deputandis,
1321 4546 1387 4591 uno
1409 4529 1565 4593 videlicet
1585 4528 1719 4599 clerice,

927 4628 1059 4707 alioque
1074 4643 1245 4690 converso.
1261 4630 1407 4699 Quorum
1429 4627 1515 4688 alter
1538 4639 1721 4689 conversus

926 4727 1055 4789 66111661
1080 4725 1215 4798 61111661,
1246 4725 1389 4787 clericus
1414 4741 1495 4786 vero
1524 4722 1722 4786 correctoris

927 4823 1072 4885 officium
1101 4825 1243 4900 gereret,
1281 4822 1463 4885 secundum
1498 4822 1585 4899 quod
1620 4820 1720 4882 etiam
1794 4866 1807 4889 ,

926 4937 1014 4982 nuno
1036 4920 1234 4982 observatur
1251 4921 1287 4981 in
1307 4921 1424 4982 ordine
1444 4919 1660 4997 supradicto:
1684 4917 1723 4978 ut

926 5018 975 5079 sic
1001 5018 1162 5095 professis
1189 5018 1340 5095 regulam
1373 5018 1486 5080 taliter
1516 5015 1722 5079 moderatam

926 5115 1086 5192 paulatim
1119 5115 1374 5177 succedentibus
1402 5114 1471 5176 illis
1500 5115 1556 5191 qui
1589 5111 1724 5174 1661611

926 5212 1145 5275 austeriorem
1158 5212 1313 5290 professi,
1325 5213 1458 5275 tandem
1473 5225 1631 5288 processu
1642 5210 1723 5271 tern-

926 5309 1017 5386 116116
1032 5325 1148 5372 omnes
1163 5308 1268 5385 ipsius
1287 5309 1414 5370 ordinis
1437 5306 1558 5368 fratres
1570 5305 1721 5367 eamdem

926 5407 975 5468 sic
998 5406 1203 5468 moderatam
1225 5406 1461 5483 profiterentur
1479 5405 1513 5466 et
1534 5405 1719 5467 servarent.

927 5507 1015 5566 Sane
1044 5504 1118 5565 vias
1158 5503 1373 5565 discutientes
1413 5501 1558 5575 easdem,
1595 5502 1721 5564 nnllam

926 5617 1041 5663 earum
1057 5600 1246 5662 invenimus
1258 5599 1346 5661 omni
1362 5614 1499 5678 prorsus
1510 5600 1721 5678 scrupulosi·
