4014 6224
120 327 155 388 17
736 327 967 405 ameroun.
989 329 1069 391 mn.
1091 327 1146 391 vr.
1306 308 1311 333 '
1563 414 1569 429 .
1728 330 1769 392 1s

120 484 293 564 66616666,
311 486 346 551 61
360 486 467 549 divini
483 488 628 553 nominis
642 488 752 553 cultus
767 489 918 553 celebre-
973 488 1015 551 ad
1037 487 1231 551 solvendum
1245 488 1296 553 de
1317 484 1535 567 proventibus
1554 492 1626 568 ejus
1640 491 1766 554 vicesi-

120 583 175 645 tur
187 584 222 643 16
238 584 370 655 eadem,
389 586 422 648 61
435 586 498 647 166
517 588 639 649 nostrae
663 586 850 650 devotionis
864 588 919 648 16-
974 602 1060 648 mam
1092 586 1229 647 minime
1261 587 1451 649 tenebatur.
1488 588 1582 650 Unde
1609 588 1768 667 praelatus

120 680 429 760 dicioibiperpetuo
439 685 665 760 permanente,
675 684 798 746 ibidem
811 685 918 747 nostri
973 684 1132 760 magister
1145 684 1260 745 volens
1280 700 1300 745 a
1317 685 1519 747 conscientia
1542 702 1603 747 sua
1625 702 1769 764 scrupu-

119 777 281 841 memoria
304 779 341 843 in
358 778 590 842 benedictione
600 783 727 858 jugiter
742 782 916 844 habeatur.
972 780 1041 841 lum
1057 796 1238 854 removere,
1255 780 1296 841 ad
1312 798 1373 844 nos
1395 782 1490 845 duxit
1505 783 1643 860 provide
1656 800 1769 846 recur-

119 876 206 938 Hino
230 876 284 937 est
306 876 395 953 quod
415 878 612 940 auctoritate
632 880 846 956 praesentium
865 881 920 941 in·
972 877 1123 948 rendum,
1141 877 1343 954 supplicans,
1361 879 1398 941 ut
1417 895 1491 940 cum
1506 881 1699 941 vicesimam
1714 881 1769 958 ip·
1883 962 1887 971 1

119 972 273 1034 bibemus
300 989 470 1051 expresse,
501 990 545 1037 ne
580 976 654 1053 quis
674 993 725 1049 ea,
757 994 831 1055 quae
853 977 918 1054 ipsi
973 990 1054 1046 sam,
1070 974 1099 1034 si
1111 974 1207 1035 nobis
1220 974 1329 1036 visum
1341 974 1452 1047 luerit,
1465 976 1594 1039 solvere
1607 978 1650 1040 sit
1661 992 1766 1054 para·

120 1071 273 1132 ecclesiae
288 1071 324 1131 in
339 1087 433 1144 auro,
446 1074 597 1148 argento,
610 1075 731 1151 pannis
744 1075 871 1147 sericis,
886 1075 919 1137 et
972 1072 1041 1144 tus,
1065 1071 1194 1133 absolvi
1222 1070 1409 1134 laceremus
1437 1074 1598 1147 eumdem,
1627 1075 1656 1135 si
1682 1074 1767 1137 sorte

120 1168 386 1246 quibuscumque
401 1169 919 1235 611166661661661161666661666·
972 1169 1142 1230 vinculum
1161 1168 1296 1247 aliquod
1317 1186 1377 1247 pro
1401 1170 1492 1231 illius
1506 1170 1695 1235 detentione
1711 1172 1769 1234 in-

119 1267 176 1337 116,
204 1282 311 1343 usque
340 1267 381 1328 ad
401 1268 488 1329 bano
517 1268 604 1330 diem
629 1271 839 1342 contulimus,
864 1271 917 1331 vel
972 1266 1088 1328 currit.
1109 1267 1178 1328 Nos
1199 1267 1301 1343 igitur
1320 1267 1539 1341 attendentes,
1556 1270 1642 1346 quod
1663 1268 1766 1331 abbas

119 1364 223 1425 etiam
250 1364 286 1424 in
304 1364 474 1441 posterum
500 1365 722 1439 conferemus,
747 1367 920 1429 61161616-
972 1366 1005 1425 et
1026 1365 1208 1425 conventus
1232 1364 1382 1441 praedicti
1406 1366 1521 1442 procul
1541 1365 1641 1427 dubio
1656 1366 1766 1428 solve-

118 1477 202 1539 pore
225 1461 363 1533 donare,
388 1462 543 1535 vendere,
560 1463 720 1540 obligare,
748 1464 790 1526 ad
815 1465 918 1526 alium
972 1463 1047 1523 rent
1060 1460 1101 1521 de
1123 1461 1264 1538 grangia
1279 1462 1436 1540 praedicta
1455 1462 1661 1537 vicesimam,
1676 1464 1705 1524 si
1724 1463 1767 1525 ad

118 1558 233 1621 locum
258 1559 453 1633 transferre,
482 1577 543 1622 seu
570 1562 815 1640 quomodolibet
835 1563 919 1624 6116-
972 1574 1090 1619 manus
1111 1575 1188 1620 suas
1210 1559 1360 1621 eamdam
1381 1561 1555 1636 grangiam
1573 1561 1765 1634 retinerent,

116 1671 213 1729 nare,
230 1656 285 1718 vel
299 1656 340 1718 ab
351 1657 424 1733 ipsa
443 1657 585 1719 ecclesia
599 1660 811 1737 sequestrare
826 1675 917 1735 prae·
973 1672 1012 1718 ao
1026 1657 1101 1717 ideo
1111 1656 1215 1719 tutius
1231 1658 1461 1719 existimantes
1473 1658 1667 1720 ntaamdem
1677 1658 1769 1721 vioe-

117 1755 249 1829 sumat3
264 1754 322 1816 sed
335 1758 553 1817 conservetur
563 1756 685 1818 ibidem
699 1759 740 1818 ad
756 1772 919 1820 exornan·
973 1755 1091 1814 simam
1103 1755 1210 1816 dictus
1222 1756 1383 1831 magister
1396 1756 1557 1828 exsolvat,
1575 1755 1768 1818 discretioni

117 1851 197 1914 dum
209 1852 325 1915 divina
331 1853 480 1926 servitia,
493 1854 698 1931 temporibus
711 1855 916 1933 opportunis.
972 1851 1038 1914 tuae
1053 1867 1113 1928 per
1121 1852 1310 1929 apostolica
1325 1852 1449 1929 scripta
1468 1854 1676 1925 mandamus,
1689 1869 1768 1930 qua·

118 1951 154 2012 Si
169 1951 248 2027 quis
263 1951 388 2023 autem,
405 1950 484 2013 huic
494 1954 617 2013 nostrae
629 1952 821 2015 inhibitioni
832 1969 919 2031 prae-
972 1951 1071 2011 tenus
1100 1963 1173 2010 eam
1201 1949 1346 2027 recipias
1376 1948 1418 2010 ab
1449 1949 1564 2011 eodem
1594 1949 1630 2010 16
1655 1951 1767 2013 Terrae

117 2049 303 2124 sumpserit
314 2049 493 2120 66666116,
509 2051 673 2112 666166116
688 2051 920 2113 excommuni·
974 2046 1104 2107 sancta
1119 2045 1303 2107 subsidium
1325 2046 1592 2118 convertendam,
1610 2046 1690 2109 licet
1710 2062 1768 2107 au·

116 2146 277 2219 cationis,
300 2147 334 2208 et
357 2146 592 2218 anathematis,
608 2164 644 2211 66
664 2149 796 2212 noverit
820 2149 920 2212 inuo-
972 2145 1039 2206 tem
1061 2143 1149 2204 idem
1174 2144 1334 2219 magister
1361 2143 1488 2205 nullum
1513 2144 1577 2205 bac
1600 2144 1643 2205 de
1664 2159 1768 2206 causa

117 2243 246 2316 datum,
263 2258 364 2323 quam
377 2258 420 2306 ex
434 2261 524 2309 6666
538 2246 573 2308 16
588 2246 737 2324 ejusdem
752 2246 920 2310 inhibitio·
972 2240 1126 2302 Videatur
1143 2240 1315 2302 vinculum
1335 2241 1530 2313 1110111ΐὶ180,
1551 2256 1626 2302 oum
1645 2255 1768 2302 800⁰ss-

116 2342 172 2404 nis
185 2343 456 2419 transgressores
479 2343 644 2422 quoslibet
656 2345 917 2423 promulgamus.
973 2337 1050 2399 dum
1064 2354 1115 2411 ea,
1127 2354 1201 2415 qnae
1216 2338 1389 2415 praemissa
1401 2339 1480 2399 sunt
1494 2337 1586 2399 nulla
1600 2338 1636 2399 in
1651 2353 1690 2399 eo
1701 2352 1770 2399 ma·

117 2439 240 2503 Datum
256 2441 425 2514 Laterani,
446 2444 507 2504 VII
528 2441 689 2506 kalendas
715 2443 917 2518 novembris,
973 2436 1047 2498 litia
1062 2435 1228 2498 fueritvel
1242 2436 1459 2512 contemptus,
1476 2436 1506 2497 si
1524 2437 1635 2499 tamen
1650 2436 1769 2498 volue-

118 2536 336 2615 pontidcatus
351 2537 457 2599 nostri
473 2553 561 2599 anno
572 2540 677 2601 sexto.
973 2533 1028 2607 rit,
1044 2533 1145 2595 iidem
1165 2533 1363 2595 auctoritate
1383 2534 1498 2596 nostra
1517 2532 1689 2611 impendas
1703 2531 1768 2594 ab·

876 2671 917 2733 ad
974 2632 1140 2693 solutione
1165 2630 1362 2692 beneficium
1386 2630 1428 2691 ad
1450 2631 1624 2692 cautelam.
1650 2630 1769 2691 Datum

155 2673 203 2731 1²²
242 2673 402 2732 eumdem
428 2674 568 2732 mmm
594 2673 764 2746 mptum
796 2673 848 2735 m
973 2730 1141 2803 Laterani,
1158 2731 1201 2791 Vl
1217 2728 1285 2790 kal.
1302 2728 1493 2791 novembris
1508 2745 1596 2791 6666
1614 2729 1720 2791 sexto.

118 2766 328 2845 Stephanum
345 2767 497 2830 abbatem
512 2769 546 2830 et
561 2770 760 2831 conventum
783 2786 920 2831 monas-

116 2865 196 2926 terii
216 2864 438 2927 cassinensis.
465 2863 624 2946 (dattula,
640 2868 800 2931 antona
814 2870 919 2930 6116-

118 2962 179 3024 tioe
200 2961 559 3045 cosrbwnsts,11,11.)
962 3038 964 3043 .
1305 2980 1437 3068 XXffl

1081 3133 1133 3196 Aa
1152 3133 1437 3194 camaracensem
1450 3133 1657 3206 apocopum.

463 3259 575 3347 XXII
1233 3261 1507 3321 transmissi.

149 3411 205 3472 Aa
218 3408 378 3472 abbatem
395 3412 515 3472 Sancti
527 3413 644 3473 Jacobs
657 3413 699 3472 de
713 3413 883 3481 pruvino,
1020 3385 1141 3451 [liegest.,
1151 3384 1196 3437 lib.
1207 3385 1250 3444 Vl,
1263 3400 1304 3451 66.
1318 3385 1357 3436 11.
1371 3386 1430 3437 llss.
1443 3387 1480 3438 La
1491 3387 1566 3438 Porta
1578 3387 1613 3437 dn
1626 3384 1721 3452 11611]

326 3509 534 3570 sarzanensis
548 3511 714 3571 dioecesis,
973 3502 1089 3561 Mandat
1107 3509 1138 3560 ut
1155 3504 1230 3560 circa
1250 3502 1370 3560 clericos
1391 3502 1420 3559 in
1439 3500 1598 3560 minoribus
1622 3499 1768 3559 ordinibus

540 3647 546 3659 ,
1008 3590 1186 3659 constitutos,
1205 3591 1253 3663 qui
1270 3591 1463 3649 ecclesiastica
1477 3590 1615 3649 16661616
1636 3590 1768 3648 6111666·

390 3646 425 3704 ²⁷
439 3645 563 3704 ⁰⁰¹⁰bf¹⁸
578 3647 657 3708 ¹²²¹·
1009 3686 1074 3736 runt
1097 3686 1126 3737 et
1149 3680 1329 3738 matrimonia
1357 3686 1569 3749 contraxerunt,
1580 3686 1685 3737 statuat
1699 3677 1769 3753 quid

150 3769 275 3835 raam,
285 3769 331 3821 un
343 3769 386 3833 u,
400 3768 476 3835 epist.
487 3769 527 3821 ss.
543 3771 600 3821 uss.
614 3771 736 3822 senous
747 3769 782 3821 au
794 3770 888 3838 runi]
1008 3766 1166 3826 66666666
1181 3771 1271 3827 neum
1286 3755 1388 3825 doerit
1402 3768 1595 3827 surdaonum.

120 3885 286 3943 1111616161
301 3884 493 3944 6166616166
508 3886 655 3959 impendat
668 3886 855 3945 absolutionis
867 3886 917 3945 16
1014 3874 1192 3965 Honorius,
1209 3894 1284 3965 eto„
1299 3893 1483 3955 venerabili
1498 3892 1633 3954 fratri...
1649 3894 1769 3953 (16166-

154 3972 293 4031 neflcium
318 3974 457 4047 magistro
478 3973 636 4048 Stephano,
657 3990 695 4032 ne
716 3973 787 4032 sorte
806 3976 920 4033 6166616
974 4006 1086 4053 moen,
1105 3991 1438 4068 ep5300p0‚331ut0m,
1455 3991 1518 4052 etc,

152 4063 192 4118 sit
204 4059 359 4119 innodatus
371 4077 423 4136 pro
437 4062 574 4120 vicesima
590 4078 647 4120 non
662 4063 762 4122 soluta.
1013 4089 1061 4150 Ad
1086 4090 1233 4151 nostram
1257 4090 1391 4150 noveris
1414 4088 1619 4150 audientiam
1646 4103 1769 4165 pem,

158 4186 342 4260 Honorius,
360 4188 435 4261 616,
452 4188 573 4251 dilecto
588 4188 657 4251 dlio
679 4188 792 4251 abbati
807 4188 920 4252 Sancti
974 4187 1076 4258 nisse,
1094 4186 1329 4264 quodquidam
1351 4186 1465 4248 clerici
1479 4187 1545 4248 tuae
1565 4185 1718 4247 dioecesis
1734 4185 1768 4246 in

120 4284 238 4346 Jacobi
253 4284 295 4345 de
307 4285 455 4347 Provino
475 4287 640 4347 senonen.
663 4286 826 4348 dioecesis.
973 4282 1158 4345 minoribus
1170 4283 1341 4345 ordinibus
1352 4281 1769 4356 constituti,aoclesiastica

159 4381 324 4458 Magister
337 4382 525 4459 Stephanus
540 4384 580 4445 de
589 4384 737 4446 Provino
752 4400 813 4446 sua
825 4383 919 4447 nobis
972 4380 1135 4443 beneficia
1145 4380 1331 4444 obtinentes
1344 4397 1363 4442 a
1377 4381 1490 4443 multis
1500 4381 1675 4443 retroactis
1689 4380 1769 4442 tem·

121 4479 283 4555 661111666
306 4481 514 4552 monstravit,
541 4481 627 4558 quod
653 4497 728 4542 oum
750 4483 845 4544 extra
865 4498 922 4544 re-
973 4477 1110 4555 poribus
1122 4479 1334 4540 matrimonia
1355 4478 1603 4549 contraxerunt,
1619 4494 1679 4555 pro
1699 4492 1768 4539 snae

120 4592 223 4651 gnum
235 4577 386 4638 11666166
399 4577 501 4639 studii
515 4594 617 4639 causa
632 4578 829 4651 consistens,
847 4596 921 4656 pro·
973 4574 1113 4637 arbitrio
1134 4576 1314 4637 voluntatis
1329 4575 1547 4636 nihilominus
1566 4576 1601 4636 in
1619 4578 1691 4653 jam
1706 4572 1768 4636 ob·

121 4674 271 4735 curatori
286 4689 346 4735 suo
357 4674 560 4751 injunxisset
573 4691 744 4753 expresse,
757 4677 794 4738 ut
804 4676 920 4739 vicesi·
973 4674 1074 4736 tentis
1087 4672 1259 4735 1666116116
1274 4673 1516 4735 ministrantes.
1529 4674 1599 4758 Nos
1614 4673 1717 4748 igitur
1728 4672 1770 4733 de

121 4786 208 4831 mam
220 4771 441 4848 proventuum
452 4772 780 4848 ejussingulisannis
791 4774 919 4850 integre
973 4771 1174 4833 discretione
1184 4774 1240 4833 tua
1251 4772 1405 4846 gerentes
1417 4770 1572 4831 fiduciam
1585 4769 1769 4847 pleniorem

121 4867 283 4941 solveret,
304 4868 485 4930 secundum
513 4871 672 4933 statutum
695 4870 834 4933 concilii
860 4887 920 4948 ge-
973 4869 1141 4944 negotium
1164 4868 1272 4945 ipsum
1291 4868 1364 4936 tibi,
1381 4867 1437 4945 qui
1452 4882 1527 4929 cum
1549 4883 1663 4929 eorum
1685 4866 1770 4927 (116-

123 4966 260 5037 neralis,
274 4965 362 5027 idam
371 4968 568 5043 procurator
578 4971 797 5045 proventuum
811 4971 920 5046 cujus-
973 4981 1115 5027 cosanus
1130 4966 1268 5037 existas,
1277 4966 1317 5027 de
1327 4965 1411 5042 ipso,
1424 4966 1458 5027 et
1469 4968 1542 5042 ejus
1554 4964 1769 5026 circumstan-

121 5060 196 5123 dam
214 5062 378 5139 grangia,
402 5079 552 5140 quam...
573 5063 675 5125 61166
690 5067 724 5127 61
737 5067 918 5127 conventus
972 5063 1029 5126 tiis
1049 5063 1217 5124 universis
1240 5063 1326 5124 scire
1347 5063 1471 5139 poteris
1493 5062 1624 5140 6166166
1638 5060 1767 5122 verita-

121 5156 161 5220 de
180 5158 322 5221 Britolio
343 5159 432 5222 dicto
453 5160 612 5236 magistro
633 5162 669 5222 in
685 5161 755 5224 vita
777 5178 839 5223 sua
860 5161 919 5224 de-
972 5162 1050 5228 tem‚
1075 5160 1231 5222 duximus
1262 5159 1544 5231 committendum,
1565 5155 1767 5220 fraternitati

121 5254 252 5329 derunt,
273 5256 467 5317 vicesimam
487 5272 555 5318 non
579 5259 750 5335 persolvit,
762 5274 918 5322 asserens
971 5259 1038 5319 tuae
1051 5272 1111 5334 per
1121 5257 1312 5333 apostolica
1330 5257 1452 5333 scripta
1468 5255 1675 5325 mandantes,
1690 5269 1770 5331 qua·

120 5368 157 5414 66
172 5370 273 5431 super
285 5354 349 5415 boo
361 5355 452 5415 viros
464 5355 673 5417 consuluisse
685 5357 822 5433 peritos,
835 5357 917 5419 etab
972 5356 1068 5417 tenus
1089 5370 1190 5431 super
1213 5353 1267 5415 bis
1287 5355 1485 5417 auctoritate
1506 5352 1620 5414 nostra
1640 5352 1768 5414 statuas

121 5450 171 5511 616
189 5450 252 5512 6111
274 5449 379 5512 161666
398 5466 608 5528 responsum,
624 5453 797 5530 quodcum
812 5453 918 5515 laicus
972 5441 1061 5512 circa
1076 5451 1167 5528 ipsos
1183 5451 1269 5529 quod
1286 5451 1465 5513 secundnm
1483 5452 1587 5510 Deum
1601 5450 1644 5512 ad
1659 5450 1769 5511 bono·

120 5548 233 5610 166666
248 5548 363 5626 666661
378 5548 552 5625 grangiam
563 5548 798 5627 supradictam,
814 5551 847 5612 et
860 5550 919 5612 ali·
971 5564 1041 5610 rem
1057 5548 1214 5610 Ecclesiae
1235 5548 1359 5611 videris
1385 5545 1607 5619 statuendum,
1633 5548 1768 5609 contra-

122 5644 252 5721 quando
271 5645 375 5708 etiam
394 5645 567 5723 tenuisset,
582 5645 740 5725 praefatus
759 5647 918 5724 magister
972 5646 1114 5709 dictores
1133 5662 1193 5724 per
1220 5659 1396 5708 censuram
1414 5643 1677 5708 ecelesiasticam
1706 5659 1768 5721 ap-
