4014 6224
133 368 173 431 en
402 366 414 391 ²
763 366 994 431 EPIS'POLAE.
1016 369 1095 431 nm.
1117 367 1173 432 vi.
1747 366 1787 435 86

137 526 254 591 dumus
277 526 405 591 littaris
423 527 460 589 in
484 523 652 589 mendam
674 527 711 589 ut
733 526 763 587 si
788 541 850 590 vos
871 526 938 589 ali-

138 623 304 703 quamde
335 626 460 687 caetero
486 638 611 686 vexare
638 624 935 703 presumpseritis‚

138 719 321 783 mensione
331 718 582 783 consuetudinis
591 720 793 792 memoratae,
803 719 867 797 ipsi
877 735 937 783 ros

138 817 434 895 nproesumptione
444 816 645 893 huiusmodi,
658 817 841 879 monitione
850 833 938 894 prm-

138 914 257 985 miasa,
272 928 524 991 percensuram
538 914 811 987 ecuouamcam,
828 915 938 992 eppei·

138 1011 268 1077 latione
291 1012 431 1085 mmota,
456 1011 590 1087 cognita
614 1012 765 1084 remmio,
786 1027 938 1090 compes·

139 1109 233 1172 cant.
255 1108 376 1172 ilatum
400 1108 572 1177 Laterani,
590 1108 754 1179 kalendas
775 1107 938 1173 februarii

139 1220 235 1269 anuo
248 1206 356 1271 sexto.

498 1391 585 1478 CIV

138 1543 197 1603 Ad
218 1544 261 1603 Ι).
281 1543 562 1607 archidiaconum
587 1542 815 1614 Lemouicum,
837 1542 939 1619 prlo-

181 1653 263 1701 rcm
277 1642 318 1701 dc
336 1639 423 1702 Attis
442 1641 587 1703 Vollious
605 1637 640 1700 et
658 1640 693 1700 S.
708 1640 814 1701 Sidou
831 1653 938 1701 cauo-

182 1740 304 1801 ntcum
317 1739 353 1799 8.
367 1738 523 1801 duuiani.

413 1866 427 1925 i
441 1864 577 1925 februarii
589 1867 669 1929 ltin.

173 1984 486 2052 temnentem
496 1985 619 2039 seems.
631 1983 800 2041 aaronem
812 1982 908 2050 nunu]
925 2054 934 2071 ι

138 2110 263 2170 laudat
271 2117 303 2170 ut
312 2110 463 2169 ecclesiam
475 2111 628 2168 illumian.
640 2108 676 2168 de
688 2110 819 2184 personis
828 2108 940 2168 idoneis

393 2198 528 2257 ordlume
547 2199 690 2257 sudeam.

181 2324 365 2401 Honorius,
391 2324 469 2399 etc,
496 2323 627 2387 dilectis
652 2323 732 2388 filiis
757 2325 795 2389 D.
821 2323 939 2387 archi·

141 2422 288 2486 diacono
303 2421 537 2484 Lemovicen...
553 2422 659 2500 priori
674 2422 714 2485 de
733 2422 820 2486 Altis
831 2422 940 2485 Valli-

140 2519 219 2592 bus,
243 2520 276 2582 et
298 2522 331 2581 S.
353 2520 454 2581 Sillar
477 2519 638 2582 canonico
665 2520 779 2583 Sancti
802 2519 939 2583 duuiani

143 2617 357 2679 lemovicen.
372 2615 536 2678 dioecesis.

185 2713 938 2792 AcanouicoDauraten.eeclesiaeaccepimus

141 2811 279 2884 intime,
309 2811 347 2873 ut
374 2827 475 2889 quum
511 2811 651 2888 septem,
675 2811 730 2873 vel
759 2812 872 2889 plures
898 2826 942 2873 ex

143 2908 321 2973 canonicis
341 2907 490 2986 ejusdem
510 2907 662 2971 ecclesiae
680 2908 721 2970 de
748 2908 856 2970 medio
874 2908 942 2972 sint

142 3004 281 3078 sublati,
303 3005 381 3067 licet
400 3004 510 3082 ipsius
534 3004 686 3067 ecelesiae
703 3004 852 3068 redditus
873 3020 940 3067 non

143 3102 272 3165 sintin
298 3101 410 3179 aliquo
436 3101 601 3175 diminuti,
625 3101 807 3180 capitulum
828 3104 941 3165 tamen

142 3198 297 3277 ejusdem
311 3190 463 3261 ecclesiae
476 3198 582 3276 ipsam
598 3214 665 3261 non
678 3200 797 3261 currant
810 3199 851 3261 de
863 3215 941 3276 per-

143 3296 240 3359 sonis
267 3294 398 3357 idoneis
421 3295 589 3369 ordinare,
616 3295 766 3359 redditus
789 3296 882 3374 ipsos
904 3297 941 3358 in

143 3409 229 3456 usus
254 3392 408 3472 proprios
430 3392 666 3465 convertendo,
696 3394 832 3472 propter
855 3394 940 3472 quod

143 3490 237 3555 dicta
250 3490 405 3563 ecclesia,
420 3490 457 3553 in
477 3506 541 3568 qua
553 3489 660 3553 divini
674 3490 819 3555 nominis
833 3492 940 3554 cultus

144 3588 311 3651 hactenus
320 3587 476 3651 floruisse
485 3587 702 3665 dignoscitur,
714 3588 834 3651 debitis
844 3588 942 3651 obse-

144 3685 237 3763 quiis
266 3683 494 3747 defraudatur.
529 3685 614 3761 Quia
647 3685 749 3762 igitur
780 3686 941 3749 instantia

143 3784 263 3847 nostra
278 3782 471 3860 quotidiana
489 3782 541 3845 est
557 3782 775 3849 ecclesiarum
794 3785 940 3846 omnium

144 3878 337 3947 sollicitudo
357 3878 526 3954 conduua,
542 3879 739 3943 discretioni
749 3882 870 3944 vestrae
882 3897 942 3959 per

142 3976 338 4053 apostolica
370 3975 495 4054 scripta
535 3977 747 4051 mandamus,
779 3980 941 4057 quatenus

142 4073 370 4159 personaliter
381 4073 575 4137 accedentes
588 4074 629 4139 ad
644 4074 754 4141 locum
768 4076 803 4141 et
814 4076 942 4138 haben-

142 4171 197 4241 tes
211 4186 282 4249 prae
294 4170 400 4233 oculis
413 4171 520 4233 solum
529 4174 646 4245 Deum,
660 4172 691 4234 si
705 4173 891 4237 constiterit
901 4174 941 4236 de

139 4266 345 4346 praemissis,
371 4266 493 4335 dictmn
518 4267 694 4333 ecclesiam
717 4268 878 4331 studeatis
900 4270 941 4333 de

144 4364 301 4443 personis
327 4363 457 4426 idoneis
483 4365 651 4439 ordinare,
680 4366 941 4430 contradictores

143 4476 206 4539 per
223 4476 402 4525 censuram
419 4461 692 4535 ecclesiasticam,
717 4463 941 4543 appellatione

143 4558 342 4641 postposita,
365 4559 623 4636 compescentes.
638 4560 730 4635 Quod
746 4560 775 4622 si
790 4576 856 4623 uon
869 4577 942 4623 om·

142 4671 217 4728 nes,
232 4657 295 4718 etc.
313 4657 434 4718 Datum
448 4656 616 4729 hannani,
632 4656 794 4719 kalendas
805 4656 942 4723 februa·

141 4752 199 4827 rii,
214 4751 432 4835 pontificatus
450 4753 557 4817 nostri
573 4768 662 4818 anno
683 4755 790 4817 sexto.

513 4966 578 5055 GV

180 5110 233 5169 Ad
247 5108 403 5170 montem
419 5108 454 5171 et
467 5108 673 5172 conveniam
686 5112 722 5172 8.
735 5112 899 5187 Moolortt

428 5209 654 5268 Pomsicnsts.

408 5335 425 5394 3
440 5334 575 5394 februarii
592 5337 670 5397 lina.

215 5449 286 5513 [ma.
301 5450 389 5510 latins,
399 5450 475 5501 fonds
487 5452 596 5512 umen,
612 5456 674 5503 tom.
688 5451 743 5514 lto,
755 5467 781 5517 p.
797 5453 864 5519 lou]

258 5557 308 5614 Eis
321 5555 449 5617 decimas
462 5557 498 5615 de
513 5557 663 5617 novalibus
675 5559 819 5618 concedit.

180 5673 542 5754 Honoriusepiscopus,
552 5691 669 5739 servus
677 5691 849 5740 servorum
859 5678 931 5753 Dei,

991 526 1122 590 dilectis
1148 526 1232 590 tiliis
1262 524 1373 591 abbati
1405 527 1441 592 ei
1467 527 1646 593 camerini
1671 526 1787 593 emoti

990 624 1146 701 Maglorti
1156 625 1558 700 prestantissimae
1567 626 1785 705 apostolicam

990 720 1265 785 benedictionem.

1031 821 1160 891 Quanto
1171 819 1334 881 sincerius
1346 821 1420 883 loca
1431 821 1590 899 religiosa
1601 821 1784 898 diligimus,

990 917 1083 979 tanto
1095 916 1252 979 libentius
1267 933 1367 995 super
1380 918 1433 980 his
1453 936 1527 997 qua
1540 920 1689 996 ipsorum
1700 935 1785 997 pro-

991 1013 1112 1076 rectum
1130 1015 1327 1091 respiciunt,
1353 1015 1501 1077 savorem
1527 1017 1576 1079 eis
1597 1016 1788 1079 benivolum

990 1111 1208 1188 impertimur.
1224 1114 1273 1173 Ex
1288 1112 1400 1174 vestra
1415 1128 1495 1175 sane
1507 1113 1601 1191 parte
1612 1113 1676 1176 tuit
1689 1114 1787 1176 nohis

990 1207 1162 1270 humiliter
1175 1209 1408 1286 supplicatum,
1427 1210 1464 1275 ut
1477 1226 1577 1287 quum
1594 1194 1692 1287 longe
1706 1211 1785 1274 ante

992 1305 1175 1367 Concilium
1190 1306 1346 1382 generale
1361 1307 1406 1366 sit
1417 1306 1512 1369 vobis
1529 1305 1694 1368 indultum
1708 1322 1788 1385 pere

991 1402 1102 1480 cipere
1112 1402 1258 1464 decimas
1268 1403 1309 1464 de
1318 1402 1490 1464 laboribus
1501 1403 1665 1466 terrarum
1676 1404 1786 1467 eccle-

992 1499 1117 1560 siarum
1130 1515 1203 1577 quae
1218 1499 1350 1561 ratione
1358 1500 1447 1577 iuris
1461 1501 1656 1577 patronatus
1671 1499 1787 1562 advos

993 1596 1143 1674 spectare
1157 1598 1351 1670 noscuntur,
1373 1597 1547 1674 indmgere
1566 1597 1663 1659 vohis
1679 1597 1787 1659 mine-

992 1690 1169 1753 ricorditer
1195 1692 1424 1767 dignaremur,
1453 1695 1492 1756 ut
1515 1691 1557 1754 de
1585 1691 1687 1754 terris
1713 1707 1788 1770 quae

991 1788 1080 1851 inira
1094 1789 1272 1866 parochias
1290 1789 1507 1855 ecclesiarum
1525 1790 1673 1871 ipsarum
1690 1789 1787 1853 redi-

992 1886 1116 1963 guntur
1128 1886 1259 1950 noviter
1273 1886 1314 1951 ad
1327 1887 1491 1953 culturam
1503 1886 1671 1950 haberetis
1683 1886 1727 1951 de
1739 1887 1790 1949 iu·

993 1982 1163 2061 dulgentia
1177 1984 1291 2049 nostra
1313 1983 1469 2062 exigendi
1483 1983 1631 2049 deciums
1642 1984 1787 2050 faculta-
1872 2050 1880 2059 ,

992 2080 1068 2145 tem.
1085 2082 1155 2148 Nos
1174 2097 1254 2159 ergo
1268 2082 1389 2147 vestris
1399 2081 1500 2159 justis
1514 2081 1669 2161 precibus
1684 2082 1788 2146 inoli-

993 2179 1076 2252 uati,
1093 2179 1307 2256 praesentium
1326 2178 1421 2243 vohis
1442 2179 1640 2243 auctoritate
1663 2193 1788 2243 conce-

994 2276 1102 2340 dimus
1117 2277 1153 2340 ut
1171 2276 1259 2341 inira
1279 2276 1445 2341 terrarum
1466 2277 1615 2354 ipsarum
1630 2276 1790 2341 terminos

994 2374 1034 2436 de
1062 2373 1238 2439 novalibus
1265 2374 1438 2453 percipere
1460 2374 1609 2437 decimas
1634 2374 1788 2437 rametis.

993 2471 1086 2537 Nulli
1109 2487 1189 2547 ergo
1213 2472 1348 2536 omnino
1375 2471 1547 2535 hominum
1573 2470 1676 2537 liceat
1699 2470 1788 2535 hano

993 2570 1149 2653 paginam
1160 2569 1284 2633 nostra
1293 2569 1520 2632 concessionis
1531 2567 1789 2646 infringereve

994 2668 1028 2731 ei
1047 2683 1133 2733 ausu
1146 2667 1324 2731 temerario
1339 2667 1518 2731 contraire.
1535 2668 1570 2729 Si
1588 2667 1662 2746 quis
1676 2667 1788 2731 autem

995 2764 1058 2831 hoc
1072 2765 1237 2829 attentare
1250 2764 1510 2843 praesumpserit,
1523 2764 1790 2840 indignationem

995 2861 1301 2940 omnipotennsoei
1312 2863 1345 2925 et
1354 2860 1527 2927 beatorum
1539 2861 1630 2925 Petri
1645 2862 1678 2924 et
1692 2859 1791 2925 Pauli

995 2959 1221 3038 apostolorum
1249 2961 1322 3036 ejus
1346 2974 1382 3020 se
1410 2960 1542 3022 noverit
1562 2959 1788 3023 incursurum.

994 3058 1113 3121 Datum
1127 3054 1296 3129 Laterani,
1311 3057 1358 3119 111
1371 3070 1479 3120 nonas
1490 3054 1661 3131 februarii,
1677 3055 1791 3134 ponti·

995 3152 1114 3219 dectus
1126 3151 1232 3217 nostri
1246 3167 1336 3219 anno
1350 3152 1457 3219 sexto.

1350 3493 1437 3583 cvl

1065 3638 1118 3701 Ad
1138 3639 1435 3713 archepiscopum
1453 3639 1721 3705 Biturtccnsem.

1260 3766 1278 3824 i
1292 3765 1427 3824 februarii
1442 3767 1524 3826 im.

1037 3888 1156 3955 megene,
1167 3889 1214 3941 lib.
1226 3890 1269 3950 Vi,
1282 3904 1322 3955 ep.
1333 3891 1389 3941 alu.
1402 3892 1460 3943 idas.
1470 3892 1507 3942 La
1516 3892 1593 3942 Porta
1602 3891 1638 3942 du
1650 3891 1746 3959 mett]

1030 4008 1064 4065 In
1083 4007 1205 4067 ecclesia
1220 4006 1256 4065 de
1272 4007 1435 4069 Chuumunt
1452 4008 1617 4067 instituendi
1635 4008 1756 4069 clericos

1157 4097 1310 4155 seculares
1324 4096 1469 4155 licentiam
1482 4096 1624 4157 mucedit.

1034 4220 1215 4297 Honorius,
1236 4224 1313 4295 etc,
1338 4223 1525 4286 venerabili
1550 4223 1647 4287 fratri
1674 4224 1788 4287 nostro

995 4318 1245 4411 arcniepiscopo
1264 4319 1458 4395 Bituricam,
1473 4321 1673 4400 apostolice
1693 4321 1789 4385 Sedis

995 4414 1115 4493 legato.

1034 4513 1133 4575 Lecta
1153 4512 1248 4577 uobis
1266 4514 1323 4576 tue
1347 4514 1463 4592 petitio
1482 4514 1683 4589 continebat,
1700 4516 1786 4595 quod

994 4607 1030 4669 in
1044 4608 1186 4671 ecclesia
1201 4609 1242 4671 de
1256 4610 1454 4684 Chaumunt,
1465 4613 1528 4673 tuae
1543 4612 1696 4674 dioecesis
1710 4611 1790 4674 sunt

995 4707 1146 4769 canonici
1159 4708 1269 4784 pauci,
1285 4709 1319 4771 et
1332 4723 1508 4786 pauperes,
1520 4710 1576 4787 qui
1590 4710 1670 4775 licet
1683 4726 1719 4771 se
1732 4724 1790 4771 re-

994 4803 1128 4879 gulares
1143 4804 1320 4882 appellent,
1335 4805 1420 4868 nulli
1430 4808 1540 4869 tamen
1554 4806 1653 4869 certoe
1663 4807 1788 4884 regula

994 4901 1071 4962 sunt
1095 4900 1256 4974 adstricti,
1281 4918 1342 4981 per
1360 4919 1501 4983 quorum
1527 4903 1688 4967 deiectum
1713 4903 1788 4980 ipsa

902 4984 907 4993 ‘
993 4997 1136 5060 ecclesia
1160 4998 1308 5061 desolata
1330 5003 1381 5062 est
1402 5001 1498 5079 quasi
1523 5001 1667 5080 penitus,
1694 5000 1788 5064 etde

993 5093 1047 5156 die
1057 5094 1092 5156 in
1103 5094 1191 5156 diem
1200 5095 1341 5173 amplius
1351 5096 1529 5171 desolatur,
1537 5113 1639 5176 quare
1647 5097 1784 5174 petiisti,

993 5192 1029 5253 ut
1042 5191 1238 5253 instituendi
1252 5194 1288 5255 in
1308 5209 1348 5256 ea
1367 5194 1507 5257 clericos
1522 5193 1710 5266 saeculares,
1727 5209 1788 5273 per

993 5304 1074 5366 quos
1084 5291 1279 5368 recuperari
1289 5291 1423 5354 valeant
1432 5290 1518 5353 bona
1531 5294 1601 5368 ejus
1611 5306 1631 5352 a
1643 5291 1786 5355 diversis

992 5386 1135 5460 clericis,
1161 5389 1193 5449 et
1218 5387 1314 5450 laicis
1338 5388 1508 5465 occupata,
1530 5386 1698 5449 licentiam
1724 5388 1786 5452 tihi

992 5485 1173 5546 concedere
1188 5485 1413 5561 dignaremur.
1430 5486 1499 5546 Nos
1512 5485 1617 5561 igitur
1630 5489 1788 5563 gerentes

991 5580 1032 5643 de
1044 5583 1101 5643 tua
1114 5582 1253 5644 caritate
1265 5581 1419 5644 fiduciam
1433 5583 1624 5661 specialem,
1636 5600 1787 5662 prasen-

990 5679 1074 5742 tium
1096 5678 1158 5742 tihi
1182 5678 1379 5743 auctoritate
1404 5681 1630 5757 concedimus,
1647 5684 1684 5746 ut
1701 5697 1784 5761 pro·
