3930 6206
238 306 299 366 ovs
857 299 1033 361 nononu
1054 301 1099 361 111
1121 300 1270 363 orans.
1790 310 1833 369 ci
1927 338 1928 389 r

1394 468 1578 555 ocuuiv

240 463 419 527 sedendum
446 460 649 539 providimus
680 459 799 522 litteris
832 459 984 521 omuibus
1014 476 1034 520 a

240 560 406 638 praedictis
430 557 509 619 hinc
533 557 610 618 inde
633 555 787 628 obtentis,
818 557 1034 619 decernentes
1774 610 1783 633 f

239 657 405 719 invalidas
419 655 578 717 etinanes
594 669 666 715 esse
680 653 819 725 litteras,
833 670 915 731 quas
930 669 1034 732 usque
1090 618 1576 681 Adabbalemet⁰⁰⁷we²²tum
1589 622 1836 694 Aqumndeme&
1927 652 1928 713 3

240 755 282 816 ad
322 753 515 831 praedictum
548 752 726 814 terminum
765 751 807 812 ab
844 751 1034 828 apostolica
1378 750 1592 824 idiuniiffli.

241 852 325 915 Sede
349 850 527 926 contigerit
550 865 609 925 per
630 864 871 926 quamcumque
889 849 1034 925 partium
1088 872 1184 938 [pm
1195 872 1304 933 pm,
1318 874 1374 925 m
1388 874 1475 931 pum,
1488 870 1711 939 mmm&
1724 874 1839 943 Bm]
1927 862 1928 865 ¹

240 948 397 1011 obtineri.
425 947 516 1020 Quod
546 947 576 1006 si
601 960 666 1007 non
690 961 816 1017 omues
835 946 910 1018 etc,
925 948 962 1007 tu
977 961 1031 1017 ea,
1927 944 1928 955 ¹

238 1046 343 1108 irater
363 1045 622 1122 archiepiscope,
646 1046 708 1105 etc.
732 1045 849 1104 Datum
865 1043 1031 1116 Laterani,

239 1147 298 1205 XV
313 1142 472 1205 liniendas
484 1142 574 1219 julii,
591 1154 679 1202 auno
693 1142 820 1202 octavo.

1088 998 1199 1057 inhibet
1220 1014 1256 1055 ne
1280 999 1430 1071 quisquam
1453 997 1590 1067 decimas,
1613 997 1648 1055 ad
1670 1002 1841 1058 monasterium
1927 1008 1928 1015 ’

1123 1087 1343 1159 aquicinctensis
1358 1088 1544 1159 pertinentes,
1556 1088 1618 1143 siue
1633 1101 1742 1145 amsusu
1754 1088 1841 1145 abbatis

1122 1176 1250 1248 recipere
1265 1177 1309 1233 vei
1323 1174 1463 1233 redimere
1478 1180 1641 1248 presumat.

1128 1310 1305 1384 Honorius,
1329 1312 1405 1379 etc,
1426 1310 1556 1373 dilectis
1577 1310 1691 1372 tiliis...
1712 1310 1844 1372 abbatiet

1088 1409 1267 1470 conventui
1279 1408 1558 1484 aquicinctensis,
1572 1408 1709 1470 salutem
1723 1410 1752 1469 et
1763 1412 1846 1485 llpos·
1927 1486 1928 1493 ἵ

1087 1505 1221 1567 tolicam
1237 1505 1511 1567 benedictionem.

1129 1603 1219 1664 Solet
1233 1618 1381 1663 annuere
1394 1601 1496 1662 Sedes
1510 1602 1699 1679 apostolica
1713 1602 1770 1679 piis
1779 1603 1845 1663 votis
1927 1670 1928 1673 Ἴ

1088 1701 1121 1761 et
1134 1700 1282 1761 honestis
1298 1698 1478 1775 petentium
1491 1699 1646 1776 precibus
1662 1699 1792 1760 favorem
1802 1698 1847 1758 be·
1927 1756 1928 1773 ,

1088 1797 1242 1858 nevolurn
1266 1798 1442 1873 impertiri.
1468 1799 1515 1857 iia
1538 1798 1685 1873 propter,
1707 1794 1804 1857 dilecti
1822 1796 1848 1855 in
1927 1812 1928 1883 v

1088 1895 1226 1955 Domino
1249 1895 1320 1963 tilii,
1342 1894 1467 1956 vestris
1483 1895 1583 1970 justis
1601 1892 1847 1971 postulationihus
1927 1890 1928 1957 i

1087 1993 1282 2064 annuentes,
1312 1991 1510 2054 auctoritate
1545 1992 1755 2067 praesentium
1780 1988 1850 2049 inbi-
1927 2044 1928 2075 ,

1086 2088 1212 2160 bemus,
1225 2091 1260 2152 ut
1274 2089 1419 2150 decimas
1431 2088 1473 2149 ad
1483 2092 1631 2151 vestrum
1644 2088 1848 2151 monasterium

1087 2188 1301 2265 pertinentes,
1318 2203 1391 2264 quae
1410 2201 1431 2246 a
1452 2182 1547 2247 laicis
1567 2186 1763 2256 detinentur,
1777 2185 1850 2261 quis·
1927 2240 1928 2249 ,

1087 2300 1184 2361 qnam
1205 2282 1246 2344 ab
1261 2284 1386 2345 eisdem
1407 2283 1503 2343 laicis
1523 2283 1595 2343 sine
1615 2282 1850 2344 assensuvestro
1927 2272 1928 2365 l

1086 2383 1235 2458 recipere
1248 2380 1301 2441 vel
1316 2365 1480 2442 redimere
1499 2396 1565 2441 non
1580 2381 1765 2458 praesumat.
1780 2377 1851 2440 Nulli
1926 2372 1928 2451 ζ

1087 2495 1165 2554 ergo
1181 2480 1316 2540 omnino
1330 2478 1501 2539 hominum
1514 2478 1616 2539 liceat
1628 2479 1714 2539 hanc
1726 2476 1850 2554 pagiuam
1927 2458 1928 2545 i

544 1426 732 1513 ccxiiii

360 1580 412 1640 Ad
427 1581 687 1654 Cercopicuscm
704 1580 909 1651 episcopum.

529 1709 564 1766 td
575 1708 649 1781 junii
665 1707 744 1767 tiit.

301 1833 430 1898 [Tbeinea
442 1832 533 1883 lietera
543 1833 610 1883 lion.
629 1830 805 1891 ilibsrnorum,
818 1828 858 1888 id,
874 1844 899 1879 u.
917 1828 971 1895 db]

257 1966 416 2041 Episcopus
437 1966 637 2038 corcagiensis
657 1965 786 2021 ecclesie
803 1963 973 2023 cassellensi
986 1964 1015 2023 iu

423 2055 668 2128 arehiepiscopum
685 2052 846 2127 praeficitur.

279 2182 446 2243 Honorius
457 2180 769 2257 episcopusservus
780 2178 1030 2251 servorumiiei,

238 2279 422 2342 venerabili
438 2278 533 2339 tratri
553 2278 708 2354 episcopo
725 2276 891 2355 quondam
906 2278 1031 2337 Cerca-

238 2376 346 2454 giensi
387 2376 423 2436 in
466 2373 753 2452 archiepiscopum
792 2373 1031 2435 cassellensem

238 2475 356 2545 electe,
373 2472 527 2539 salutern,
541 2473 603 2533 etc.

279 2574 360 2632 cum
376 2570 454 2631 olim
471 2569 590 2630 luisses
605 2569 648 2630 ad
665 2569 904 2630 cassellensem
920 2567 1031 2630 eccle-
1087 2577 1209 2637 nostra
1227 2575 1437 2637 inhibitionis
1458 2575 1657 2651 iniungere,
1677 2574 1729 2636 vel
1745 2575 1772 2635 ei
1788 2586 1853 2633 amn

239 2670 323 2732 siam
335 2667 530 2746 postulatus,
541 2683 601 2727 nos
612 2666 834 2745 postulatione
844 2666 1033 2743 hujusmodi
1086 2675 1264 2735 temerario
1277 2674 1453 2734 contraire,
1479 2674 1515 2733 si
1530 2674 1607 2749 quis
1623 2676 1733 2734 autem
1747 2672 1800 2731 noo
1811 2668 1852 2729 ai-
1927 2660 1928 2735 l

238 2782 306 2831 non
325 2765 482 2835 admissa,
503 2780 569 2826 non
593 2780 743 2841 personas
767 2766 834 2826 tuae
856 2763 950 2835 vitio,
974 2763 1031 2824 sed
1085 2772 1215 2834 tentare
1239 2771 1498 2848 praesumpserit,
1522 2770 1781 2846 indignationem
1800 2778 1856 2827 om-

239 2879 425 2942 processus,
451 2862 607 2925 dilectum
633 2862 738 2922 tilium
764 2862 959 2938 magistrum
987 2863 1031 2922 tt.
1086 2869 1265 2946 nipotentis
1288 2868 1347 2929 liei
1374 2867 1600 2930 caseatorum
1624 2860 1854 2929 participanti

240 2962 373 3024 Scotum
392 2962 433 3023 ad
451 2961 600 3037 regimen
621 2960 863 3038 assumpsimus
882 2959 1032 3021 eeclesias
1087 2966 1310 3043 apostolorum
1337 2969 1409 3042 ejus
1440 2981 1476 3026 se
1501 2966 1636 3027 noverit
1659 2967 1854 3027 incursuram.
1927 2978 1928 3025 t

238 3061 440 3131 memorate,
466 3060 522 3136 qni
552 3074 626 3118 cum
653 3058 740 3119 idem
766 3056 926 3134 regimen,
956 3057 1032 3118 dum
1087 3066 1205 3125 natum
1228 3062 1398 3134 ueterani,
1423 3064 1483 3125 vii
1507 3062 1575 3123 iai.
1596 3064 1690 3141 julii,
1713 3072 1855 3123 annom·
1927 3036 1928 3057 ¹

237 3157 386 3234 linguam
411 3157 510 3217 terrae
533 3156 625 3217 illius
648 3156 807 3231 ignorare
835 3171 871 3216 se
894 3154 1031 3226 diceret,
1086 3163 1175 3223 tavo.

240 3256 444 3332 spontaneus
468 3253 684 3329 resignasset,
705 3252 746 3312 de
767 3251 835 3314 alio
857 3251 952 3313 nobis
971 3250 1034 3314 suit

239 3352 281 3415 ad
305 3351 453 3413 eamdem
478 3350 654 3421 ecclesiam
682 3349 861 3427 postulatio
886 3364 1035 3427 praesen·
1405 3380 1569 3477 CCXLV

238 3452 318 3521 tata,
347 3464 421 3526 quae
447 3464 521 3508 curn
550 3449 728 3523 antequem
756 3447 798 3507 ad
821 3448 933 3523 partes
957 3446 1033 3508 illas

238 3547 311 3608 haec
323 3545 496 3623 pervenire
504 3544 683 3621 potuerint,
694 3546 893 3621 praesumpta
904 3543 1032 3616 fuisset,
1089 3546 1140 3603 nd
1153 3541 1354 3603 abbatemet
1367 3542 1574 3603 concentum
1589 3540 1860 3616 Acmmnetemes

239 3644 358 3707 merito
374 3659 446 3704 eam
467 3643 653 3719 sprevimus
672 3643 706 3704 et
726 3640 882 3701 duximus
900 3641 1034 3718 penitus
1377 3672 1411 3730 25
1422 3671 1496 3744 junii
1509 3672 1588 3730 1224·

239 3741 475 3819 repellendam.
506 3739 589 3812 Quia
613 3755 694 3800 vero
719 3738 941 3817 periculosum
962 3740 1035 3801 erat
1091 3797 1302 3861 [mmmm
1324 3797 1373 3847 ms
1393 3795 1472 3847 mans
1494 3802 1506 3846 t
1525 3796 1652 3849 cmlv
1669 3798 1720 3862 po
1741 3796 1793 3849 sibl
1807 3789 1861 3855 m]

239 3841 347 3902 eidem
362 3838 524 3909 ecclesiae,
545 3838 574 3898 si
591 3837 733 3915 pastoris
751 3837 902 3897 maneret
915 3836 1034 3897 solatio
1304 3835 1311 3856 '
1366 3834 1382 3849 ”
1473 3833 1515 3855 ''
1794 3833 1800 3844 ‘

239 3938 365 4000 diutius
389 3935 558 4007 destituta,
583 3937 627 4007 te,
654 3950 751 4012 quem
773 3935 838 4011 ipsi
862 3934 978 3995 utilem
1003 3936 1036 3995 et
1106 3924 1163 3980 5⁰³
1181 3920 1237 3979 ⁸⁸¹¹)
1248 3935 1300 3979 ⁸¹¹⁸
1315 3927 1344 3979 0⁸
1361 3920 1437 3979 bfflfi
1452 3923 1527 3979 P⁰⁸f¹
1543 3924 1724 3994 Ρῐῡῑθθῑῑθῠθ
1739 3917 1849 3993 miili&

239 4036 395 4097 idoneum
415 4033 653 4110 reputavimus,
674 4031 715 4092 de
736 4032 876 4092 consilio
896 4031 1035 4093 fratrum
1129 4057 1307 4129 Honorius,
1335 4052 1412 4128 etc„
1446 4055 1576 4118 dilectis
1603 4056 1686 4118 ffljis
1715 4054 1816 4117 ΗΜ
1837 4052 1863 4112 et

240 4130 441 4198 ¹¹⁰⁸ts⁰s¹¹¹¹¹⁹
460 4125 707 4202 praefifflfflldum
720 4125 752 4185 ⁰³
767 4140 811 4185 ⁰¹
824 4124 935 4186 ⁰ffl⁰i⁰
951 4141 1034 4185 ¹¹⁰S‘
1089 4154 1267 4215 conventui
1286 4153 1480 4214 monasterii
1494 4153 1776 4230 aquicinctensis,
1791 4150 1864 4213 sain·

239 4227 292 4288 tro
318 4222 521 4300 providimus
548 4221 589 4282 ad
615 4224 688 4298 ejus
712 4237 826 4283 curam
852 4223 885 4283 et
909 4221 1036 4282 sollici·
1088 4250 1727 4328 tem&Apo-spoliembenedictionem·

240 4321 388 4385 tudinem
400 4318 646 4380 assumendum.
659 4319 820 4390 Quocirca
834 4317 1035 4380 fraternitati
1130 4352 1271 4422 Quuma
1291 4347 1388 4409 nohis
1408 4346 1531 4425 petitu„
1546 4349 1633 4424 quod
1645 4351 1775 4425 justum
1787 4340 1866 4409 emt

241 4421 308 4482 mae
322 4433 382 4496 ΡΘΓ
395 4417 585 4525 ΑΡΟΒῘΟῙΨ
598 4416 723 4525 sefil'ta
736 4416 943 4525 mandamus,
958 4432 1037 4492 ‘1⁰³'
1090 4446 1277 4518 honestum,
1293 4446 1362 4508 tam
1376 4446 1473 4521 vigor
1486 4446 1667 4522 aequitatis,
1688 4462 1786 4523 quam
1801 4441 1864 4505 ordo

241 4519 339 4579 tenus
354 4515 395 4577 ad
416 4529 625 4575 carissimum
639 4530 674 4574 ru
690 4514 822 4575 Christo
837 4513 941 4574 illrum
957 4529 1036 4574 nos·
1089 4544 1195 4620 exigit
1211 4544 1363 4614 rationis,
1383 4545 1419 4604 ut
1436 4542 1468 4603 id
1486 4559 1545 4620 per
1561 4543 1816 4605 Sollicitudinem
1828 4536 1867 4600 os.

242 4614 330 4675 trum
346 4613 399 4682 ii,
415 4610 579 4671 illustrem
595 4624 706 4685 regem
726 4609 867 4685 angliae,
883 4624 943 4684 pro
963 4612 1035 4685 ejus

243 4724 384 4772 assensu
403 4723 477 4768 curn
498 4706 619 4769 litteris
634 4706 757 4767 nostris
776 4706 931 4785 accedas,
948 4722 1034 4767 ven-

242 4811 337 4869 turus
350 4805 391 4866 ad
403 4805 549 4866 nostram
563 4804 775 4880 praesentiam
787 4801 936 4879 pallium,
949 4803 1034 4879 quod

243 4907 293 4966 est
310 4901 527 4981 plenitudinis
547 4900 649 4961 cilicii
669 4899 869 4976 pontificalis
891 4900 1033 4976 insigne,

242 5018 315 5065 cum
333 5000 415 5062 illud
435 5015 485 5071 ea,
509 5014 582 5076 quae
602 4997 761 5064 decuerit,
784 4996 945 5058 instantia
963 5013 1037 5074 pos·

240 5099 423 5169 tulaveris,
457 5097 664 5171 recepturus.
707 5096 825 5155 Datum
859 5095 1034 5165 Laterani,

240 5199 301 5259 Xll
314 5194 475 5257 kalendas
486 5192 576 5270 iulii,
592 5191 803 5268 pontificatus
824 5191 930 5253 nostri
947 5207 1035 5253 anno

241 5297 370 5357 octavo.

280 5422 325 5479 Io
340 5418 498 5480 eumdem
512 5416 652 5475 niodum
676 5411 927 5489 archiepiscopo
949 5414 1036 5474 Cau·

239 5514 405 5577 tnarieusi
423 5514 457 5574 et
474 5512 547 5587 regi
567 5510 708 5585 angliae,
726 5513 762 5571 ut
776 5510 928 5572 eumdem
942 5512 1035 5572 elec-

243 5614 312 5672 tum
327 5611 567 5670 cassellensem
582 5607 760 5684 accipiant.
808 5680 813 5686 ι

1090 4641 1157 4702 dcii
1171 4640 1278 4702 nostri
1293 4640 1335 4701 ad
1346 4640 1491 4701 debitum
1505 4640 1711 4717 perducatur
1721 4641 1864 4701 effectum.
1927 4616 1928 4627 ¹

1090 4740 1136 4799 Ea
1151 4739 1296 4814 propter,
1318 4736 1432 4798 dilecti
1455 4737 1490 4797 in
1513 4738 1652 4798 Domino
1670 4738 1746 4809 ulii,
1766 4733 1869 4798 vestris

1085 4835 1187 4912 justis
1215 4833 1493 4911 postulationibus
1522 4834 1618 4910 grato
1646 4832 1868 4895 concurrentes
1927 4842 1928 4859 ¹

1090 4946 1240 5001 assensu,
1258 4944 1418 5006 personas
1433 4930 1564 4991 vestras
1584 4930 1619 4990 et
1631 4929 1757 5001 locum,
1774 4931 1805 4989 in
1819 4938 1869 5003 ono

1090 5027 1202 5088 divino
1221 5027 1348 5088 vacatis
1368 5025 1538 5103 obsequio,
1555 5041 1630 5087 cum
1649 5026 1806 5087 omuibus
1822 5021 1870 5082 bo-

1090 5122 1154 5193 nis,
1184 5139 1258 5199 quse
1283 5123 1319 5184 in
1349 5122 1603 5199 praesentiarum
1639 5121 1871 5185 rationabiliter

1090 5219 1277 5297 possidetis,
1292 5220 1390 5280 autin
1399 5218 1545 5281 futurum
1550 5219 1651 5296 justis
1664 5220 1786 5289 modis,
1800 5228 1871 5295 pra·
1927 5240 1928 5249 .

1090 5319 1199 5378 stante
1216 5318 1367 5388 Domino,
1384 5315 1536 5393 poteritis
1552 5316 1710 5392 adipisci,
1726 5316 1787 5377 sub
1800 5307 1872 5375 beati
1927 5316 1928 5319 ’

1090 5413 1181 5475 Petri
1194 5416 1226 5476 et
1236 5416 1351 5475 nostre
1363 5407 1567 5491 protectione
1580 5412 1796 5491 suscipimus.
1810 5413 1872 5485 sps
1927 5400 1928 5429 ³

1090 5510 1220 5573 cialiter
1243 5513 1354 5573 autem
1375 5513 1495 5583 terras,
1520 5509 1671 5572 redditus
1697 5512 1735 5572 et
1757 5518 1874 5588 posses·
1927 5540 1928 5579 1

1091 5608 1214 5681 sioneS,
1233 5625 1305 5686 quae
1328 5608 1450 5671 nobilis
1470 5607 1523 5670 vir
1546 5609 1653 5682 liugn,
1683 5607 1873 5670 castellanus
1927 5684 1928 5695 ἵ
