3930 6206
128 400 133 409 „
219 306 280 378 tta

223 477 332 539 manis
346 476 557 555 pontificibus
571 476 680 539 ordint
696 479 807 540 vestro
823 494 1012 553 concessas,

221 590 365 637 necnon
382 574 552 636 libertates
572 576 606 636 et
626 575 854 652 exemptiones
869 576 1013 639 secula-

220 673 308 734 rium
323 672 535 733 exactionum
555 686 575 731 a
589 670 724 747 regibus
745 674 778 734 et
792 673 1011 751 principibus,

220 771 274 833 vel
294 770 370 831 aliis
395 769 548 830 fidelibus
571 768 816 831 rationabiliter
839 771 933 832 vobis
959 771 1014 831 in·

220 869 340 940 dulus,
353 867 552 928 auctoritate
566 865 660 927 vobis
675 868 865 944 apostolica
889 867 1014 929 condr-

221 981 349 1026 mamus
368 968 401 1026 et
417 964 591 1042 praesentis
603 964 717 1040 scripti
731 963 907 1041 privilegio
922 981 1014 1026 corn-

221 1063 400 1124 munimus.
417 1061 632 1123 Decernimus
644 1076 723 1137 ergo
738 1063 775 1123 ut
785 1062 869 1123 nulli
879 1062 1013 1123 omnino

221 1160 393 1221 hominum
437 1159 537 1220 liceat
571 1158 744 1235 praefatum
777 1159 1013 1221 monasterium

220 1261 345 1320 temere
364 1255 575 1334 perturbare,
603 1257 661 1317 aut
688 1258 761 1332 ejus
786 1256 1014 1333 possessiones

221 1355 366 1421 auferre,
388 1352 442 1413 vel
464 1352 591 1413 ablatas
608 1352 755 1414 retinere
773 1354 832 1414 aut
852 1352 1013 1423 minuere,

223 1468 285 1513 seu
303 1449 505 1528 quibuslibet
523 1450 756 1511 vexationibus
776 1449 940 1526 fatigare:
956 1449 1014 1511 sed

223 1548 336 1610 omnia
361 1548 491 1623 integra
520 1548 780 1619 conserventur,
806 1563 921 1609 eorum
954 1562 1015 1624 pro

223 1660 362 1721 quorum
377 1643 617 1719 gubernatione
627 1643 661 1704 et
675 1643 915 1704 sustentatione
930 1657 1013 1704 con-

222 1758 315 1802 cessa
342 1742 442 1811 suut,
468 1740 584 1800 usibus
608 1740 806 1801 omnimodis
827 1739 1012 1817 profutura,

223 1839 316 1899 salva
332 1837 427 1898 Sedis
442 1837 641 1914 Apostolicae
660 1837 869 1898 auctoritate.
896 1836 932 1897 Si
951 1851 1015 1913 qua

222 1936 326 2012 igitur
340 1936 375 1996 in
390 1935 538 1997 futurum
550 1934 778 1996 ecclesiastica
801 1934 1015 1995 saecularisve

222 2024 364 2110 persona
391 2033 478 2093 hanc
507 2034 629 2094 nestrae
655 2031 902 2093 constitutionis
921 2031 1017 2107 pagi·

168 2117 171 2123 ’
222 2145 300 2191 nam
316 2130 437 2201 sciens,
454 2131 569 2191 contra
587 2145 660 2190 eam
678 2131 802 2191 temere
815 2127 929 2189 venire
942 2129 1018 2190 ten-

222 2228 355 2295 taverit,
377 2227 523 2288 secundo
546 2228 687 2289 tertiove
707 2226 921 2298 commonita,
949 2223 1015 2285 nist

223 2327 352 2387 reatum
388 2340 485 2386 suum
515 2340 663 2399 congrua
686 2322 917 2385 satisfactione
942 2336 1018 2383 cor-

223 2422 361 2494 rexerit,
390 2421 564 2498 potestatis
592 2421 795 2497 honorisque
820 2419 873 2481 sui
904 2421 1017 2480 careat

224 2519 395 2595 dignitate,
423 2533 579 2594 reamque
603 2533 639 2577 se
661 2517 774 2591 divino
795 2515 923 2595 judicio
941 2515 1016 2577 exi-

224 2619 312 2679 stere
326 2615 367 2676 de
382 2616 569 2692 perpetrata
585 2614 760 2690 iniquitate
775 2613 968 2689 cognoscat,
983 2613 1017 2673 et

225 2731 245 2775 a
269 2713 495 2775 sacratissimo
512 2726 651 2789 corpore
673 2714 707 2773 et
725 2712 887 2786 sanguine
912 2710 969 2770 Dei
986 2711 1018 2771 et

146 2860 149 2873 .
225 2810 355 2872 Domini
386 2808 616 2886 Redemptoris
647 2808 753 2869 nostri
787 2811 870 2870 Jeeu
893 2804 1016 2867 Christi

226 2909 337 2969 aliena
365 2906 445 2977 flat,
481 2907 580 2984 atque
615 2905 650 2965 in
690 2906 838 2966 extremo
865 2903 1018 2964 examine

225 3006 386 3066 districtae
403 3003 522 3065 ultioni
546 3002 726 3080 subjaceat.
750 3001 884 3063 Cunctis
907 3002 1017 3062 autem

225 3103 332 3164 eidem
358 3102 432 3164 loco
458 3116 519 3162 sua
541 3103 619 3177 jnra
648 3099 859 3162 servantibus
886 3098 929 3160 sit
952 3112 1019 3174 pax

225 3200 357 3262 Domini
372 3199 477 3261 nostri
491 3200 571 3260 Jesu
586 3197 719 3269 Christi,
734 3196 898 3274 quatenus
916 3194 950 3256 et
964 3194 1019 3255 hie

226 3298 369 3359 hactum
383 3296 480 3359 bonae
499 3295 640 3357 actionis
663 3294 858 3371 percipiant,
876 3295 909 3354 et
931 3291 1019 3368 apud

227 3396 412 3457 districtum
435 3392 582 3471 jndicem
607 3391 745 3469 praemia
774 3392 908 3452 aeternae
927 3388 1020 3467 pacis

227 3492 409 3553 inveniant.
428 3496 543 3551 Amen.

267 3589 385 3650 Datum
405 3586 583 3659 Laterani,
613 3601 674 3662 per
701 3601 835 3646 manum
867 3582 1020 3659 magistri

228 3685 400 3755 (luidonis,
416 3700 510 3762 papae
528 3682 661 3755 notarit,
686 3685 760 3743 XIV
775 3682 843 3742 kal.
857 3680 1019 3758 januarii,

227 3783 408 3844 indictione
436 3784 533 3853 Xlll,
567 3778 810 3841 incarnationis
840 3776 1020 3839 Dominicae

227 3897 314 3943 anno
333 3881 532 3951 MCCXXIV,
558 3878 767 3955 pontificatus
788 3890 869 3939 vero
895 3873 1020 3936 domini

228 3995 321 4056 papae
338 3980 382 4038 111
400 3994 488 4038 anno
505 3991 603 4038 nono.

598 4267 650 4354 LI

226 4452 278 4510 Ad
288 4447 408 4509 Sancti
416 4447 566 4521 Remtqtt
575 4445 609 4505 et
623 4444 858 4505 chocbertts
870 4440 1018 4512 nabatea,

274 4546 454 4608 Damarata
468 4543 501 4604 ct
516 4543 756 4604 Atrebatensts
774 4543 969 4602 dtoecmum.

487 4681 524 4741 20
537 4681 668 4739 decemb.
683 4679 763 4738 tait.

227 4820 321 4882 [Funde
338 4819 449 4874 Moreau,
469 4821 488 4867 t.
502 4813 680 4872 thLXXXlll,
694 4827 719 4877 p.
732 4813 771 4872 88,
789 4811 853 4863 ltibl.
862 4810 1018 4874 rationale]

243 4943 358 5005 Mandat
371 4950 402 5001 ut
415 4947 575 5000 convocent
593 4937 749 5011 capitulum
761 4937 841 5010 juxta
855 4935 1001 4993 decretum

476 5028 595 5089 Concilii
610 5026 765 5100 generalis.

265 5154 936 5230 Honoriuseplscopus‚servusservorum
947 5150 1015 5221 Dei,

223 5258 354 5319 dilectis
364 5249 599 5315 tiliis...Sancti
607 5249 749 5324 Remigii
760 5248 934 5309 Remensis
947 5247 1015 5309 et...

222 5358 263 5418 de
277 5351 459 5416 Macberiis
473 5346 701 5410 atrebatensis
715 5345 869 5405 dioecesis
884 5342 1017 5405 abbati-

221 5455 294 5524 bus,
307 5451 448 5512 salutem
463 5447 496 5508 et
505 5444 729 5522 apostolicam
739 5442 1015 5503 benedictionem.

262 5547 466 5625 Sapientiam
482 5559 555 5620 quae
577 5556 620 5603 ex
634 5556 693 5603 ore
712 5540 822 5618 prodit
841 5539 1014 5611 altissimi,

222 5649 316 5721 cujus
326 5644 457 5706 deliciae
471 5642 548 5703 sunt
562 5654 636 5703 esse
652 5654 726 5701 cum
741 5637 820 5699 tiliis
831 5637 1014 5708 hominum,

842 320 1017 383 HONORII
1040 324 1085 384 111
1107 324 1255 385 OPERA.

1802 323 1868 384 748

1066 482 1228 545 intereos
1248 481 1417 553 habitura,
1434 482 1469 543 in
1490 483 1564 559 ipso
1587 482 1653 543 sibi
1667 482 1867 559 paradisum

1066 576 1246 655 voluptatis
1281 578 1444 655 plantavit
1477 580 1670 650 claustram,
1703 578 1869 640 videlicet

1066 676 1282 750 regularium,
1307 675 1342 735 in
1364 691 1429 752 quo
1457 676 1568 753 posuit
1592 675 1755 746 homines,
1777 691 1869 752 quos

1067 771 1278 842 formaverat,
1291 775 1362 849 jam
1384 787 1450 833 non
1475 772 1574 849 primi
1592 771 1672 834 Adae
1690 773 1869 849 portantes

1067 867 1258 943 imaginem,
1276 868 1334 929 sed
1349 868 1498 939 secundi,
1515 872 1547 930 et
1563 868 1761 930 benedicens
1774 869 1806 930 ei
1822 869 1871 929 de

1067 980 1144 1025 rore
1158 966 1245 1037 coeti,
1261 968 1297 1027 ut
1309 965 1409 1027 tiores
1424 965 1536 1027 odoris
1550 968 1585 1027 et
1599 966 1724 1027 fructus
1736 965 1874 1026 hones-

1068 1062 1146 1123 tatis
1160 1063 1333 1139 proferret,
1349 1063 1436 1125 sicut
1447 1077 1528 1139 ager
1541 1062 1669 1140 plenas,
1681 1063 1734 1123 cui
1746 1062 1872 1123 Domi-

1069 1174 1133 1218 nus
1148 1157 1320 1221 benedixit
1329 1160 1439 1236 ipsum
1452 1160 1548 1221 vario
1569 1174 1691 1235 genere
1704 1159 1873 1221 arborum

1068 1256 1101 1317 et
1122 1255 1299 1317 herbarum
1321 1256 1541 1318 redolentiam
1556 1258 1729 1327 consitum,
1748 1258 1870 1317 Bene-

1069 1352 1167 1425 dlcto,
1182 1353 1342 1415 Dominus
1359 1353 1532 1416 benedicto
1547 1353 1683 1416 tradidit
1701 1354 1875 1415 excolen-

1069 1449 1155 1511 dam.
1173 1451 1235 1523 Qui
1255 1454 1327 1528 ejus
1341 1466 1423 1512 cura
1438 1453 1602 1527 suscepta,
1618 1466 1662 1512 ne
1681 1451 1723 1511 ad
1736 1451 1869 1512 devas-

1068 1548 1205 1610 tandum
1219 1548 1313 1608 illum
1327 1550 1462 1625 possent
1478 1548 1607 1624 ingredi
1619 1547 1716 1609 malae
1728 1547 1869 1619 bestias,

1069 1647 1204 1723 aparte
1229 1645 1377 1722 capituli,
1401 1646 1506 1708 veluti
1530 1645 1691 1708 Orientali
1711 1646 1867 1723 justitia,

1069 1744 1140 1804 eta
1164 1742 1348 1804 meridiana
1370 1742 1537 1804 refectorii
1559 1744 1779 1819 temperantia
1800 1758 1873 1804 nec

1070 1856 1136 1901 non
1153 1839 1195 1900 ab
1209 1839 1406 1901 occidentali
1422 1840 1517 1916 quasi
1536 1838 1701 1900 forinseca
1720 1839 1870 1901 fortitu-

1071 1937 1158 2005 dine,
1183 1935 1285 1997 acab
1309 1937 1475 2013 aquilone,
1502 1951 1606 2014 aquo
1628 1936 1752 1997 malum
1776 1952 1872 2013 pan—

1071 2034 1159 2095 ditur
1175 2049 1275 2110 super
1292 2034 1428 2105 terram,
1445 2033 1633 2110 prudentia,
1650 2035 1746 2110 quasi
1759 2034 1871 2093 muris

1071 2131 1270 2192 firmissimis
1291 2131 1516 2193 communivit.
1534 2130 1582 2192 Ad
1598 2130 1771 2192 valvarum
1788 2146 1873 2191 cns-

1070 2228 1194 2290 todiam
1210 2228 1371 2305 deputans
1385 2230 1539 2289 timorem
1550 2228 1654 2289 divini
1665 2227 1826 2299 nominis,
1836 2229 1873 2289 et

1071 2341 1228 2398 amorem,
1246 2325 1344 2387 editis
1366 2326 1401 2385 in
1419 2341 1458 2387 eo
1474 2325 1571 2386 modo
1585 2325 1733 2397 vivendi,
1753 2325 1785 2386 et
1806 2340 1870 2386 re-

1071 2422 1244 2498 gularibus
1267 2422 1439 2484 institutis.
1462 2422 1588 2495 Quibus
1608 2423 1645 2482 in
1666 2422 1781 2483 eodem
1802 2422 1869 2482 tir-

1072 2520 1170 2581 miter
1192 2518 1388 2591 observatis,
1414 2520 1518 2596 ipsius
1537 2518 1676 2580 arbores
1699 2518 1871 2595 multipli-

1072 2618 1155 2679 citer
1168 2619 1398 2688 excreverunt,
1422 2617 1637 2678 extendentes
1658 2632 1771 2677 ramos
1787 2632 1870 2678 suos

1073 2713 1242 2792 usquead
1270 2714 1423 2775 ultimum
1449 2714 1562 2781 terrae,
1597 2729 1639 2775 ac
1675 2714 1868 2790 operientes

1072 2813 1171 2873 etiam
1199 2812 1316 2873 cedros
1349 2811 1467 2871 Libani
1501 2811 1713 2887 protulerunt
1739 2811 1870 2872 fructus

1073 2909 1324 2986 pulcherrimos,
1342 2912 1375 2970 et
1387 2923 1520 2970 suaves.
1536 2911 1683 2979 Quorum
1697 2909 1800 2970 odore
1816 2908 1871 2969 his

1073 3006 1192 3083 quibus
1206 3006 1365 3068 Dominus
1378 3006 1418 3067 de
1430 3008 1529 3067 terrae
1544 3006 1749 3082 pinguedine
1761 3005 1872 3066 bene-

1073 3104 1214 3176 dixerat,
1232 3105 1326 3165 extra
1342 3104 1451 3180 ipsum
1466 3103 1658 3179 paradisum
1678 3104 1778 3179 positi
1792 3104 1874 3164 sunt

1073 3201 1200 3272 refecti,
1217 3204 1249 3263 et
1266 3201 1415 3277 deposita
1430 3201 1563 3261 sarcina
1578 3200 1793 3271 camelorum,
1812 3200 1873 3260 di·-

1074 3298 1251 3375 missisque
1275 3298 1380 3370 soliis,
1405 3298 1440 3359 et
1466 3297 1593 3359 divitiis
1615 3297 1869 3375 temporalibus,

1074 3412 1148 3456 cam
1161 3396 1263 3457 multa
1276 3395 1462 3457 humilitate
1478 3394 1512 3455 in
1525 3395 1641 3456 eodem
1656 3394 1871 3472 postularunt

1074 3492 1214 3560 admitti,
1230 3491 1348 3553 salutis
1362 3492 1496 3553 divitias
1514 3491 1872 3568 receptur13quoniam

1075 3589 1249 3666 sapientia,
1264 3591 1298 3651 et
1311 3590 1462 3660 scientia,
1478 3590 1579 3650 timor
1590 3589 1736 3659 Domini,
1753 3591 1784 3649 et
1798 3589 1873 3664 ipse

1074 3687 1251 3748 thesaurus
1261 3688 1346 3764 ejus.
1357 3686 1498 3747 vivente
1512 3685 1547 3745 in
1558 3701 1598 3746 eo
1608 3685 1754 3762 denique
1763 3688 1873 3747 Bene-

1075 3783 1173 3855 dicto,
1190 3798 1250 3858 per
1262 3783 1442 3858 regularia,
1457 3798 1531 3858 quas
1543 3782 1695 3843 ediderat
1707 3782 1869 3852 instituta,

1075 3881 1172 3942 vinea
1190 3884 1262 3958 ejus
1287 3895 1365 3941 rore
1390 3880 1467 3941 coeli
1494 3878 1641 3955 perfusa,
1671 3880 1706 3942 et
1728 3878 1870 3955 irrigata

1076 3978 1316 4055 quadripartito
1327 3976 1466 4038 flumine
1479 3977 1729 4052 scripturarum
1746 3976 1868 4047 floruit,

1076 4077 1109 4137 et
1122 4075 1212 4136 dedit
1226 4075 1360 4136 odorem
1375 4090 1482 4146 suum,
1500 4074 1656 4150 cultuque
1667 4074 1811 4150 justitiae
1826 4076 1871 4136 te·

1075 4174 1174 4234 neate
1199 4172 1367 4234 silentium
1392 4171 1538 4248 operarii
1561 4173 1635 4248 eius
1657 4171 1817 4233 sederunt
1836 4172 1869 4231 in

1075 4269 1321 4345 pulchritudine
1340 4268 1443 4345 pacis,
1466 4269 1500 4329 et
1516 4268 1550 4329 in
1569 4268 1665 4343 regia
1688 4268 1866 4346 opulentia.

1074 4370 1116 4430 at
1130 4367 1186 4428 ubi
1202 4365 1503 4468 coepitpivitiarum
1513 4364 1720 4427 torrentibus
1736 4364 1867 4440 irrigari

1075 4468 1108 4528 et
1124 4481 1239 4541 regum
1259 4463 1377 4525 lactari
1393 4463 1560 4535 mamillis,
1580 4464 1758 4525 eructante
1770 4466 1866 4525 terra

1074 4561 1296 4624 crassitudine
1308 4576 1408 4638 super
1418 4560 1865 4638 eam,Benedictoquequasi

1075 4660 1204 4721 sublato
1219 4659 1260 4720 de
1275 4658 1384 4719 medio
1406 4674 1449 4719 ex
1463 4654 1668 4734 pinguedine
1687 4659 1792 4719 malta
1812 4657 1866 4718 de·

1074 4772 1250 4832 generans
1265 4755 1391 4831 spinas,
1406 4755 1439 4815 et
1450 4752 1591 4814 tribulos
1605 4754 1819 4828 germinavit,
1836 4753 1865 4813 et

1074 4853 1254 4915 fructiferae
1297 4851 1435 4913 arbores
1468 4850 1681 4912 luxuriantes
1716 4852 1754 4913 in
1779 4850 1861 4919 folia,

1073 4949 1199 5012 fructus
1226 4949 1336 5010 nullos
1370 4947 1522 5020 attulere,
1559 4948 1613 5009 vel
1650 4964 1766 5023 raros3
1794 4960 1862 5008 nam

1073 5048 1174 5110 tiores
1201 5062 1315 5108 earum
1341 5046 1587 5117 emarcuerunt,
1611 5047 1646 5107 et
1675 5045 1861 5107 deciderant

1072 5148 1249 5221 antequam
1279 5143 1505 5205 formarentur
1531 5143 1567 5203 in
1596 5142 1739 5215 fructas,
1762 5147 1794 5204 et
1813 5138 1861 5218 qui

1072 5242 1251 5320 aliquando
1266 5241 1492 5317 provenerunt
1506 5255 1549 5301 ex
1564 5239 1645 5311 illis,
1662 5245 1745 5302 ante
1758 5242 1859 5301 matu-

1071 5341 1204 5401 ritatem
1227 5339 1362 5400 omnino
1383 5338 1453 5398 fere
1476 5336 1627 5412 insipidi,
1651 5340 1687 5400 et
1709 5338 1794 5398 acidi
1808 5336 1859 5395 de·

1071 5438 1256 5511 fluxerunt3
1281 5436 1361 5497 vitis
1396 5449 1525 5512 quoque
1552 5435 1675 5495 Soreth
1698 5435 1734 5494 in
1756 5434 1858 5496 eedem

1071 5536 1220 5612 plantata
1239 5535 1275 5594 in
1301 5532 1523 5594 amaritudine
1546 5530 1626 5592 vitis
1649 5531 1770 5593 alieaae
1785 5545 1858 5592 con·

1071 5647 1181 5703 versa,
1203 5629 1359 5708 produxit
1382 5645 1448 5691 non
1471 5643 1553 5689 uvas
1578 5642 1786 5707 praecoquas,
1808 5624 1855 5688 sed
