3916 6204
117 338 182 400 425
725 341 952 404 EPISTOLAE.
976 343 1055 403 LIB.
1078 342 1163 403 VIII.
1703 339 1763 399 luo

115 506 204 575 quas
223 497 367 561 dilectus
386 497 476 559 tillus
493 500 607 571 noster
619 501 661 570 dss,
676 500 765 561 tituli
785 502 915 562 sancte
971 516 1106 562 suorum
1117 515 1277 577 expresso
1290 514 1453 560 consensu
1466 498 1592 575 aliquid
1607 497 1763 560 duxerint

114 594 286 656 Praxedis
305 594 478 671 presbyter
492 595 673 658 cardinalis
693 596 855 659 intervos
874 596 915 658 de
970 595 1241 658 statuendumlit
1253 593 1763 671 quaecumquecontrapraedicta

112 690 278 754 mandato
300 694 414 754 nostro
440 692 621 769 prudenter
647 708 687 754 ac
705 694 842 770 provide
862 694 915 754 fa·
970 693 1097 762 omnia,
1129 691 1314 768 praesertirn
1350 692 1385 751 16
1419 691 1649 767 praejudicium
1673 690 1761 767 jnris

111 788 207 851 cisse
245 787 471 864 dignoscitur,
498 788 697 851 auctoritate
724 790 913 866 Apostolica
969 789 1072 849 alieni
1088 790 1210 850 statuta
1224 788 1277 848 vel
1297 788 1456 849 ordinata.
1472 788 1597 848 suntin
1614 787 1759 863 scriptis,

111 884 369 959 confirmamus,
390 886 423 947 et
441 886 615 963 praesentis
634 887 748 963 scripti
767 887 915 963 patroci-
967 885 1021 946 vel
1040 884 1140 946 etiam
1158 884 1231 945 sine
1246 884 1389 959 scriptis,
1406 883 1615 945 deceruimus
1630 898 1696 944 nou
1711 884 1762 944 te-

109 983 172 1044 nio
185 982 444 1045 communimus.
461 983 500 1045 nt
511 983 570 1045 illa
586 983 664 1044 sunt
676 983 779 1045 talia:
968 996 1060 1052 nere,
1082 997 1150 1043 non
1177 980 1385 1043 obstantibus
1398 981 1597 1056 juramentis
1618 980 1673 1042 vel
1690 981 1762 1041 ins-

151 1097 174 1141 «
190 1082 233 1141 In
257 1080 394 1141 nomine
410 1080 551 1143 Domini.
570 1084 685 1142 Amen.
712 1082 817 1153 Quum
838 1096 912 1152 nos,
966 1078 1143 1163 trumentis
1173 1077 1339 1154 aliquibus
1371 1077 1510 1154 preliis
1543 1077 1760 1139 observandis
1873 1088 1876 1093 “

106 1176 760 1252 ,1161666116111611866616Ρ6666116
775 1177 913 1255 presby·
967 1174 1148 1247 1661166661
1167 1174 1338 1251 rescriptis
1359 1174 1460 1235 etiam
1478 1175 1684 1250 impetratis3
1701 1174 1760 1235 sed

108 1274 164 1337 ter
175 1273 362 1336 cardinalis
372 1274 413 1335 ad
424 1273 604 1335 sedandam
614 1274 816 1337 discordiam
826 1275 913 1336 inter
966 1271 1067 1334 liceat
1083 1271 1235 1333 omnibus
1251 1270 1426 1346 utriusque
1449 1272 1553 1346 partis
1574 1271 1674 1332 rebus
1689 1272 1761 1332 suis

105 1370 241 1433 milites
253 1371 287 1433 et
306 1385 465 1448 sequaces
485 1385 600 1433 eorum
613 1384 656 1432 ex
676 1373 863 1449 partenna,
880 1372 913 1433 et
967 1369 1017 1430 uti
1030 1367 1169 1445 pacifice
1180 1384 1219 1429 aa
1230 1367 1353 1445 quiete,
1365 1383 1426 1428 nec
1439 1366 1481 1428 ab
1494 1367 1761 1444 aliquapartinm

105 1466 297 1544 populares
316 1462 497 1529 Perusinos
511 1468 543 1529 et
557 1468 727 1545 adjutores
740 1476 856 1531 eorum
869 1483 912 1530 ex
966 1466 1168 1540 generaliter
1182 1465 1233 1527 vel
1253 1463 1471 1540 singulariter
1490 1464 1685 1524 auferantur
1699 1479 1758 1525 re-

103 1563 235 1638 altera,
253 1563 464 1627 demandato
482 1562 608 1627 domini
618 1568 717 1643 Papus
735 1564 911 1628 Perusium
967 1562 1164 1639 liqna-bona
1186 1574 1257 1623 sua.
1275 1562 1358 1623 Etsi
1374 1560 1546 1633 militibus,
1562 1560 1618 1622 vel
1638 1560 1761 1637 pediti·

102 1661 339 1732 venissemus,
351 1659 475 1723 habitis
487 1661 529 1722 ab
541 1661 643 1723 eisde
654 1661 801 1738 parendo
810 1677 911 1739 supra
965 1659 1027 1721 bus
1046 1660 1115 1723 tam
1136 1659 1172 1721 in
1194 1659 1330 1720 civitate
1353 1659 1526 1729 Perusina,
1541 1674 1639 1734 quam
1654 1657 1761 1734 ipsius

102 1757 285 1823 discordia
307 1758 380 1834 ipsa
407 1757 572 1821 mandatIs
593 1758 793 1834 apostolicis
812 1760 913 1835 atque
966 1755 1119 1819 districtu
1130 1757 1166 1816 in
1181 1755 1345 1817 incisione
1356 1754 1522 1826 arborum,
1535 1756 1588 1815 vel
1604 1754 1759 1817 combus-

102 1855 252 1927 nostris,
271 1855 482 1932 juramentis,
508 1854 714 1931 pignoribus,
741 1855 910 1917 obsidibus
965 1853 1056 1915 tione
1070 1852 1242 1917 domorum
1259 1851 1394 1921 fuerint,
1414 1852 1500 1928 quod
1521 1851 1620 1925 absit,
1636 1851 1677 1912 de
1692 1867 1760 1913 cae·

101 1970 146 2016 ac
161 1952 306 2023 1666116,
324 1952 357 2012 61
371 1951 550 2013 intellectis
569 1967 642 2028 quas
657 1952 816 2028 66616616
831 1966 911 2013 nos·
964 1950 1036 2015 tero
1053 1950 1173 2013 damna
1188 1948 1276 2020 data,
1292 1965 1353 2025 per
1374 1949 1595 2011 camerarium
1610 1964 1761 2011 commu÷

102 2052 161 2113 tra
190 2052 398 2127 proposuere
421 2048 615 2124 praesentia,
637 2049 794 2110 universa
813 2051 911 2126 jnra—
964 2047 1018 2107 nis
1036 2047 1090 2109 vel
1114 2062 1173 2122 per
1189 2045 1341 2107 homines
1364 2045 1513 2121 pleberii,
1527 2046 1563 2106 in
1580 2061 1645 2122 quo
1659 2045 1757 2107 dam·
1777 2107 1780 2113 ,

102 2151 239 2219 menta,
260 2146 443 2223 pactiones,
464 2144 695 2220 obligationes,
719 2145 910 2222 colligatio-
964 2159 1044 2205 num
1063 2143 1176 2206 datum
1200 2142 1311 2215 fuerit,
1338 2143 1518 2207 secundum
1543 2144 1757 2209 coustitutum

103 2260 170 2306 nes
188 2245 226 2305 et
243 2241 492 2320 promIssiones,
509 2257 582 2319 quae
596 2242 803 2316 societatum,
818 2230 911 2305 com·
965 2240 1110 2303 civitatis
1132 2239 1304 2302 Perusinae
1323 2239 1384 2301 ilat
1401 2238 1584 2303 satisfactio
1600 2238 1758 2301 damnum

103 2338 911 2418 666611616666616616661161666,6616666661·
965 2337 1085 2414 666616,
1100 2352 1281 2415 omnesque
1303 2336 1359 2413 qui
1382 2337 1496 2399 contra
1521 2336 1680 2413 praedicta
1698 2351 1761 2397 ve·

103 2434 732 2517 1166616666,1661116616,6161166666
745 2436 910 2501 artificum
964 2435 1090 2509 norint,
1115 2433 1470 2497 excommunicatione
1499 2433 1634 2496 vinculo
1660 2433 1760 2495 inno·

105 2533 910 2611 66666166666666611166161616661666616616
965 2533 1094 2604 dantes,
1117 2532 1202 2611 quod
1225 2532 1520 2609 praesumpserunt,
1548 2530 1759 2593 decernimus

104 2634 274 2696 santiam
287 2648 331 2695 ex
342 2632 448 2709 parte,
459 2647 559 2709 quam
570 2631 605 2693 in
617 2632 711 2709 parte
724 2632 865 2696 militurn
878 2632 912 2695 et
965 2630 1096 2695 irritum
1107 2630 1179 2707 ipso
1195 2629 1294 2692 facto.

105 2729 264 2808 peditum
284 2729 320 2790 ln
345 2728 481 2792 civitate
503 2729 667 2792 Perusina
692 2730 727 2793 et
749 2733 822 2808 ejus
841 2730 911 2793 dis·
1005 2728 1205 2793 ‹Praeterea
1228 2727 1464 2805 nequisquam
1486 2726 1669 2804 premissis
1691 2741 1758 2788 au·

104 2828 228 2899 161616,
245 2825 378 2903 penitus
401 2826 585 2901 irritamus,
604 2842 644 2888 ac
661 2827 705 2888 ab
719 2843 833 2889 eorum
848 2827 911 2889 ob·
965 2824 1044 2886 deut
1061 2824 1240 2897 contraire,
1262 2823 1322 2885 suh
1340 2839 1439 2905 poena
1455 2822 1611 2899 superius
1629 2837 1759 2885 merno-

106 2924 310 2986 servatione
324 2921 528 2984 absolvimus
542 2923 716 2985 universos
727 2923 788 2985 sub
801 2923 910 2986 debito
965 2921 1038 2982 rata
1049 2920 1189 2985 tirmiter
1203 2920 1404 2993 inhibentes,
1421 2920 1463 2985 ad
1478 2920 1615 2996 majoris
1629 2919 1760 2983 roboris

106 3019 299 3091 fidelitatis,
316 3034 381 3096 qua
395 3020 554 3081 Ecclesiae
570 3022 728 3082 Romanae
742 3021 910 3092 tenentur,
966 3018 1156 3083 firmitatem
1178 3018 1349 3095 spoletani
1369 3018 1405 3078 in
1424 3016 1531 3079 tribus
1551 3017 1698 3081 millibus
1712 3017 1759 3079 li·

103 3117 297 3196 turamenti
311 3116 409 3178 nohis
429 3117 579 3193 praestiti,
598 3120 632 3179 et
653 3117 755 3180 trium
770 3117 910 3179 millium
965 3114 1102 3177 brarum
1123 3115 1334 3186 Lunensium,
1348 3115 1382 3183 et
1397 3113 1599 3176 Urbevetani
1620 3113 1656 3177 iu
1675 3113 1766 3180 totis

107 3214 913 3292 marcarumpoenniirmiterpraecipiendoman·
966 3211 1045 3295 dem*
1068 3211 1279 3289 fidejussores
1305 3211 1515 3288 recepimus,
1532 3210 1580 3279 ita
1604 3209 1761 3273 videlicet

107 3311 248 3381 dantes,
262 3325 305 3371 ne
323 3309 495 3387 praemissa
519 3308 697 3383 observent
715 3310 755 3372 de
777 3311 909 3381 caetero,
966 3308 1053 3387 quod
1068 3308 1176 3393 siqua
1191 3308 1335 3385 partium
1350 3308 1466 3371 contra
1486 3322 1602 3384 paoem
1617 3308 1651 3370 et
1664 3322 1761 3368 man·

107 3407 165 3473 vel
177 3407 307 3471 similia
318 3406 475 3484 deinceps
485 3406 632 3471 audeant
641 3408 815 3470 attentare.
832 3408 912 3469 Pro·
966 3405 1043 3467 data
1072 3404 1185 3473 nostra
1220 3405 1337 3467 venire
1363 3402 1631 3482 praesumpserit,
1659 3403 1760 3465 iidem
1800 3452 1802 3455 ,

108 3505 271 3568 bibemus
287 3505 434 3580 insuper,
450 3514 493 3566 ne
507 3503 682 3581 quisquam
693 3504 911 3567 communiter
966 3502 1180 3580 fidejussores
1191 3502 1325 3565 domino
1336 3504 1436 3578 Papae
1443 3502 1497 3562 vel
1510 3501 1761 3567 successoribus

108 3602 167 3665 vel
187 3601 324 3663 divisim
338 3601 466 3678 aliquid
483 3592 608 3664 malurn
630 3600 793 3663 retribuat
811 3600 909 3678 parti,
967 3600 1049 3672 suis,
1066 3601 1099 3662 et
1113 3599 1211 3677 66611,
1234 3615 1309 3676 quaa
1330 3615 1446 3677 paoem
1465 3600 1501 3661 et
1518 3598 1674 3661 mandata
1688 3613 1763 3660 ser-

108 3699 167 3762 vel
187 3698 293 3762 alicui
310 3698 354 3759 de
370 3698 464 3774 parte
481 3713 542 3761 ssu
560 3697 747 3761 fautoribus
762 3699 795 3760 et
809 3698 909 3774 adju·
966 3698 1111 3769 raverit,
1132 3697 1359 3767 communiter
1375 3696 1410 3756 in
1431 3696 1520 3759 dicta
1542 3695 1684 3772 pecunia
1705 3696 1760 3759 te·

110 3795 247 3860 toribus
265 3794 335 3857 suis
347 3794 512 3857 dictorum
522 3794 668 3857 civitatis
680 3796 714 3856 et
727 3794 908 3867 districtus,
966 3795 1136 3867 ocantur„
1158 3792 1358 3869 recipientes
1394 3807 1424 3862 a,
1451 3790 1758 3867 Fuliginatensibus
1862 3810 1863 3814 ¹
1953 3796 1954 3845 i

111 3892 294 3971 6666661666
313 3891 488 3954 discordie
510 3891 672 3955 hactenus
695 3891 839 3968 agitatae.
861 3892 910 3955 Ad
965 3891 1184 3953 nihilomiuus
1197 3888 1403 3964 juramenta,
1424 3888 1510 3964 quod
1529 3888 1759 3964 partemque

111 3992 200 4063 haec,
216 4005 318 4067 quum
332 4004 377 4051 ex
391 3989 648 4065 praesumptione
661 3989 913 4053 constitutario-
966 3986 1081 4048 contra
1096 4000 1211 4062 paoem
1226 3984 1259 4046 et
1273 3982 1428 4045 mandatu
1444 3982 1603 4060 praedicta
1615 3983 1759 4057 venemt,

111 4102 190 4151 rum
209 4086 427 4149 statuentium
446 4085 627 4150 secundum
647 4087 770 4148 motum
787 4087 910 4149 volun·
966 4083 1162 4159 depriment,
1177 4084 1212 4144 et
1225 4082 1413 4142 servantem
1428 4079 1543 4143 eadem
1557 4095 1618 4157 pro
1631 4079 1760 4143 viribus

112 4184 196 4247 tatis
210 4183 356 4261 propriae
376 4182 535 4261 quidquid
558 4182 684 4251 volunt,
706 4183 809 4245 multa
835 4185 913 4246 sunt
967 4179 1181 4258 adjuvabunt
1441 4244 1446 4253 ,
1737 4204 1740 4209 ·

113 4281 328 4349 incommoda
347 4279 536 4353 subsecuta,
556 4280 709 4345 volumus
721 4283 755 4342 et
769 4280 911 4342 manda·
1006 4281 1167 4341 ‹Vernrn
1180 4294 1280 4356 quum
1295 4277 1485 4355 potestates,
1506 4278 1561 4354 qui
1587 4277 1761 4340 Perusinis

114 4395 203 4451 tuus,
224 4378 263 4443 ut
284 4377 371 4443 nihil
395 4391 541 4455 unquam
560 4378 734 4439 statuatur
757 4377 912 4455 deinceps
970 4392 1030 4453 per
1044 4376 1193 4452 tempora
1209 4374 1414 4451 praefuerint,
1432 4391 1499 4436 una
1515 4390 1590 4437 oum
1605 4375 1654 4436 eis
1669 4377 1762 4453 epis-

114 4479 236 4543 contra
260 4474 384 4541 milltes
402 4476 437 4536 et
460 4474 587 4552 pedites
607 4474 826 4551 supradictos,
854 4490 913 4537 seu
967 4489 1061 4551 copo,
1075 4472 1230 4546 ,66666166
1253 4472 1366 4534 Sancti
1391 4472 1577 4540 Laurentii,
1596 4475 1765 4535 monaste-

117 4575 221 4637 etiarn
240 4572 328 4636 hona
351 4587 469 4635 eorum
490 4574 606 4635 666166
621 4572 713 4648 leges
727 4572 762 4635 et
775 4572 914 4635 canoni·
967 4570 1019 4633 rio
1033 4569 1146 4635 Sancti
1160 4568 1252 4631 Petri
1269 4571 1303 4630 et
1316 4569 1393 4630 aliis
1406 4569 1561 4631 ecclesiis
1574 4570 1719 4632 civitatis
1733 4571 1765 4631 61

117 4686 176 4733 cas
200 4670 404 4741 6666116666,
426 4668 644 4733 rationabiles
664 4670 697 4730 et
716 4669 913 4745 approbatas
968 4667 1122 4728 dioecesis
1150 4665 1323 4727 Perusinae
1346 4666 1507 4743 quasdam
1536 4667 1763 4744 possessiones

118 4767 388 4839 consuetudines,
407 4766 440 4827 et
453 4781 568 4843 pacem
589 4764 710 4827 factam
723 4781 783 4843 per
801 4767 913 4831 domi·
968 4765 1001 4827 et
1022 4763 1119 4837 bona,
1131 4762 1296 4837 violenter
1324 4763 1535 4845 abstulerint,
1556 4765 1776 4836 mandantes,

116 4880 198 4927 num
219 4865 344 4926 sancte
365 4862 514 4931 basilicae
539 4863 719 4925 Duodecim
735 4862 914 4939 Apostolo-
969 4862 1006 4925 ut
1023 4862 1184 4929 venturus
1198 4860 1234 4921 in
1250 4862 1401 4937 proximo
1416 4862 1600 4922 Perusinus
1616 4862 1762 4937 potestas

118 4978 191 5027 rum
207 4959 437 5038 presbyterum
448 4959 663 5031 cardinalem,
679 4957 776 5025 bonae
788 4974 915 5023 memo·
968 4960 1047 5021 auto
1066 4956 1212 5027 omnium
1233 4973 1411 5020 causarum
1431 4960 1653 5035 cognitionem
1666 4973 1762 5021 com·

119 5060 178 5121 riae
195 5057 324 5120 domini
348 5058 373 5118 1.
390 5059 489 5134 Papae
510 5056 917 5129 6666666166616111666-
969 5057 1084 5134 petens
1109 5054 1317 5119 excambium
1337 5056 1515 5132 assignans
1535 5052 1763 5120 666661666-

118 5172 195 5220 nem
217 5155 365 5218 oddonis
378 5153 523 5217 Bobouis
537 5156 616 5216 tunc
633 5154 831 5230 potestatem
847 5157 913 5216 Pe-
937 5200 938 5209 ,
969 5152 1129 5230 predictas
1141 5168 1202 5229 pro
1216 5153 1390 5216 excambio
1407 5153 1535 5230 palatii,
1552 5151 1639 5228 quud
1654 5152 1761 5215 eidem

119 5255 272 5316 susinum
295 5267 370 5330 qnae
388 5250 510 5313 adicto
523 5250 657 5313 domino
668 5253 693 5313 1.
707 5251 914 5322 confirmata,
970 5250 1092 5313 dudum
1105 5250 1313 5312 concessisse
1326 5250 1532 5326 dignoscitur
1545 5249 1688 5326 populus
1701 5253 1761 5313 Ρ6-

118 5352 151 5415 61
163 5366 224 5429 666
236 5348 603 5411 dominumlionorium
619 5347 788 5410 declarata
802 5348 916 5411 existit
969 5348 1118 5419 rusinus,
1132 5349 1167 5409 et
1188 5348 1248 5409 illo
1265 5362 1337 5408 sam
1361 5346 1516 5422 spolianti
1538 5347 1759 5422 postmodum,

117 5443 937 5525 inquibusdam3sedinviolabiliterobservetur,¹
970 5447 1061 5507 motu
1098 5445 1241 5522 propriae
1280 5443 1461 5505 voluntatIs
1501 5444 1684 5521 restttuat3
1711 5448 1761 5508 sic

118 5546 184 5609 nisi
200 5543 316 5609 forsan
331 5541 565 5620 prasinorum
577 5543 745 5605 communi
761 5544 795 5604 et
809 5542 915 5607 libera
970 5538 1519 5618 6161616661666666166666116116
1540 5541 1692 5605 ecclesiis
1712 5544 1765 5605 in-

118 5640 303 5711 volnntate‚
320 5654 360 5702 ac
373 5638 498 5702 domini
522 5642 621 5715 Papae
636 5641 671 5701 61
684 5654 914 5705 successorum
971 5637 1021 5705 166
1048 5653 1205 5711 mensem,
1235 5636 1462 5703 restitutione
1471 5639 1647 5715 Bagnariae
1666 5641 1762 5707 ¹factu
