3972 6204
218 331 278 390 uta
837 326 1012 387 HONORII
1035 328 1079 388 111
1101 328 1248 390 OPERA.
1796 327 1852 387 att

195 520 199 529 ι
217 488 337 550 ditioni
352 487 528 565 subjectos,
552 487 608 564 qui
629 500 687 563 per
709 484 866 561 generale
882 484 1013 561 capitu-

217 585 298 656 lum,
314 584 366 647 vel
381 585 570 644 visitatores
587 583 692 659 ipsius
707 581 802 642 vobis
816 581 1012 642 nuntiantur

218 681 398 758 aliquando
427 680 612 749 amovendi,
634 679 686 738 vel
708 678 894 738 volentibus
917 677 1009 737 cele·

217 778 316 839 brare
331 777 524 851 capitulum,
535 779 593 836 aut
605 792 763 836 excessus
776 775 943 848 corrigere
955 790 1018 843 re<

218 875 355 944 sistatis,
368 875 454 935 sicut
467 875 499 933 iu
516 873 640 933 eisdem
654 872 774 933 litteris
792 871 921 947 plenius
935 886 1011 930 con·

121 984 130 1003 ¹
216 973 352 1041 tinetur,
361 971 444 1032 tales
457 987 516 1031 vos
529 970 728 1030 exhibuistis
744 969 779 1029 in
794 969 880 1029 sacto
893 969 1011 1044 hujus-

216 1068 317 1139 modi,
334 1084 398 1144 que
420 1084 486 1127 non
508 1066 575 1127 alia
600 1067 664 1126 nisi
690 1082 762 1141 quae
789 1066 865 1125 sunt
887 1063 1009 1124 Christi

217 1168 421 1241 quaeruntur,
448 1167 564 1225 utnon
585 1164 807 1238 augmentum,
834 1160 890 1221 sed
907 1160 1011 1221 detri-

217 1265 361 1323 mentum
374 1261 513 1332 ordinis,
527 1263 561 1322 et
575 1276 641 1320 non
652 1260 839 1320 animarum
854 1257 1006 1327 salutem,

217 1358 275 1419 sed
316 1359 499 1434 periculum
524 1356 703 1417 videamini
730 1356 899 1416 affectare.
925 1354 1008 1425 Quia

216 1471 296 1515 vero
311 1455 458 1530 graviter
472 1455 506 1514 in
522 1455 585 1515 hoc
600 1453 802 1528 delinquitis,
819 1453 852 1513 et
873 1452 1008 1526 sanguis

217 1552 479 1627 delinquentium
504 1551 600 1611 debet
626 1550 665 1609 de
688 1565 787 1610 manu
812 1550 921 1610 vestra
950 1563 1007 1607 re-

216 1649 316 1724 quiri,
335 1648 404 1707 sive
427 1646 614 1723 impediatis
637 1648 764 1706 tantum
788 1645 920 1714 bonum,
938 1644 1008 1703 sive

217 1744 408 1805 detractetis
429 1759 528 1819 super
552 1743 614 1803 hoc
630 1742 740 1802 iacere
764 1741 848 1818 quod
869 1741 1005 1811 debetis,

176 1865 206 1882 ··
216 1841 418 1902 fraternitati
432 1842 551 1901 vestrae
568 1856 738 1902 monemus
748 1855 807 1916 per
820 1838 1008 1914 Apostolica

215 1938 310 1998 vobis
333 1939 456 2014 scripta
476 1938 562 1998 sicut
587 1938 705 1998 iterum
729 1938 778 1997 sio
798 1935 958 1996 attentius
974 1935 1007 1994 in

214 2037 338 2097 virtute
364 2034 561 2099 obedientiae
596 2034 746 2094 districte
785 2032 1007 2110 praecipiendo

215 2133 422 2203 mandantes,
440 2133 608 2221 ‘IUQ
617 2131 652 2190 iu
669 2131 846 2190 iteratione
862 2129 1007 2191 mandati

216 2230 346 2305 plenius
374 2214 597 2303 intelligentes
625 2227 830 2289 mandatoris
851 2227 1007 2287 affectum

213 2328 250 2388 in
265 2326 357 2387 nullo
371 2342 430 2385 vos
445 2325 619 2401 opponatis
635 2324 821 2385 volentibus
837 2324 1008 2385 celebrare

215 2423 407 2501 capitulum,
423 2424 455 2482 et
476 2422 644 2495 corrigere
665 2420 905 2496 delinquentes.
923 2420 1009 2481 Sub·

211 2524 320 2597 jactos
336 2520 436 2579 etiam
451 2519 569 2579 ditioni
586 2521 704 2579 vestrae
717 2516 863 2589 abbates
879 2517 934 2594 qui
950 2532 1009 2594 per

216 2617 397 2694 capitulum
421 2616 473 2677 vel
500 2616 689 2675 visitatores
716 2614 810 2675 vobis
834 2613 1007 2674 amovendi

214 2714 338 2776 fuerint
355 2712 509 2783 nuntiati,
527 2711 649 2773 curetis
675 2711 799 2787 absque
814 2726 915 2771 morae
938 2711 1009 2770 dis-

215 2811 337 2888 pendio
350 2826 516 2876 amovere,
528 2810 574 2870 ita
589 2809 675 2885 quod
691 2808 842 2868 videatur
856 2807 947 2867 vobis
960 2807 1008 2866 si·

216 2911 272 2970 cut
289 2923 362 2969 esse
379 2907 474 2968 debet
489 2908 670 2983 acceptum,
688 2904 773 2982 quod
786 2906 820 2965 in
835 2904 1006 2980 provincia

215 3010 328 3068 vestra
342 3006 450 3066 cultus
470 3004 642 3079 religionis
665 3019 724 3080 per
738 3002 1006 3063 reformationem

216 3103 343 3164 ordinis
362 3104 395 3164 et
417 3101 604 3161 animarum
620 3099 786 3176 proiectus
803 3113 862 3175 per
876 3113 1008 3158 correo-

215 3201 340 3260 tionem
380 3214 577 3259 excessuum
619 3197 826 3273 procuratur.
838 3168 1006 3271 (Alioquin

216 3313 291 3356 curn
316 3298 443 3357 tantum
466 3294 700 3361 inobedientiae
726 3293 843 3353 vitium
869 3292 1009 3369 palpan-

216 3394 293 3454 dum
309 3393 349 3452 de
371 3394 491 3452 caetero
516 3388 582 3451 n'on
607 3391 740 3461 existat,
757 3391 789 3451 et
803 3390 938 3463 dignum
952 3388 1005 3458 sit,

216 3491 249 3551 et
263 3489 476 3557 conveniens
491 3490 527 3548 ut
541 3487 576 3548 iu
600 3502 664 3563 quo
680 3487 753 3562 quis
774 3486 933 3561 probatur
945 3485 1006 3544 de-

214 3587 367 3663 linquere
394 3586 561 3660 puniatur,
586 3582 765 3647 formidare
787 3581 948 3657 poteritis,
966 3597 1007 3640 ne

212 3684 493 3762 jurisdictionem,
520 3697 623 3763 quam
658 3680 692 3739 in
716 3678 889 3740 abbatibus
913 3677 1007 3738 vobis

216 3781 373 3858 subjectis
396 3778 537 3849 habetis,
554 3777 703 3853 generali
719 3791 833 3836 eorum
849 3775 1005 3851 capitulo,

215 3881 249 3940 et
259 3876 489 3939 visitatoribus
502 3874 732 3946 concedamus,
745 3889 844 3950 quum
855 3872 931 3933 aliis
945 3872 1008 3932 ho-

214 3990 329 4035 norem
343 3976 488 4035 vestrum
504 3973 585 4033 dare
599 3972 709 4047 potius
723 3971 896 4031 volueritis
909 3984 1006 4045 quam

212 4071 355 4132 nobisin
380 4071 442 4131 bac
465 4073 558 4146 parte
583 4068 755 4129 humiliter
777 4066 922 4127 obedire.
942 4068 1008 4126 Da-

215 4170 284 4227 tum
305 4168 418 4235 Reate,
432 4166 477 4225 Ill
492 4180 597 4225 nonas
617 4162 815 4233 novembris
837 4177 925 4222 anno
949 4161 1009 4223 de-

214 4280 312 4325 ormo.

550 4392 672 4481 XLIX

214 4540 267 4602 Ad
288 4538 493 4600 abbatatus.
509 4538 676 4609 Dtonpsit,
693 4537 860 4595 decnntmt
875 4533 908 4593 et
926 4546 1005 4591 ma-

246 4637 397 4713 ptstrttm
413 4637 522 4704 Goon,
540 4636 744 4695 cottontcttm
756 4634 972 4692 lismensem.

483 4762 647 4821 dnovemb.
664 4761 743 4819 1225.

246 4879 366 4942 [begeat.
379 4877 423 4927 lib.
435 4877 467 4934 X,
478 4875 552 4939 epist.
567 4876 619 4924 ma.
632 4876 689 4925 llss.
703 4876 739 4924 La
750 4875 826 4924 Porta
836 4874 871 4922 dn
882 4872 975 4936 Theti]

215 4998 269 5054 Dat
281 4995 324 5051 eis
338 4993 514 5066 provinciam
527 4988 708 5047 examinandi
724 5003 840 5045 causam
856 5003 919 5059 quaa
935 4987 1007 5042 inter

250 5082 426 5154 episcopum,
455 5078 594 5135 decanum
623 5076 835 5147 capitulumque
856 5075 1005 5131 Belvacen.

250 5171 286 5228 ah
300 5185 367 5238 unu,
382 5176 410 5225 et
427 5170 451 5225 J.
471 5168 723 5232 Silvanectensen,
747 5164 1007 5235 llothomagensem

251 5258 432 5324 canonicum,
456 5256 491 5311 ab
516 5255 604 5311 altera
628 5261 707 5324 perte
733 5253 904 5317 vertebatur,
923 5264 1008 5321 snper

251 5345 401 5419 praehenda
415 5358 500 5417 quarn
516 5344 639 5415 ipsorum
655 5341 776 5397 ecclesia
787 5341 865 5411 juxta
880 5347 1007 5395 tenorem

252 5437 408 5492 litterarum
420 5433 648 5505 Apostolicorum
660 5430 696 5487 de
711 5429 765 5486 hoc
779 5428 908 5485 datarum
925 5442 1005 5498 repc-

252 5523 339 5579 tebet.

149 5722 153 5727 1
257 5637 434 5707 Honorius,
453 5638 527 5706 eto,
542 5636 671 5697 dilectis
685 5635 761 5695 tiliis
774 5634 882 5697 abbati
896 5634 1006 5694 Sancti

1066 485 1253 563 Dionysii..
1266 486 1403 558 decano,
1418 487 1451 549 et
1464 487 1624 563 magistro
1636 490 1674 548 (t.
1687 489 1794 557 dom,
1803 501 1853 547 ca·

1066 584 1187 643 nonico
1213 584 1379 652 ilamensi,
1410 584 1604 645 salutemet
1632 584 1850 661 Apostolicam

1065 679 1338 740 benedictionem.

1106 775 1852 849 Significaruntnobisvenerabilisfraternos·

1065 874 1151 932 ter...
1172 874 1357 947 episcopus,
1372 876 1404 933 et
1418 873 1528 933 dilecti
1547 873 1646 932 tilii...
1663 872 1810 932 decanus
1821 874 1852 933 et

1065 967 1245 1044 capitulum
1267 970 1485 1030 Belvacenses
1501 969 1586 1046 quod
1599 985 1674 1029 cum
1696 970 1852 1042 magister

1063 1068 1092 1127 J.
1120 1066 1392 1136 Silvanecteusis‚
1417 1067 1693 1140 Rothomagensis
1717 1067 1853 1125 canoni·

1064 1179 1133 1232 cus,
1151 1163 1229 1223 olim
1245 1178 1303 1239 pro
1328 1162 1534 1239 assequenda
1555 1163 1590 1222 in
1614 1163 1760 1223 ecclesia
1780 1162 1855 1222 Bei-

1064 1260 1198 1321 vacensi
1212 1258 1388 1335 praehenda
1408 1261 1538 1321 nostras
1553 1258 1594 1319 ad
1609 1258 1705 1320 bonae
1725 1274 1852 1319 memo-

1064 1357 1123 1417 riae
1137 1356 1326 1432 episcopum
1353 1356 1585 1426 parisiensem,
1600 1357 1634 1417 et
1654 1358 1729 1431 ejus
1748 1354 1852 1415 colle·

1063 1468 1122 1527 gas
1148 1453 1276 1513 litteras
1299 1454 1510 1513 executorias
1538 1452 1763 1528 impetrasset,
1782 1468 1853 1526 sup-

1063 1563 1190 1624 presso,
1209 1549 1294 1624 quod
1314 1547 1524 1623 praebendam
1540 1548 1574 1607 in
1593 1547 1852 1622 Rothomagensi

1063 1645 1203 1705 ecclesia
1220 1644 1392 1714 obtineret,
1408 1644 1545 1720 praesato
1559 1644 1758 1704 Belvacensi
1773 1644 1855 1718 epis·

1063 1758 1145 1817 copo
1176 1742 1271 1802 nobis
1297 1742 1500 1812 insinuante,
1524 1742 1610 1817 quod
1630 1742 1752 1803 litterae
1775 1741 1853 1817 ipsae

1063 1855 1129 1899 non
1149 1839 1313 1900 iaciebant
1335 1840 1376 1899 de
1397 1838 1573 1915 praebenda
1595 1838 1854 1913 Rothomagensi

1063 1936 1207 2012 aliquam
1223 1937 1434 2007 mentionem,
1447 1952 1486 1997 ac
1497 1935 1695 2012 postulante,
1709 1938 1747 1995 ut
1756 1950 1856 2010 super

1063 2035 1125 2095 hoc
1145 2034 1185 2095 ab
1204 2034 1409 2110 impetitione
1424 2034 1555 2110 praeiati
1569 2033 1722 2108 magistri
1744 2033 1856 2093 absol·

1062 2148 1215 2193 voremus
1243 2132 1409 2201 eumdem,
1437 2130 1584 2208 praelatis
1620 2130 1855 2192 executoribus

1062 2230 1213 2290 dedimus
1236 2232 1271 2289 in
1292 2228 1466 2299 mandatis
1493 2230 1527 2289 ut
1551 2229 1579 2290 si
1600 2244 1655 2290 res
1679 2228 1796 2289 taliter
1821 2243 1854 2287 se

1063 2327 1210 2397 baberet,
1223 2326 1255 2386 in
1264 2326 1397 2402 negotio
1418 2342 1484 2388 non
1497 2326 1714 2404 procederent
1728 2340 1855 2385 memo-

1062 2426 1146 2485 rato.
1161 2426 1306 2500 Cumque
1330 2424 1429 2485 iidem
1459 2425 1654 2485 executores
1674 2422 1854 2484 terminum

1063 2520 1212 2597 partibus
1240 2521 1469 2596 assignassent
1496 2522 1537 2582 ad
1564 2520 1854 2597 interloquendum

1063 2620 1172 2679 utrum
1187 2619 1377 2680 mandatum
1397 2618 1586 2695 hujusmodi
1601 2618 1736 2679 obstare
1755 2616 1855 2678 debe-

1062 2717 1114 2777 ret
1138 2717 1308 2792 processui
1327 2716 1528 2787 eorumdem,
1543 2717 1576 2777 et
1598 2715 1640 2777 ad
1659 2716 1855 2792 petitionem

1062 2812 1189 2889 praelati
1219 2813 1371 2888 magistri
1404 2814 1563 2874 citassent
1593 2812 1780 2873 (luidonem
1815 2812 1854 2871 de

1063 2910 1219 2985 Pugiaco,
1237 2910 1293 2985 qni
1313 2909 1484 2972 obtinebat
1507 2909 1732 2987 praebendam,
1756 2926 1854 2987 quam

1061 3007 1148 3069 idem
1162 3007 1319 3081 magister
1334 3007 1373 3068 ad
1390 3008 1603 3084 sepertinere
1619 3006 1761 3079 dicebat,
1782 3008 1852 3083 ipso

1062 3104 1219 3179 magistro
1239 3121 1305 3164 non
1327 3106 1589 3181 comparentem
1609 3105 1753 3166 termino
1772 3106 1852 3165 assi-

1062 3204 1172 3276 gnato,
1193 3204 1227 3261 et
1249 3202 1438 3268 cavillante,
1460 3202 1546 3277 quod
1575 3217 1641 3262 non
1665 3202 1788 3277 agebat
1813 3203 1851 3263 de

1062 3297 1240 3359 obtinenda
1256 3297 1444 3373 praebenda,
1457 3297 1513 3358 sed
1529 3298 1639 3373 potius
1651 3297 1693 3358 de
1708 3297 1852 3365 obtenta,

1062 3394 1204 3455 tamdem
1236 3395 1411 3456 intimante
1443 3394 1538 3456 nobis
1562 3395 1634 3471 ipso
1657 3395 1853 3456 Belvacensi

1062 3492 1227 3567 episcopo,
1245 3492 1331 3567 quod
1359 3491 1458 3551 iidem
1483 3495 1680 3552 executores
1702 3495 1778 3567 ejus
1800 3508 1855 3561 ca·

1061 3588 1289 3650 vitiationibus
1304 3588 1378 3665 plus
1396 3588 1506 3649 debito
1520 3588 1732 3663 indulgentes
1747 3606 1768 3649 a
1781 3606 1856 3666 pro-

1062 3702 1158 3746 cessu
1170 3685 1293 3760 negotii
1309 3701 1375 3745 non
1391 3685 1564 3746 cessabant
1578 3701 1773 3763 quanquam
1788 3702 1852 3748 sae·

1063 3782 1212 3859 pedictus
1226 3782 1386 3858 magister
1398 3798 1567 3859 nunquam
1588 3782 1767 3862 habuisset
1784 3800 1855 3846 cor·

1063 3880 1210 3957 poralem
1237 3881 1479 3955 possessionem
1499 3880 1688 3956 saepedictae
1702 3881 1855 3957 praeben-

1061 3974 1136 4047 dae‚‘
1149 3977 1333 4038 venerabili
1357 3976 1454 4038 tratri
1475 3979 1639 4038 nostro...
1670 3979 1854 4039 Parisiensi

1062 4075 1216 4150 episcopo
1231 4076 1265 4135 et
1282 4074 1358 4134 aliis
1373 4074 1453 4135 dicti
1472 4074 1597 4150 negotii
1622 4076 1856 4137 executoribus

1062 4170 1211 4231 dedimus
1222 4171 1256 4230 in
1270 4171 1446 4241 mandatis,
1457 4173 1493 4232 ut
1506 4172 1535 4231 si
1547 4174 1718 4233 constaret
1732 4173 1854 4233 eisdem

1062 4267 1273 4344 saepedictum
1290 4267 1485 4343 magistrum
1499 4268 1649 4330 obtinere
1661 4270 1698 4329 in
1713 4269 1856 4330 ecclesia

1062 4365 1321 4440 Rothomagensi
1344 4365 1566 4441 praebendam,
1578 4366 1678 4442 idque
1697 4382 1856 4444 suppres-

1062 4463 1147 4524 sisse
1171 4463 1205 4522 in
1228 4463 1360 4532 litteris,
1387 4478 1513 4537 quasa
1540 4463 1636 4524 nobis
1659 4463 1855 4540 impetrarat

1062 4560 1103 4619 ad
1120 4560 1211 4636 ipsos
1238 4574 1297 4634 pro
1314 4557 1491 4635 praebenda
1506 4560 1657 4621 ecclesiae
1672 4561 1856 4622 Belvacen-

1062 4657 1119 4727 sis,
1136 4657 1326 4717 nullatenus
1348 4657 1546 4717 auctoritate
1565 4657 1787 4732 procederent
1805 4673 1856 4718 ea·

1062 4754 1222 4824 rumdem,
1239 4753 1306 4814 nisi
1320 4752 1405 4814 forte
1421 4748 1506 4814 idem
1526 4754 1686 4829 magister
1700 4755 1856 4816 ostende-

1062 4853 1113 4912 ret
1124 4867 1160 4911 se
1175 4850 1381 4925 corporalem
1395 4852 1428 4911 et
1447 4850 1619 4927 pacificam
1640 4851 1748 4927 ipsius
1769 4868 1854 4928 prae·

1062 4948 1176 5008 bendae
1211 4948 1453 5024 possessionem
1481 4947 1661 5024 aliquando
1685 4948 1850 5009 habuisse.

1062 5047 1207 5121 Cumque
1222 5045 1320 5105 iidem
1338 5047 1448 5121 partes
1463 5045 1503 5106 ad
1527 5061 1620 5105 suam
1642 5046 1852 5120 praesentiam

1062 5144 1300 5203 convocassent
1324 5158 1400 5217 pars
1426 5142 1659 5219 praedictorum
1695 5143 1851 5219 episcopi,

1062 5242 1095 5300 et
1115 5240 1252 5314 capituli
1274 5242 1472 5300 recusarunt
1498 5241 1606 5315 ipsum
1628 5241 1851 5300 Parisiensem

1062 5336 1253 5413 episcopum
1269 5338 1304 5395 ut
1324 5338 1512 5411 suspectum
1528 5351 1588 5412 pro
1611 5352 1662 5409 eo,
1688 5336 1775 5412 qued
1791 5335 1850 5396 ad-

1063 5435 1216 5496 vocatum
1228 5434 1340 5510 partis
1364 5433 1503 5494 alterius
1518 5433 1688 5503 clericum,
1705 5435 1739 5494 et
1759 5450 1851 5495 com·

1063 5531 1245 5593 mensalem
1259 5548 1355 5592 suum
1369 5532 1483 5592 contra
1497 5547 1554 5591 eos
1568 5531 1602 5590 in
1617 5546 1720 5591 causa
1738 5530 1848 5592 eadem

1063 5631 1112 5690 eis
1125 5628 1383 5692 reclamantibus
1396 5627 1599 5699 admittebat,
1615 5643 1691 5687 cum
1715 5627 1848 5688 dixisset
