3930 6206
1711 300 1772 363 758

123 302 182 363 757
743 302 971 366 EPISTOLAE.
1006 303 1085 364 LIB.
1108 304 1164 364 lx.

124 478 164 525 ac
188 448 336 524 maxime
359 462 450 524 inter
471 462 727 524 excellentiores
753 460 921 540 principes
975 462 1074 525 deant
1088 461 1208 524 fluctus
1224 464 1307 539 ejus,
1325 460 1382 523 ille
1395 461 1452 538 qui
1465 458 1515 521 sic
1528 461 1645 539 potens
1656 459 1769 539 sicque

124 559 353 632 observandis,
382 560 479 636 quod,
505 561 593 622 sicut
619 559 680 621 tibi
708 560 920 621 meminimus
974 559 1135 622 terribilis
1145 559 1267 637 injuste
1281 575 1419 635 regnum
1430 558 1599 619 invaserat
1609 557 1772 634 saepedic-

124 656 343 732 significasse,
357 659 428 734 jam
449 656 572 717 dudum
596 657 736 718 fecimus
759 658 794 719 in
817 656 922 719 collo·
974 657 1056 729 tum,
1071 656 1153 717 illud
1169 656 1356 733 trepidante
1377 655 1456 732 fuga
1477 655 1642 730 deseruit;
1666 655 1709 726 et,
1730 670 1770 716 eo

124 754 203 830 quio
227 754 316 815 inter
343 769 403 815 nos
427 755 460 815 et
488 753 699 814 carissimum
723 754 758 815 in
789 754 920 817 Christo
975 750 1071 830 quem
1095 754 1143 815 sic
1163 753 1354 816 immaniter
1373 754 1482 814 fuerat
1500 753 1694 830 persecutus
1712 752 1768 829 ip-

124 850 231 911 illium
267 852 417 912 nostrum
441 850 657 912 Fredericum
695 853 920 913 Romanorum
975 866 1060 923 sum,
1074 851 1164 927 justo
1182 851 1242 912 Dei
1257 850 1396 928 judicio,
1418 850 1647 927 persequente,
1663 849 1771 925 impe-
1809 853 1813 862 '

123 947 359 1023 imperatorem
388 962 519 1023 semper
554 950 731 1023 augustum
753 952 786 1009 et
808 963 919 1023 regem
975 948 1062 1009 rium
1077 964 1218 1025 quoque,
1232 947 1318 1010 sicut
1332 948 1384 1009 est
1400 946 1622 1018 manifestum,
1637 944 1768 1019 amisit;

124 1044 250 1105 Siciliae
262 1044 450 1125 novissime,
466 1036 643 1116 celebrato,
661 1060 701 1105 ac
716 1061 776 1121 per
798 1061 919 1106 conse·
974 1046 1007 1106 et
1020 1046 1220 1121 Apostolicae
1234 1045 1322 1117 Sedi,
1340 1047 1435 1122 cujus
1445 1060 1562 1122 preces
1574 1045 1606 1106 et
1621 1057 1770 1105 commo-

123 1156 229 1216 quens
243 1140 431 1216 posthabita
444 1155 525 1201 cura
539 1141 665 1217 negotii
679 1140 792 1203 Terrae
810 1144 918 1203 Sanc·
974 1140 1118 1202 ultiones
1139 1141 1174 1202 in
1190 1141 1365 1203 invasione
1384 1142 1464 1203 dicti
1477 1141 1573 1217 regni
1594 1140 1789 1217 contemp--

122 1239 166 1299 tae
195 1238 443 1314 propterquod
472 1239 631 1300 statutum
660 1238 798 1300 fecimus
825 1240 921 1301 ante-
974 1239 1075 1310 serat,
1097 1239 1213 1316 postea
1241 1232 1431 1317 frequenter
1454 1236 1713 1315 supplicationes
1736 1236 1771 1298 et

122 1334 260 1396 dictum.
298 1336 378 1396 Haec
415 1334 542 1408 fecisti,
586 1337 619 1397 et
654 1336 819 1397 tacuimus
853 1339 919 1399 tuae
974 1352 1089 1413 preces
1102 1337 1243 1413 supplex
1257 1336 1458 1414 humilisque
1468 1336 1627 1412 porrexit.
1692 1356 1696 1363 ·

123 1431 322 1493 celsitudini
353 1430 550 1504 deferentes,
585 1449 624 1494 ac
662 1435 852 1510 satagentes
887 1434 920 1497 to
1014 1432 1174 1511 Denique,
1196 1437 1233 1494 ut
1253 1433 1294 1495 de
1316 1432 1505 1495 domesticis
1521 1431 1582 1493 tibi
1603 1445 1770 1507 propona-

122 1528 234 1605 potius
258 1528 432 1589 dulcedine
458 1529 606 1591 lenitatis
633 1546 731 1606 quam
757 1531 921 1592 severita·
974 1546 1047 1591 mus
1062 1529 1261 1607 exemplum,
1283 1531 1417 1609 inclytae
1433 1528 1674 1592 recordationis
1686 1528 1769 1589 Ric-

121 1626 166 1688 tis
180 1624 338 1687 acredine
356 1641 530 1701 revocare3
546 1627 635 1689 sicut
654 1630 766 1688 autem
784 1643 827 1689 ex
841 1643 921 1689 nos·
974 1628 1094 1689 cardus
1105 1627 1317 1704 rexAngliae,
1329 1631 1424 1705 cujus
1440 1643 1529 1687 nunc
1542 1639 1769 1687 successorem

121 1725 251 1784 irarum
267 1723 442 1784 dulcedine
453 1724 640 1785 litterarum
655 1725 695 1786 ad
712 1725 919 1787 devotionem
974 1725 1194 1802 persequeris,
1208 1725 1308 1800 coepit
1322 1725 1402 1786 olim
1414 1722 1502 1785 hello
1512 1723 1679 1805 lacessere
1693 1722 1769 1781 ola-

122 1823 155 1882 et
173 1820 396 1883 humilitatem
412 1821 593 1897 profecisse
608 1821 780 1893 debueras,
799 1823 846 1883 ita
862 1822 918 1882 ri·
973 1838 1020 1884 rae
1035 1822 1204 1884 memoriae
1220 1821 1346 1899 patrem
1359 1822 1463 1892 tuum,
1480 1819 1649 1895 multoque
1664 1833 1768 1894 supe-

77 1968 85 1994 ,
123 1917 213 1979 deris
238 1918 274 1978 in
311 1920 534 1995 contemptum
559 1919 593 1981 et
620 1919 774 1981 elationis
801 1919 919 1981 ritium
972 1916 1044 1982 rior
1056 1918 1185 1981 viribus
1201 1921 1234 1980 et
1248 1919 1366 1996 opibus
1379 1917 1563 1988 ridebatur,
1575 1915 1657 1978 adeo
1667 1914 1766 1991 quod,

121 2014 303 2076 corruisse.
974 2019 1045 2094 ejus
1064 2016 1266 2093 prevalente
1294 2032 1333 2077 ac
1357 2017 1497 2091 urgente
1518 2013 1676 2091 potentia,
1693 2011 1767 2088 ipse

161 2113 370 2190 Elquoniam
386 2115 536 2174 Romana
551 2112 711 2186 Ecclesia,
730 2115 835 2176 mater
848 2116 916 2187 tua,
973 2115 1067 2189 pater
1088 2114 1166 2175 tuus
1193 2114 1309 2175 contra
1328 2129 1402 2175 eam
1423 2112 1581 2174 Ecclesiae
1605 2113 1766 2171 Romanae

120 2209 274 2271 materna
300 2210 333 2270 ie
357 2226 447 2271 nunc
472 2209 649 2272 affectione
674 2212 707 2272 te
731 2214 839 2287 rogat,
870 2211 919 2271 sic
973 2211 1164 2287 praesidium
1190 2210 1390 2288 imploravit,
1409 2226 1494 2287 quae,
1521 2223 1652 2285 semper
1678 2205 1770 2267 indi-

119 2309 197 2368 tuus
229 2307 338 2368 elatus
362 2307 496 2369 ridetur
519 2307 650 2368 animus
679 2308 795 2369 contra
831 2324 916 2379 eam,
973 2323 1037 2384 gne
1052 2310 1219 2385 oppressis
1235 2307 1412 2370 subvenire
1426 2306 1634 2374 desiderans,
1649 2303 1767 2365 aucto-

120 2404 217 2482 quasi
237 2404 373 2480 reputes
392 2404 608 2480 impossibile,
635 2405 721 2482 quod
744 2405 777 2466 et
801 2406 838 2467 tu
859 2420 919 2467 ue-
972 2404 1082 2466 ritatis
1095 2421 1164 2466 suae
1180 2404 1387 2465 obstaculum
1401 2403 1578 2480 interjecit,
1591 2402 1767 2478 ipsumque

121 2517 216 2563 cesse
257 2501 437 2578 aliqnando
472 2501 608 2573 habeas,
639 2502 758 2575 eidem,
793 2504 918 2564 mutato
973 2514 1084 2577 regem
1112 2502 1251 2577 Angliae,
1278 2500 1379 2562 vellet
1399 2501 1512 2570 nollet,
1535 2500 1671 2574 treugas
1691 2512 1794 2583 cum.

119 2601 209 2660 statu
241 2602 439 2676 temporum,
477 2599 676 2676 supplicare.
707 2600 783 2661 Noli
818 2599 918 2660 nimis
973 2598 1046 2674 ipso
1071 2599 1166 2674 patre
1195 2599 1253 2658 tuo
1281 2597 1369 2658 inire
1397 2596 1560 2659 canonica
1590 2592 1769 2656 serenitate

120 2696 201 2757 huic
236 2696 473 2773 tranquillitati
516 2696 712 2773 confidere;
751 2698 918 2759 momento
973 2696 1090 2769 coegit.
1703 2690 1707 2699 ’

118 2810 214 2856 mare
229 2793 395 2866 turbatur,
412 2795 446 2856 et
463 2794 610 2856 mutatur
631 2795 761 2871 tempus
781 2809 800 2856 a
821 2810 919 2856 mane
1012 2794 1095 2852 licce
1117 2807 1256 2868 regnum
1277 2790 1416 2867 Augilas,
1438 2790 1525 2867 quod
1547 2792 1625 2851 tunc
1650 2801 1769 2864 perse·

122 2892 164 2952 ad
191 2906 381 2968 vesperam,
407 2892 441 2953 et
465 2891 544 2968 quid
568 2890 680 2952 futura
706 2892 777 2953 dies
795 2891 916 2968 pariet,
973 2887 1136 2966 quebatur
1149 2891 1254 2961 tuum,
1271 2888 1312 2950 ab
1331 2905 1371 2950 co
1393 2887 1656 2966 persecutionem
1670 2898 1769 2945 versa

119 2990 308 3065 ignoratur.
326 2991 503 3051 innumera
517 2989 594 3049 sunt
610 2988 764 3065 exempla
778 2989 920 3066 populo·
973 2986 1045 3047 vice
1060 3002 1148 3047 nunc
1163 2987 1297 3062 petitur,
1316 2986 1350 3047 et
1368 2985 1408 3045 ab
1425 3000 1464 3046 eo
1480 2984 1566 3061 quod
1583 2985 1662 3045 tuno
1675 2981 1765 3042 tem·

121 3102 197 3148 rum
212 3087 386 3161 etrcgum,
404 3086 462 3163 qui
483 3085 583 3147 rebus
605 3085 735 3147 bellicis
751 3102 840 3148 nunc
860 3102 919 3146 su·
972 3084 1063 3159 poris
1092 3082 1280 3154 infestabat,
1310 3083 1375 3143 boo
1403 3083 1552 3158 tempore
1578 3078 1765 3140 infestatur.

118 3185 282 3261 periores,
304 3199 393 3244 nunc
420 3182 608 3256 inferiores,
629 3183 845 3261 dispositione
866 3184 919 3244 di·
974 3180 1028 3241 Sic
1044 3178 1141 3242 Ludit
1151 3180 1351 3240 inhumanis
1364 3178 1477 3269 diviua
1492 3176 1640 3254 potentia
1648 3173 1766 3235 rebusl

119 3281 200 3342 rina
225 3280 318 3340 vices
343 3279 542 3351 alternante,
559 3279 704 3341 fuerunt.
726 3280 802 3351 Sed,
821 3280 857 3341 ut
877 3281 918 3342 de
972 3277 1021 3338 sic
1046 3278 1213 3339 Victorem
1229 3294 1249 3339 a
1263 3278 1352 3338 ricto
1379 3274 1532 3352 superari
1560 3288 1648 3350 saepe
1672 3270 1769 3333 ride-

122 3376 239 3438 multfs
255 3392 358 3441 unum
375 3390 492 3437 recens
509 3379 543 3438 et
557 3376 687 3438 celebre
699 3376 916 3453 proferamus,

119 3473 311 3535 recolendae
325 3474 495 3534 memoriae
510 3473 595 3533 otuo
611 3475 836 3535 Romanorum
851 3473 918 3533 im·

118 3572 267 3647 perator,
295 3571 329 3632 et
355 3568 483 3631 viribus
513 3571 663 3647 corporis
698 3571 730 3633 et
754 3570 918 3632 industria

123 3668 266 3729 militari
287 3666 492 3744 praecellens,
510 3670 695 3731 Romanum
710 3668 849 3744 pacifice
860 3668 920 3730 ob-

118 3765 250 3828 tinebat
272 3765 462 3841 imperium,
487 3765 521 3826 et
535 3765 575 3825 ab
597 3765 754 3841 aquilone
776 3766 818 3826 ad
833 3781 918 3826 aus-

117 3866 208 3925 trum
223 3863 306 3933 erat,
332 3862 421 3923 sicut
442 3862 543 3937 nosti,
567 3862 778 3923 formidabile
798 3878 917 3924 nomeu

118 3963 206 4038 ejus.
221 3960 358 4023 indatus
373 3974 452 4035 ergo
473 3960 593 4035 spiritu
615 3959 780 4036 superbiae
799 3976 840 4021 ao
862 3976 919 4019 su-

118 4070 182 4135 pra
203 4057 350 4133 seipsum
376 4057 496 4128 elatus,
523 4056 717 4133 praedictum
737 4057 920 4133 imperato-

118 4170 192 4216 rem
210 4152 257 4232 (1)
272 4156 351 4215 tunc
369 4153 530 4231 pupillum
552 4153 776 4215 exterminare
801 4154 920 4215 decre·

117 4253 179 4324 rit,
202 4254 339 4331 jamque
360 4250 430 4311 fere
453 4252 558 4336 totum
585 4252 756 4314 invaserat
776 4267 918 4328 reguum

117 4353 205 4428 eJus,
219 4352 289 4426 jam
316 4348 379 4425 ipsi
400 4349 526 4426 pupillo
551 4349 644 4410 nulla
666 4365 742 4426 spes
770 4365 844 4411 esse
863 4365 919 4410 re-

116 4449 211 4519 licta,
235 4447 300 4507 nisi
323 4446 496 4508 dumtaxat
517 4448 552 4508 in
571 4446 657 4521 fugae
679 4448 847 4523 praesidio,
863 4448 918 4508 ri-

117 4545 270 4615 debatur,
287 4545 320 4605 et
347 4559 421 4604 eam
446 4544 552 4619 ipsam
578 4544 783 4620 praecludere
802 4544 918 4606 feritas

117 4640 323 4702 moliebatur
356 4640 516 4701 hostilis:
544 4640 597 4701 cui
618 4643 699 4702 tunc
715 4641 915 4712 rerisimile,

85 4798 100 4803 -
117 4740 221 4799 immo
237 4738 292 4797 cui
307 4737 468 4814 possibile
481 4737 669 4809 ridebatur,
684 4737 770 4814 quod
786 4739 919 4799 adoles-

116 4834 286 4905 centulus,
314 4833 437 4895 virium
452 4835 486 4895 et
497 4834 645 4895 virorum
658 4849 698 4895 ac
713 4851 810 4910 opum
824 4837 918 4900 auxi-

116 4934 163 4993 lio
187 4931 375 5001 destitutus,
392 4930 480 4991 besti
492 4931 561 4992 tam
576 4930 699 5003 valido,
716 4933 783 4992 tam
799 4931 915 5005 feroci,

116 5031 210 5091 osset
226 5044 292 5089 non
308 5029 415 5088 solum
430 5043 569 5103 regnum
585 5028 683 5104 quod,
700 5029 736 5090 ut
748 5030 915 5105 praemisi-

115 5144 204 5197 mus,
231 5127 464 5201 ocouparerat,
483 5141 598 5187 verum
612 5125 711 5187 etiam
725 5127 832 5203 ipsum
853 5127 918 5187 im-

116 5225 249 5303 perium
275 5222 472 5299 erepturus?
493 5223 526 5284 et
549 5225 671 5296 tamen,
693 5223 835 5285 faciente
858 5224 916 5286 illo

115 5323 174 5401 qui
187 5319 342 5398 superbis
356 5320 493 5391 resistit,
508 5322 541 5381 et
555 5320 612 5397 qui
623 5321 734 5397 posuit
748 5322 833 5381 mari
847 5322 914 5382 fer-

115 5421 246 5483 minum
276 5417 363 5478 ultra
387 5432 484 5493 quem
514 5416 734 5480 intumescere
758 5434 825 5479 non
849 5435 915 5480 au-

153 5551 196 5625 (l)
216 5546 408 5607 fredericum.

972 3378 1062 3436 musi
1085 3377 1155 3436 Nec
1177 3376 1289 3436 tamen
1315 3374 1391 3451 ideo
1415 3372 1555 3434 dicimus
1572 3370 1658 3448 quod
1685 3367 1768 3430 talia

972 3471 1032 3534 tibi
1070 3486 1145 3533 esse
1178 3471 1325 3533 timenda
1351 3470 1544 3544 credamus3
1571 3468 1628 3530 sed
1655 3468 1769 3529 tamen

973 3585 1046 3646 quas
1073 3569 1278 3642 acciderunt,
1295 3569 1447 3630 accidere
1474 3566 1583 3629 adbuc
1608 3563 1767 3643 possunt:

973 3682 1077 3743 quare
1094 3666 1194 3728 debes
1217 3667 1331 3729 taliter
1351 3681 1430 3741 erga
1450 3668 1633 3726 Romanam
1649 3661 1768 3723 Eccle-

974 3765 1056 3825 siam
1081 3764 1117 3824 in
1141 3764 1362 3841 prosperitate
1385 3766 1418 3824 te
1437 3760 1618 3836 gererent
1639 3758 1667 3819 si
1690 3756 1769 3834 quid

973 3860 1106 3922 adversi
1136 3860 1235 3939 (quod
1270 3862 1357 3920 Deus
1390 3854 1553 3935 avertatl)
1591 3852 1768 3930 ingruerit,

973 3959 1045 4034 eJ'us
1059 3956 1259 4018 fiducialiter
1268 3957 1301 4017 et
1315 3956 1388 4017 sine
1403 3953 1524 4016 rubore
1542 3951 1649 4029 possis
1666 3949 1768 4012 auxi-

974 4055 1057 4115 lium
1080 4055 1281 4131 implorare;
1305 4068 1367 4114 nec
1395 4051 1566 4128 indignari
1590 4048 1687 4110 debet
1710 4047 1770 4108 tua

973 4152 1170 4223 sublimitas,
1184 4152 1238 4214 rel
1251 4151 1391 4219 moveri,
1404 4150 1433 4210 si
1447 4147 1637 4224 apostolica
1652 4145 1765 4218 Sedes,

973 4249 1014 4310 de
1032 4264 1191 4310 concessa
1206 4248 1303 4310 sibia
1318 4249 1385 4308 Deo
1401 4244 1607 4323 plenitudine
1620 4241 1769 4319 potesta-

971 4347 1026 4417 tis,
1046 4361 1135 4406 nuno
1150 4345 1260 4407 studet
1272 4347 1303 4406 te
1319 4360 1336 4405 a
1352 4342 1502 4421 praedicti
1519 4341 1610 4417 regis
1625 4339 1768 4401 infesta-

973 4443 1065 4504 tione
1084 4457 1305 4519 compescere,
1327 4458 1402 4502 cum
1419 4440 1696 4517 praedecessorem
1711 4437 1769 4513 ip·

972 4540 1042 4601 sius
1059 4540 1101 4601 ab
1124 4540 1337 4611 infestatione
1352 4537 1531 4599 clarissimi
1544 4536 1704 4613 genitoris
1718 4534 1768 4597 tui

972 4639 1062 4710 olim,
1080 4638 1168 4698 sicut
1182 4634 1410 4714 praediximus,
1422 4634 1588 4696 studuerit
1599 4648 1765 4695 coercere.

972 4739 1051 4807 Quae
1071 4735 1160 4796 enim
1186 4750 1246 4812 pro
1275 4732 1451 4810 saepedicto
1478 4734 1572 4809 patre
1598 4732 1667 4802 tuo,
1690 4745 1766 4791 ma·

971 4837 1066 4896 terno
1083 4830 1131 4911 (2)
1155 4832 1188 4893 et
1213 4829 1443 4908 potentissimo
1459 4844 1548 4904 rege,
1572 4826 1767 4888 canonicam

971 4946 1146 4993 censuram
1161 4929 1321 5001 exercuit,
1338 4944 1398 4990 cur
1416 4943 1483 4989 non
1496 4927 1588 4987 illam
1608 4940 1668 5011 ppo
1680 4924 1766 4985 ado-

972 5028 1155 5090 lescentulo
1176 5042 1255 5102 rege
1269 5026 1399 5102 Angliae
1414 5027 1449 5085 in
1464 5041 1544 5086 casu
1564 5023 1698 5084 omuino
1713 5021 1765 5082 si-

971 5125 1042 5185 mili
1064 5122 1255 5185 exercebiti
1278 5124 1383 5183 Nemo
1403 5119 1586 5198 prudentia
1602 5119 1668 5180 tuae
1683 5133 1766 5179 sua-

971 5223 1057 5293 deat,
1068 5221 1154 5299 quod
1167 5237 1235 5282 non
1249 5221 1293 5281 sit
1307 5222 1457 5281 nostrum
1473 5219 1507 5277 in
1520 5217 1584 5277 bac
1598 5217 1692 5292 parte
1706 5215 1767 5277 ob-

969 5320 1063 5381 riare
1084 5318 1217 5395 injuriae
1246 5317 1327 5377 dicti
1350 5316 1450 5390 regis,
1474 5330 1513 5374 eo
1538 5313 1623 5390 quod
1643 5328 1698 5374 res
1725 5312 1766 5375 de

972 5417 1093 5494 quibus
1124 5416 1237 5492 agitur
1264 5415 1393 5475 constat
1423 5411 1569 5473 existere
1606 5410 1765 5484 feodales,

1006 5548 1047 5623 (2)
1067 5546 1207 5605 Videlicet
1221 5542 1358 5600 mendosa
1372 5541 1434 5599 brec
1443 5540 1581 5614 scriptura
1597 5542 1681 5599 estin
1697 5557 1764 5600 nos·

970 5614 1310 5689 trocodice31egendum
1326 5621 1369 5671 esi
1384 5617 1496 5670 motare
1511 5612 1555 5670 rei
1570 5613 1704 5670 maximo.
