3930 6206
242 306 303 365 723
863 311 1039 374 HONORII
1061 316 1106 375 111
1128 317 1275 382 OPERA.
1824 336 1877 394 724

242 463 453 542 allegatione,
493 480 553 527 seu
595 466 791 544 exceptione
830 470 942 531 oneris
976 471 1037 533 de-
1092 474 1211 539 eidem.
1240 480 1359 544 batum
1377 485 1546 559 Laterani,
1573 490 1617 549 tv
1640 488 1801 551 kalendas
1823 491 1879 552 de·

242 560 397 631 bitonum,
430 563 476 626 ite
504 562 592 640 quod
623 563 652 624 si
687 565 761 642 quis
796 565 921 644 aliquid
958 568 1036 630 inde
1093 572 1247 647 cambris,
1265 578 1476 653 pontificatus
1494 584 1602 645 nosti
1617 599 1705 647 anno
1719 601 1843 648 nono...

244 675 451 737 quacumque
479 661 727 735 adinventione,
753 679 962 742 quocumque
984 666 1039 726 in·
1132 670 1251 733 Abbati
1266 674 1307 736 de
1327 677 1464 740 cariath
1493 680 1722 743 cistarciensis
1748 683 1877 757 ordinis,

242 758 341 834 genio
377 756 633 832 defraudaverit,
662 762 783 837 prater
811 762 923 823 notam
954 778 1037 839 per-

238 855 333 933 jurii,
371 872 468 933 quam
498 857 647 918 incurret
681 858 713 919 et
736 858 819 919 illud
850 860 936 935 quod
969 860 1033 921 de-

243 951 420 1026 fraudavit,
452 954 485 1015 et
508 955 712 1016 tantumdem
739 956 779 1017 de
809 955 938 1033 reliqua
967 972 1038 1017 me-

243 1047 366 1111 dietate
399 1052 578 1126 persclvat,
615 1052 789 1129 simileque
822 1054 985 1114 auxilium
1018 1069 1037 1114 a

243 1147 500 1208 consistentibus
514 1148 600 1210 ultra
623 1151 782 1217 Macram,
804 1151 872 1210 tarn
887 1150 922 1210 iri
943 1150 1038 1226 regia

244 1244 379 1305 civitate
402 1261 501 1321 quam
528 1247 623 1307 extra
648 1246 821 1308 carissimo
843 1246 878 1307 in
907 1246 1038 1309 Christo

243 1338 313 1401 lilio
334 1343 449 1403 nostro
464 1342 657 1419 imperatori
672 1343 1038 1421 Constantinopolitano

242 1436 365 1497 illustri
393 1439 568 1499 statuimus
600 1439 847 1512 conserendum,
877 1441 940 1502 hcc
966 1441 1037 1503 solo

240 1534 391 1595 adhibito
406 1535 642 1608 moderamine,
665 1538 700 1599 ut
724 1537 880 1601 videlicet
907 1538 1038 1600 solvant

242 1630 350 1692 eidem
365 1633 492 1693 tantum
517 1632 678 1696 decimam
698 1637 918 1712 proventuum
938 1635 1037 1713 hujus

242 1729 332 1799 anni,
350 1745 410 1806 pro
425 1745 465 1792 eo
478 1731 563 1807 qucd
589 1732 677 1794 inter
702 1748 760 1793 eos
785 1733 880 1794 multi
893 1749 967 1794 esse
981 1732 1037 1793 di-

242 1827 372 1897 cuntur,
396 1827 453 1904 qui
480 1844 594 1889 omnes
628 1829 777 1892 redditus
807 1846 897 1902 suos,
925 1830 1037 1906 utpote

242 1923 462 1986 consistentes
500 1925 588 1987 ultra
629 1926 803 1988 brachium
840 1927 1036 1999 amiserunt,

242 2035 383 2097 quorum
397 2023 578 2084 necessitas
594 2038 732 2086 necesse
746 2026 796 2087 est
810 2041 870 2101 per
880 2023 965 2086 alios
977 2040 1038 2086 re·

240 2116 358 2179 levari.

282 2214 425 2291 Ideoque
440 2218 691 2280 universitatem
703 2219 850 2280 vestram
864 2218 1038 2280 hortamur

241 2312 377 2380 attente,
393 2314 427 2374 et
440 2329 501 2390 per
514 2315 703 2391 Apostolica
721 2316 816 2377 vobis
835 2317 960 2391 scripta
974 2314 1036 2374 ilr-

241 2407 340 2470 miter
370 2411 595 2488 praccipiendo
628 2412 834 2484 mandamus,
872 2413 1036 2489 quatenus

241 2505 327 2582 quod
344 2522 445 2582 super
458 2507 511 2567 his
526 2508 687 2570 suadente
705 2509 904 2571 necessitate
918 2509 1039 2570 statm-

241 2617 315 2663 mus
341 2603 522 2666 tolerantes
549 2606 792 2684 aequanimiter,
824 2606 938 2677 immo,
959 2605 1037 2683 quia

241 2699 290 2761 sic
329 2717 469 2762 necesse
507 2704 568 2774 est,
604 2703 758 2765 hilariter
796 2704 1035 2781 amplexantes,

239 2795 433 2871 praedictam
448 2798 657 2859 medietatem
672 2798 736 2871 his,
758 2813 843 2876 quos
855 2799 928 2876 ipse
947 2813 1039 2859 mar-

240 2891 328 2963 chio,
343 2894 376 2955 et
389 2893 501 2956 dilecti
516 2894 615 2955 filii...
632 2895 735 2957 abbas
745 2895 786 2957 de
798 2894 949 2957 Curtiatb
964 2894 1038 2955 Gis·

239 2989 378 3050 tarcian.
391 2992 459 3052 et...
472 2992 619 3053 decanus
627 2994 829 3054 Patracen...
839 2994 1037 3054 executores

239 3086 390 3163 praedicti
415 3090 529 3151 statuti
545 3090 586 3150 ad
611 3091 674 3151 hoc
694 3091 852 3152 duxerint
872 3091 1037 3168 deputan-

239 3184 310 3256 dos,
328 3186 400 3247 sine
413 3186 620 3256 difficultate,
635 3202 674 3248 ac
690 3187 910 3249 diminutione
923 3185 1035 3264 quali-

241 3279 297 3343 bet
308 3281 475 3354 tribuatis‚
493 3283 599 3345 eidem
614 3285 801 3346 marchioni
816 3284 958 3345 fideliter
977 3298 1038 3344 as-

240 3377 449 3452 signandam,
467 3381 609 3442 scientes
622 3396 683 3442 nos
703 3381 828 3442 eisdem
843 3380 1036 3442 executori-

238 3471 300 3534 bus
315 3474 447 3537 dedisse
460 3477 600 3539 tirmiter
613 3478 648 3538 in
669 3479 854 3556 praecptis,
872 3479 909 3539 ut
921 3478 950 3538 si
966 3476 1035 3554 qui,

239 3572 324 3649 quod
337 3589 404 3634 non
416 3574 593 3647 credimus,
602 3575 681 3635 huic
694 3576 815 3636 nostrae
826 3574 1036 3652 dispositioni

239 3668 306 3730 tam
324 3671 521 3732 necessariae
532 3671 781 3749 praesumpserit
790 3671 960 3743 reluctari,
970 3670 1035 3747 ipsi

239 3780 297 3827 ecs
312 3766 441 3829 adeam
465 3768 662 3830 servandam
687 3784 747 3844 per
761 3767 992 3845 suspensionis
1004 3768 1038 3829 et

240 3865 595 3926 excommunicationis
632 3866 826 3938 sententias,
867 3881 908 3925 ac
936 3864 1036 3926 etiam

240 3976 300 4036 per
328 3962 548 4036 privationem
576 3962 814 4024 beneficiorum
841 3977 988 4034 suorum,
1008 3963 1036 4022 si

239 4057 427 4134 aliquorum
453 4060 638 4136 pertinacia
661 4060 695 4121 id
717 4060 878 4136 exposcit,
907 4058 1036 4121 sublato

239 4154 473 4231 appellationis
488 4156 735 4233 impedimento,
752 4157 961 4234 compellant,
977 4157 1036 4218 in-

239 4252 369 4324 vocato,
397 4254 426 4314 si
455 4269 537 4331 opus
566 4253 676 4326 luerit,
716 4255 831 4315 contra
860 4253 1038 4315 rebellium

239 4350 483 4411 contumaciam
521 4351 650 4413 auxilio
682 4351 814 4413 brachii
851 4350 1035 4412 saecularis.

239 4447 385 4509 Faciatis
400 4448 503 4523 igitur
515 4448 555 4509 de
568 4449 766 4512 necessitate
777 4450 946 4520 virtutem,
963 4462 1037 4508 nos-

210 4578 212 4583 ·
239 4543 1034 4622 trumquepraeceptumitabilaritercompleatis,

239 4642 326 4718 quod
337 4656 404 4703 non
414 4641 594 4703 incurratis
607 4640 819 4703 difficultates
833 4639 1035 4718 huusmodi,

239 4754 301 4800 nec
310 4738 516 4800 exacerbetis
527 4738 667 4815 superba
681 4737 890 4813 impatientia
900 4737 1034 4807 sortem,

240 4852 340 4914 qnam
354 4836 472 4896 humili
486 4835 646 4912 patientia
661 4835 810 4912 levigare
823 4834 972 4910 potestis.

279 4933 439 4995 Volumus
453 4935 575 5005 autem,
588 4935 624 4993 ut
639 4932 725 4993 idem
738 4931 887 4993 marchio
903 4930 1037 4994 attilius

1093 766 1162 828 et...
1184 768 1309 833 decano
1322 774 1515 835 Patrncensi
1535 777 1695 854 scriptum
1716 781 1879 858 estsuper

1093 861 1157 934 bis,
1188 866 1225 926 ut
1252 882 1310 928 ecs
1336 869 1378 929 ad
1403 870 1436 930 id
1463 875 1724 950 exsequendum,
1759 876 1879 939 sublato

1093 960 1327 1037 appellationis
1336 966 1583 1043 impedimento,
1598 972 1812 1047 compellant,
1831 974 1879 1034 in-

1092 1059 1226 1131 vocato,
1236 1060 1266 1121 si
1280 1076 1363 1139 opus
1373 1062 1484 1137 inerit,
1499 1070 1616 1128 contra
1627 1067 1804 1130 rebellium
1813 1085 1880 1131 con-

1092 1156 1272 1218 tumaciam
1285 1160 1412 1222 auxilio
1425 1160 1555 1224 brachii
1569 1165 1757 1227 saecularis.

1419 1420 1560 1508 XXXV

1092 1574 1327 1648 assarones,
1354 1580 1496 1653 milites,
1530 1595 1716 1656 omnesque
1749 1586 1879 1647 Lotbms

1133 1674 1170 1731 tn
1182 1674 1361 1736 Romanas
1375 1679 1520 1751 imperio
1530 1679 1620 1740 citra
1633 1682 1796 1742 Macram
1809 1697 1879 1743 coss-

1131 1768 1282 1831 stitutus.

1353 1848 1389 1906 30
1402 1848 1536 1907 novemb.
1552 1850 1631 1909 saal.

1125 1970 1245 2033 magoch,
1255 1970 1300 2022 lib.
1314 1972 1358 2032 IX,
1368 1973 1441 2039 epist.
1455 1973 1494 2024 el.
1508 1976 1567 2026 tiss.
1578 1976 1614 2026 Ls
1624 1976 1702 2027 Porto
1711 1976 1750 2028 du
1762 1978 1852 2044 rnen]

1093 2094 1260 2167 Beronibus,
1270 2096 1407 2155 militibus
1420 2099 1610 2172 omnibusque
1618 2102 1730 2160 Latinis
1744 2104 1776 2161 in
1791 2104 1878 2161 sons

1127 2183 1184 2239 nim
1197 2184 1400 2256 imperiosius
1419 2187 1544 2245 hiacram
1561 2191 1798 2260 conastentibms,
1812 2207 1879 2249 mac

1127 2268 1176 2328 dat
1187 2280 1217 2328 ut
1227 2273 1375 2332 succursui
1387 2275 1482 2331 Terras
1496 2277 1608 2334 Sancta
1622 2293 1744 2351 operam
1757 2279 1833 2337 dent

1131 2406 1311 2480 Honorius,
1338 2411 1414 2481 etc,
1436 2409 1568 2472 dilectis
1593 2411 1674 2473 tiliis
1693 2412 1876 2484 baronibus,

1092 2502 1265 2572 militibus,
1278 2505 1498 2583 omnibusque
1512 2507 1640 2569 Latinis
1660 2509 1698 2569 in
1715 2510 1878 2571 Romania

1092 2599 1233 2676 imperio
1246 2602 1329 2663 citra
1346 2605 1493 2664 Macram
1508 2605 1782 2680 consistentibus,
1798 2607 1879 2668 salu·

1091 2697 1158 2758 tem
1173 2700 1207 2760 et
1219 2699 1443 2774 apostolicam
1462 2700 1741 2764 benedictionem.
1934 2771 1938 2783 ,

1133 2797 1180 2857 Ea
1205 2811 1279 2874 quae
1306 2795 1448 2858 iacimus
1476 2814 1536 2874 pro
1558 2801 1671 2860 vestra
1695 2799 1879 2862 detonsione

1093 2907 1133 2953 ac
1162 2893 1252 2953 statu
1273 2893 1451 2955 manifeste
1480 2894 1711 2957 demonstrant
1729 2898 1877 2974 qsmntam

1092 2989 1134 3050 ds
1161 2988 1254 3051 vobis
1277 3006 1393 3052 curam
1422 2992 1455 3052 et
1476 2991 1738 3055 sollicitudinem
1758 2995 1876 3056 habea·
1947 3068 1948 3081 χ

1093 3102 1178 3147 mus.
1213 3089 1298 3149 Ecce
1329 3088 1430 3159 enim,
1460 3089 1617 3152 dilectum
1648 3091 1756 3152 lilium
1792 3090 1876 3153 nobi-

1092 3184 1169 3255 lem,
1194 3185 1270 3256 etc,
1287 3200 1394 3259 usquc
1409 3186 1482 3262 ipsc
1495 3188 1696 3263 apostolicis
1711 3189 1877 3265 indulgen·

1092 3281 1148 3343 tiis
1161 3282 1357 3358 excitand03
1371 3298 1411 3343 ac
1426 3283 1563 3360 insuper
1580 3286 1774 3361 satagentes
1787 3285 1877 3346 robo-
1946 3272 1947 3275 ¹

1091 3394 1169 3439 rare
1179 3380 1301 3440 statum
1312 3379 1455 3457 imperii,
1465 3382 1499 3442 et
1508 3397 1568 3458 per
1577 3397 1877 3460 consequenspraa·
1945 3454 1946 3467 ἢ

1092 3491 1212 3551 parare
1232 3476 1321 3537 viam
1351 3478 1524 3539 succursui
1550 3480 1662 3539 Terrae
1686 3481 1815 3541 Sanctae
1842 3478 1876 3539 ab

1093 3573 1248 3634 omnihus
1259 3573 1392 3635 clericis
1406 3574 1513 3650 ipsius
1533 3575 1666 3652 imperii
1681 3578 1751 3638 tam
1767 3577 1878 3653 praela·

1091 3670 1147 3742 tis,
1165 3667 1263 3747 quarn
1287 3670 1440 3743 subditis
1456 3673 1524 3733 tam
1534 3672 1663 3733 Latinis
1677 3690 1780 3750 quam
1796 3676 1878 3734 Gras-

1092 3767 1154 3839 cis,
1170 3767 1379 3829 medietatem
1395 3769 1543 3829 omnium
1562 3785 1699 3830 sucrum
1715 3770 1876 3831 mobilium

1092 3864 1266 3925 carissimo
1278 3865 1314 3924 in
1332 3864 1464 3927 Christo
1482 3866 1551 3927 tilio
1566 3867 1718 3927 nostro...
1736 3869 1875 3944 impera·
1942 3894 1943 3911 ,

1090 3961 1156 4023 tori
1182 3961 1549 4038 Constantinopolitano
1574 3963 1711 4037 illustri,
1740 3967 1776 4026 et
1796 3978 1876 4024 mar-
1926 3916 1943 4059 Ι

1092 4058 1205 4120 ebioni
1229 4059 1388 4135 praedicto
1411 4058 1552 4120 facimus
1564 4059 1717 4122 exbiberi
1735 4061 1818 4123 utad
1831 4060 1876 4136 ip·

1092 4155 1162 4216 sius
1190 4155 1392 4217 marchionis
1418 4157 1621 4232 ingressum,
1650 4158 1726 4234 ipse
1758 4170 1875 4236 quoque

1091 4250 1285 4326 imperator,
1322 4249 1446 4311 habitis
1480 4250 1655 4328 stipendiis
1693 4250 1875 4329 opportunis

1091 4348 1244 4424 erumpat
1269 4347 1303 4408 in
1323 4347 1437 4409 hostes
1472 4348 1616 4409 viriliter
1653 4350 1687 4410 ct
1720 4350 1873 4426 potenter,

1092 4444 1206 4520 sicque
1227 4444 1310 4521 ipsis
1335 4444 1485 4506 hostibus
1509 4445 1632 4523 duplici
1652 4446 1784 4509 terrore
1803 4459 1873 4522 per·

1090 4542 1206 4613 culsis,
1231 4543 1370 4619 uterque
1396 4542 1438 4602 ad
1463 4542 1634 4616 honorem,
1651 4546 1684 4606 et
1705 4542 1874 4605 exaltatio·

1092 4656 1168 4700 nem
1194 4638 1344 4711 alterius,
1365 4655 1405 4700 ac
1433 4639 1619 4713 utilitatem,
1641 4642 1817 4702 aestatum
1835 4640 1874 4698 to

1092 4737 1159 4798 tius
1184 4736 1317 4813 imperii
1334 4736 1508 4797 victoriam
1524 4739 1591 4797 ileo
1613 4737 1778 4812 largiente
1797 4735 1875 4797 cole·

1092 4835 1164 4894 rius
1188 4834 1399 4910 assequatur.
1417 4833 1500 4905 Quid
1526 4835 1631 4910 igitur
1649 4835 1686 4894 in
1713 4835 1777 4895 hcc
1801 4830 1874 4894 arti·

1092 4931 1166 4992 culo
1198 4930 1308 4992 iacere
1334 4929 1459 4992 debetis
1485 4947 1544 4992 vos
1572 4931 1663 5003 laici,
1695 4932 1763 4993 nisi
1797 4930 1872 4991 totas

240 5033 323 5109 ejus,
341 5046 379 5091 ar
391 5030 495 5091 frater
510 5045 585 5091 cnm
599 5028 780 5090 baronibus
794 5028 864 5089 suis
879 5028 1037 5105 praestent
1091 5028 1262 5090 effundere
1281 5028 1371 5090 vires
1383 5029 1525 5100 vestras,
1544 5030 1710 5105 quatenus
1727 5027 1871 5101 utrisque,

239 5128 275 5188 in
293 5127 444 5188 manibus
460 5126 622 5187 dictorum
638 5128 853 5188 executurum
872 5140 1036 5202 corpora·
1092 5126 1190 5201 prout
1213 5124 1398 5186 communis
1429 5124 1555 5186 utilitas
1583 5125 1700 5201 exigit,
1731 5128 1765 5186 et
1797 5119 1874 5196 cogit

196 5246 207 5257 ·
240 5226 319 5287 liter
329 5224 569 5302 jnramentum,
598 5224 632 5284 et
650 5222 799 5298 obligent
815 5222 914 5284 etiam
929 5224 1037 5284 terras
1091 5222 1165 5297 ipsa
1187 5222 1370 5284 necessitas
1390 5221 1534 5283 viriliter
1555 5221 1781 5283 adnitentibus
1802 5233 1874 5280 con-

241 5338 332 5394 suas,
354 5321 440 5399 qucd
463 5320 493 5381 si
518 5320 678 5381 Dominus
699 5320 884 5381 restituerit
909 5319 959 5381 eis
982 5335 1038 5380 re-
1091 5322 1244 5382 terantnr
1266 5318 1334 5380 Deo
1360 5318 1504 5394 propitio
1525 5318 1723 5387 adversarii,
1746 5319 1779 5379 et
1797 5315 1873 5378 sicut

241 5435 345 5497 gnum
359 5416 658 5480 Thessalonicense
680 5417 851 5478 totumve]
877 5419 1038 5494 majorem
1093 5415 1213 5477 debent
1233 5415 1400 5492 imperiali
1421 5414 1617 5476 sublimitati
1638 5414 1817 5476 subdantur
1835 5408 1872 5470 ad

241 5519 371 5592 partem
387 5515 504 5593 ipsius,
519 5514 695 5576 restituent
707 5513 1038 5586 vobis,velecclesiis
1092 5514 1239 5576 vestram
1262 5513 1456 5590 perpetuam
1474 5511 1750 5588 tranquillitatem
1770 5511 1801 5571 at
1819 5520 1873 5584 pa·

241 5612 361 5672 vestris
377 5627 416 5672 ea
439 5627 513 5688 qnae
533 5627 621 5672 nunc
649 5611 834 5673 marchioni
861 5609 1039 5673 conteretis
1094 5628 1177 5673 cem.
1206 5610 1386 5673 Homamnr
1417 5610 1520 5686 igitur
1540 5609 1787 5673 universitatem
1810 5617 1872 5663 ves·
