4014 6224
62 1972 72 1983 '
199 1975 309 2053 palam
331 1991 400 2037 suaa
421 1974 597 2052 pravitatis
617 1988 760 2043 errores,
777 1972 898 2033 Christi
913 1986 993 2048 gre·

198 258 254 318 111
813 260 990 324 HONORII
1013 264 1057 323 111
1079 262 1226 325 OPERA.
1780 256 1841 321 ¹12

194 416 270 486 das,
291 417 507 482 demolientes
526 418 686 490 eamdem,
709 434 917 496 summopere
939 419 991 481 la·
1045 420 1340 497 Magdeburgensis
1354 420 1519 493 dioecesis,
1540 436 1643 498 super
1659 421 1837 483 construc-

197 512 365 587 boramus‚
384 518 430 588 ut,
450 516 535 594 quod
560 516 690 578 avertat
716 517 886 589 Dominus,
916 533 991 577 curn
1045 520 1136 580 done
1157 518 1329 595 cujusdam
1349 520 1460 596 pontis
1480 520 1514 581 et
1531 519 1758 581 exstructione
1776 534 1839 580 cu·

198 612 296 673 malis
325 614 481 689 agricolis
508 629 575 674 non
602 613 796 691 perdamur,
825 629 925 691 super
952 628 993 674 eo
1042 614 1176 693 jusdam
1192 616 1335 691 aggeris,
1350 615 1453 693 sylvis
1468 618 1501 676 et
1515 615 1784 693 possessionibus
1800 631 1839 677 ac

199 710 315 781 etiam,
333 711 417 787 quod
438 710 678 772 inhabitatores
698 711 801 771 castri
817 711 989 771 almisien.
1046 712 1145 773 rebus
1158 713 1234 773 aliis
1249 712 1400 784 uertitur,
1416 712 1663 775 venerabilibus
1678 712 1839 774 fratribus

199 809 320 868 eamin
334 807 533 870 christianos
547 807 787 869 immanitatem
801 808 990 879 exerceant,
1045 808 1180 871 Alberto
1213 809 1491 885 Magdeburgensi
1521 810 1772 888 archiepiscopo
1806 812 1841 871 et

198 905 236 965 ut
257 920 322 965 non
344 905 512 977 ecclesiis,
535 906 592 966 aut
615 904 767 982 personis
788 920 915 973 aarum,
934 904 990 965 vi-
1045 906 1216 967 Friderico
1230 907 1504 968 Halberstadensi
1519 908 1551 968 et
1566 907 1717 969 conrado
1732 922 1842 984 qnon-

199 1002 284 1068 duis,
301 1002 435 1079 pupillis
458 1003 491 1064 et
511 1001 660 1073 senibus,
678 1016 741 1063 nec
756 1001 894 1064 cuilibet
912 1015 993 1078 par·
1046 1002 1121 1063 dam
1141 1003 1411 1065 Halberstadensi
1431 1005 1607 1080 episcopis,
1620 1004 1661 1065 de
1674 1019 1840 1066 consensu

199 1100 276 1161 cant
289 1099 396 1171 sexui,
417 1102 451 1162 et
469 1101 570 1172 aetati,
589 1099 646 1160 sed
670 1114 876 1177 paganorum
899 1113 991 1160 more
1046 1099 1176 1177 praefati
1188 1100 1281 1163 ducis
1291 1103 1325 1162 et
1335 1102 1560 1178 procuratoris
1570 1101 1674 1178 partis
1687 1101 1839 1173 alterius,

198 1197 356 1259 universa
381 1199 568 1269 vastantes,
594 1198 753 1273 tanquam
782 1212 897 1258 eorum
924 1196 993 1256 sint
1046 1197 1240 1258 duxerimus
1269 1198 1547 1268 committendam,
1575 1200 1608 1260 et
1628 1198 1715 1259 idem
1737 1196 1841 1261 abbas

199 1293 327 1356 deliciae
343 1296 474 1372 operari
490 1310 657 1371 perverse,
675 1294 710 1355 in
730 1293 915 1370 perditione
931 1308 991 1353 re·
1046 1297 1185 1367 asserat,
1202 1312 1238 1357 se
1257 1312 1323 1357 non
1347 1313 1444 1373 posse
1465 1311 1635 1358 securem
1657 1295 1839 1373 praedicto-

199 1409 284 1464 rum,
302 1393 335 1455 et
347 1392 518 1454 hominum
533 1391 729 1468 gloriantur.
746 1390 892 1463 Quodam
907 1405 993 1455 com·
1046 1408 1119 1453 rum
1131 1393 1280 1470 judicum
1295 1394 1472 1471 praesentia
1488 1409 1692 1470 comparere,
1711 1392 1843 1454 discre-

198 1489 366 1568 passionis
388 1490 465 1566 igne
486 1488 752 1566 perstringimur,
774 1488 889 1549 contra
911 1503 991 1564 pes·
1045 1489 1130 1551 tioni
1145 1492 1264 1551 vestrae
1280 1491 1539 1568 perApostolica
1555 1491 1678 1567 scripta
1693 1490 1840 1551 manda-

198 1589 265 1649 tem
289 1588 473 1664 utramque,
497 1588 583 1648 sicut
606 1600 791 1663 possumus,
816 1599 992 1646 occurrere
1047 1603 1131 1660 mus,
1160 1590 1323 1664 quatenus
1355 1589 1552 1650 auctoritate
1575 1590 1691 1649 nostra
1713 1586 1840 1648 eisdem

201 1685 383 1761 cupientes.
397 1686 476 1744 Cum
487 1684 609 1760 itaque,
625 1683 711 1743 sicut
725 1681 924 1751 audivimus,
942 1680 993 1741 vi·
1043 1684 1212 1761 judicibus
1231 1685 1424 1762 injungatis,
1448 1688 1485 1747 nt
1504 1685 1714 1760 assignantes
1730 1685 1843 1745 locum

199 1780 267 1843 cini
294 1782 366 1842 sitis
390 1782 499 1842 castro
522 1779 700 1856 praedicto3
726 1780 758 1840 et
782 1777 931 1855 partibus
952 1776 992 1837 de
1047 1782 1179 1858 utrique
1193 1782 1280 1858 parti
1296 1783 1535 1859 competentem
1547 1784 1580 1844 et
1593 1783 1711 1853 tutum,
1721 1796 1844 1858 proce·

200 1878 350 1949 Bossina,
363 1876 420 1937 ubi
433 1877 582 1938 baeretici
597 1875 728 1953 quidem
742 1873 992 1950 dogmatizando
1047 1879 1127 1940 dant
1139 1880 1173 1939 in
1189 1880 1261 1955 ipso
1276 1879 1409 1955 negotio
1421 1881 1519 1957 juxta
1531 1879 1686 1941 traditam
1701 1878 1751 1939 eis
1767 1877 1841 1940 sor-

1047 1992 1145 2037 mam.
1163 1976 1254 2048 Quod
1270 1978 1299 2037 si
1314 1993 1380 2037 non
1395 1976 1545 2048 iecerint,
1562 1992 1622 2037 ros
1640 1976 1673 2037 id
1692 1976 1844 2038 auctori-

199 2089 274 2149 gem
293 2074 328 2135 et
346 2074 489 2145 vineam,
503 2072 590 2132 idest
607 2072 852 2131 sacrosanctam
875 2069 992 2130 ortho-
1048 2076 1114 2136 tate
1130 2075 1243 2135 nostra
1261 2074 1321 2135 sub
1337 2074 1528 2151 apostolica
1543 2073 1732 2135 obedientia
1748 2088 1844 2135 exse·

200 2171 321 2231 doxam
346 2169 538 2240 Ecclesiam,
564 2166 787 2230 exterminant
807 2168 840 2228 et
863 2166 993 2243 disper-

202 2270 293 2339 dunt,
306 2268 340 2329 et
350 2267 492 2329 ecclesia
504 2267 615 2327 uestra
629 2267 725 2326 uacet
738 2266 880 2341 pastore,
897 2266 992 2341 cujus

201 2367 234 2429 et
259 2369 406 2427 vestrum
427 2365 469 2426 ad
493 2365 556 2425 hoc
578 2363 808 2439 cognoscimus
830 2360 992 2423 auxilium

200 2464 432 2541 opportunum,
445 2462 701 2523 Universitatem
716 2460 861 2521 vestram
877 2474 994 2519 mone-

140 2556 142 2561 ’
199 2574 275 2622 mus
287 2576 346 2638 per
357 2560 545 2637 Apostolica
558 2558 680 2635 scripta
693 2556 899 2628 mandantes,
912 2571 993 2635 qua·

200 2663 297 2721 tenus
313 2659 353 2719 ad
369 2657 562 2719 electionem
586 2655 828 2733 archiepiscopi
850 2653 991 2715 canoni-

200 2774 273 2820 cam
289 2760 321 2818 et
336 2755 543 2825 concordem,
560 2753 690 2815 sublato
714 2751 892 2829 quuslibet
905 2750 994 2812 dilli-

199 2854 333 2917 cultatis
348 2851 527 2923 obstaculo,
540 2850 745 2927 procedatis3
760 2850 874 2911 contra
885 2847 995 2909 haere·

199 2954 285 3015 ticos
312 2954 346 3012 et
368 2949 585 3012 Almisienses
614 2946 747 3008 eosdem
775 2946 896 3007 dilecto
924 2944 993 3006 lilio

202 3049 361 3125 magistro
372 3051 409 3109 Α.
422 3046 624 3107 subdiacono
635 3046 668 3106 et
682 3043 855 3121 capellano
867 3043 991 3115 nostro,

200 3144 504 3224 apostolicaesedis
518 3143 639 3219 legato,
648 3157 707 3219 pro
717 3141 838 3203 restris
852 3140 994 3203 libenter

200 3243 330 3308 viribus
343 3240 547 3308 assistentes,
564 3239 753 3316 hujusmodi
767 3254 810 3299 ex
823 3239 933 3299 animo
944 3237 993 3298 sic

199 3341 320 3411 acturi,
336 3338 421 3417 quod
437 3337 537 3399 Pater
556 3336 612 3414 qui
631 3335 721 3397 videt
737 3336 773 3396 in
788 3334 990 3407 abscondito,

199 3437 318 3501 reddat
330 3434 436 3506 robis,
450 3436 483 3495 et
496 3448 558 3495 nos
571 3434 691 3495 vestrae
706 3431 892 3494 devotionis
907 3432 994 3493 inte-

200 3535 354 3611 gritatem
369 3531 567 3610 apostolicis
579 3529 866 3591 benedictionibus
877 3546 994 3607 prose·

202 3647 353 3711 quamur.
379 3632 497 3692 Datum
522 3627 694 3704 Anagniae,
711 3630 755 3690 IV
774 3628 849 3689 idus
868 3627 993 3701 martii,

199 3730 410 3809 pontificatus
425 3727 531 3791 nostri
545 3740 633 3788 anno
648 3740 684 3786 se
709 3726 757 3789 to.

500 4056 694 4144 CXXXIV

197 4215 250 4299 Ad
256 4207 483 4286 prepositum
492 4210 639 4280 majoris
651 4207 801 4267 ecclesiae
810 4204 845 4266 ct
855 4203 992 4267 sancte

216 4307 735 4373 MariaeadGrcdns...decanos
744 4305 970 4364 colonienses.

475 4444 512 4503 le
523 4442 618 4501 martii
633 4442 712 4500 lats.

272 4570 449 4637 [Hmnemsnm
464 4567 548 4619 Codex
560 4565 724 4625 Anbdfinus,
734 4579 762 4628 p.
774 4564 814 4622 so,
826 4579 851 4617 n.
866 4563 920 4629 db]

198 4698 355 4771 Praeposito
369 4702 398 4752 et
418 4692 535 4751 decanis
554 4690 780 4758 coloniensibus,
801 4696 832 4746 ut
850 4686 993 4762 judicibus

233 4788 306 4846 datis
319 4788 349 4843 in
363 4798 449 4842 causa
465 4781 575 4840 abbatis
586 4779 813 4852 Nieuburgensis
830 4778 991 4851 injungant,

231 4882 373 4951 quatenus
383 4874 477 4930 boum
492 4875 582 4928 tutum
598 4867 725 4942 partibus
739 4867 897 4940 assignent.

237 4996 908 5074 Honoriusepiscopns,servasservorum
918 4991 989 5063 Dei,

197 5101 375 5179 praeposito
390 5095 528 5173 majoris
548 5091 698 5153 ecclesiae
718 5091 751 5152 et
769 5089 899 5151 Sanctae
913 5089 990 5149 Ma·

194 5200 258 5261 riae
272 5198 314 5260 ad
328 5194 494 5259 Gradus...
511 5190 646 5251 decanis
659 5186 924 5254 coloniensibus,
941 5201 992 5247 sa·

197 5297 310 5366 lutam,
326 5294 359 5356 et
380 5338 388 5353 .
483 5344 489 5353 .

1047 2171 1104 2247 qni
1124 2172 1320 2246 procuretis,
1347 2172 1584 2232 nonobstante
1605 2170 1843 2231 constitutione

1047 2268 1088 2329 de
1107 2267 1235 2329 duabus
1250 2268 1357 2330 diaetis
1369 2268 1458 2329 edita
1473 2269 1508 2328 in
1528 2268 1678 2329 Concilio
1690 2267 1842 2343 generali

1046 2365 1099 2429 vel
1122 2366 1206 2443 qnod
1231 2366 1294 2427 suit
1314 2367 1349 2427 in
1372 2365 1493 2428 litteris
1513 2364 1756 2427 commissionis
1775 2380 1842 2426 ex·

1047 2479 1209 2541 pressum,
1235 2479 1277 2524 ne
1300 2464 1378 2524 ullas
1403 2464 1553 2526 valerent
1577 2464 1695 2525 litterae
1717 2461 1843 2539 absque

1047 2576 1211 2622 consensu
1231 2560 1374 2638 partium
1394 2561 1589 2637 impetratae.
1612 2560 1703 2632 Quod
1726 2561 1842 2621 sinon

1048 2673 1162 2719 omnes
1177 2658 1230 2718 bis
1240 2658 1462 2734 exsequendis
1478 2658 1652 2735 potueritis
1665 2657 1840 2728 interesse,

1047 2756 1112 2816 duo
1128 2758 1275 2817 vestrum
1296 2771 1335 2816 ea
1359 2756 1581 2816 nibilominus
1602 2755 1840 2832 exsequantur.

1047 2854 1166 2914 Datum
1177 2853 1344 2924 Laterani,
1357 2855 1404 2914 ΙΙΙ
1413 2852 1489 2913 idus
1499 2852 1842 2931 martii‚p0ntiticatus

1048 2950 1153 3013 nostri
1168 2966 1256 3011 anno
1269 2950 1376 3012 sexte.

1363 3326 1533 3414 CXXXV

1047 3479 1099 3538 Ad
1106 3477 1314 3559 prepositos
1328 3479 1474 3549 majoris
1491 3479 1641 3540 eodemne
1655 3477 1690 3539 et
1704 3479 1843 3539 Selectos

1086 3577 1213 3635 Morioe
1233 3577 1278 3635 cd
1301 3577 1437 3636 Gradus
1462 3575 1546 3636 cl...
1571 3578 1717 3637 decuma
1743 3578 1841 3638 Colo-

1087 3674 1235 3733 nwrascs.

1325 3767 1360 3824 ll
1374 3767 1468 3825 martii
1484 3768 1563 3825 1222.

1129 3890 1306 3955 [Heinemann
1317 3891 1401 3942 Codex
1411 3890 1578 3949 Anhaltinns,
1588 3905 1614 3954 p.
1626 3890 1668 3949 dt),
1678 3904 1705 3941 n.
1715 3890 1769 3956 ol]

1047 4014 1164 4072 Mandat
1178 4015 1294 4087 majoris
1308 4015 1437 4074 ecclesie
1451 4022 1480 4073 et
1495 4016 1606 4073 sancis
1617 4016 1714 4072 Mariae
1726 4014 1763 4074 ad
1775 4016 1842 4075 Gra

1081 4104 1136 4162 dus
1150 4104 1308 4177 prepositis
1322 4110 1351 4160 et
1362 4102 1479 4161 decanis
1491 4102 1720 4173 coloniensibus,
1735 4112 1766 4161 ut
1778 4119 1840 4163 mo·

1082 4192 1238 4249 nasleriuni
1257 4191 1485 4265 Nieuburgense‚
1506 4193 1530 4249 si
1546 4192 1626 4250 lesio
1641 4190 1733 4261 luerit,
1750 4193 1781 4251 in
1795 4192 1840 4250 in·

1081 4287 1195 4354 tegrum
1210 4280 1371 4337 restituunt.

1087 4407 1254 4467 Honorius
1262 4405 1450 4483 episcopus,
1460 4421 1576 4468 servus
1584 4421 1758 4468 servorum
1768 4409 1840 4479 Dei,

1047 4502 1177 4565 dilectis
1188 4502 1304 4564 tiliis...
1318 4503 1455 4580 majoris
1465 4504 1617 4564 ecclesiae
1627 4505 1696 4565 et...
1710 4507 1842 4568 Sanctae

1047 4600 1161 4677 Mariae
1181 4601 1221 4661 ad
1243 4600 1372 4661 Gradus
1396 4600 1583 4677 praepositIs
1606 4603 1689 4662 et...
1704 4601 1841 4664 decanis

1047 4697 1311 4770 coloniensibus,
1327 4697 1469 4758 salutem
1490 4701 1523 4760 et
1542 4699 1760 4776 apostolicam
1778 4699 1842 4761 be-

1047 4795 1282 4857 mediationem.

1087 4892 1277 4979 Quaestione
1293 4891 1380 4953 inter
1400 4890 1653 4968 Nieuburgense
1672 4894 1843 4956 monaste-

1046 4989 1133 5049 rium
1148 5005 1191 5051 ex
1205 4990 1300 5065 parte
1320 5005 1386 5050 una
1406 4990 1439 5050 et
1459 4989 1603 5051 nobilem
1621 4990 1731 5051 virum
1751 4994 1844 5052 Hen-

1046 5087 1152 5149 ricum
1172 5087 1323 5148 comitem
1345 5087 1503 5159 Ascariae,
1528 5086 1680 5149 dioecesis
1700 5087 1844 5150 Halber-

1046 5184 1210 5245 stadensis
1235 5200 1278 5245 ex
1301 5183 1421 5255 altera,
1444 5183 1569 5245 diutius
1588 5185 1723 5260 agitata,
1742 5200 1844 5263 super

1047 5281 1244 5357 quibusdam
1273 5280 1539 5358 possessionibus
1565 5281 1672 5358 ipsius
1707 5298 1844 5344 monas-

238 5395 343 5463 Qunm
359 5404 505 5459 causam,
521 5402 592 5464 quae
609 5383 697 5445 inter
712 5381 869 5444 dilectum
885 5380 991 5441 tilium
1045 5378 1133 5450 terii,
1160 5394 1242 5456 quas
1264 5378 1371 5441 dictus
1397 5394 1506 5440 comes
1533 5378 1706 5441 dicebatur
1726 5383 1844 5443 contra

198 5491 378 5552 Gernotum
395 5486 547 5548 abbatem
565 5481 853 5555 Nieuburgensem
874 5481 907 5540 et
925 5493 990 5539 no·
1041 5476 1207 5553 justitiam
1222 5476 1382 5548 detinere,
1397 5492 1437 5537 ac
1452 5490 1553 5552 super
1567 5475 1697 5537 damnis
1710 5478 1743 5538 et
1758 5478 1845 5555 injn·

197 5588 297 5652 bilem
324 5586 431 5645 virum
464 5582 635 5645 albertum
667 5579 785 5640 ducem
821 5576 988 5647 saxoniae,
1045 5573 1106 5633 riis
1133 5572 1174 5634 ab
1203 5572 1318 5645 eodem
1343 5573 1464 5635 comite
1486 5573 1519 5634 et
1543 5573 1643 5635 clarae
1672 5574 1843 5635 memoriae
