3886 6214
480 268 503 305 Χ

232 325 293 388 ³03

853 330 1028 392 HONORII
1050 330 1095 392 III
1114 331 1261 395 OPERA.
1371 348 1376 365 '
1790 341 1837 401 iot

276 490 321 549 lii
338 490 497 551 eumdem
515 491 656 551 modum
679 491 850 566 emptum
876 491 929 554 est
950 505 1028 553 om·
1120 493 1170 553 Ex
1191 490 1285 569 parte
1298 490 1410 554 dilecti
1424 490 1522 553 nlil...
1551 490 1665 555 decani
1686 495 1835 561 carnoten.

236 583 335 645 nibus
349 584 495 661 regibus,
510 586 771 659 marchionibus,
791 587 942 657 ducibus,
964 603 1026 649 co·

1081 586 1143 650 luit
1168 589 1373 666 propositum
1402 604 1513 651 eoram
1537 589 1643 663 nobis,
1664 593 1838 671 quodquam

235 683 382 758 mitibus,
407 682 588 744 baronibus
613 686 646 746 et
671 684 748 745 allis
772 684 941 747 nobilibus
968 700 1028 762 per
1080 685 1115 745 iu
1129 701 1241 758 causa,
1254 702 1328 763 quoe
1342 687 1429 748 inter
1443 702 1518 747 eum
1539 702 1583 748 ex
1598 689 1767 762 parteuna,
1781 694 1836 753 et..

238 780 387 856 singulas
403 780 594 857 provincias
609 781 809 845 constitutis.

531 1085 732 1173 LXXXIII

297 1236 349 1296 Ad
364 1238 550 1297 Bluncbam
563 1240 781 1297 Francorum
796 1238 968 1312 reginem.

519 1365 555 1422 io
565 1367 659 1423 martii
670 1367 749 1425 1223.

365 1490 517 1557 [manuque
532 1491 624 1543 Anual
638 1490 752 1550 cisure,
766 1490 810 1549 IV,
826 1489 894 1555 tob]

238 1617 271 1674 lii
284 1616 416 1675 coneedit
440 1615 602 1675 facultatem
625 1616 749 1675 intrandi
774 1630 839 1674 eum
858 1615 959 1674 deceno
973 1614 1025 1672 bo·

271 1708 360 1763 uestis
378 1705 543 1763 mulieribus
557 1706 646 1763 semel
658 1707 688 1762 in
701 1707 758 1763 vita
774 1720 826 1763 sua
841 1705 1028 1765 cisterciense

271 1794 475 1852 monasterium
489 1802 518 1851 et
538 1793 655 1852 videndi
674 1801 846 1852 conventum
860 1792 1029 1852 monachos·

272 1897 327 1955 que
341 1882 447 1940 ibidem
461 1889 665 1957 congregatos.

277 2008 444 2069 Honorius
477 2007 664 2086 episcopus,
703 2023 820 2070 servus
855 2023 1027 2070 servorum

129 2099 130 2102 ’
238 2104 309 2177 Dei,
326 2105 484 2167 Blancbae
496 2106 620 2167 illustri
640 2106 768 2181 reginae
787 2105 951 2179 Franeiae,
968 2121 1027 2166 sa-

236 2201 339 2265 lutem
354 2205 387 2265 et
400 2203 623 2279 apostolicam
637 2201 912 2265 benedictionem.

276 2301 372 2372 Vota,
390 2316 463 2377 quae
474 2299 630 2377 pietatem
646 2300 839 2376 respiciunt,
856 2302 889 2362 et
912 2299 953 2362 ad
969 2315 1027 2361 sa·

236 2396 341 2458 lutem
356 2395 524 2473 pertinent
546 2397 745 2469 animarum,
768 2397 910 2475 quadam
925 2413 1027 2458 manu

238 2494 473 2556 sollicitudinis
493 2498 614 2571 juvare
627 2495 792 2563 tenemur,
808 2497 841 2556 et
855 2510 1027 2572 proposse

236 2592 350 2653 nostro
363 2590 515 2667 diligenti
523 2591 632 2653 studio
640 2592 819 2653 efficaciter
826 2592 1025 2669 promoveri.

235 2690 429 2766 llapropter,
451 2689 625 2750 carissima
646 2690 681 2749 in
706 2689 836 2751 Christo
855 2689 936 2761 fllia,
959 2690 1026 2751 tuis

234 2785 386 2848 bonestis
410 2785 708 2863 supplicationibus
737 2786 901 2858 inclinati,
927 2803 1025 2864 quam

234 2883 378 2945 libenter
393 2884 494 2955 fideli,
508 2884 693 2961 devotoque
711 2883 747 2945 in
762 2884 931 2970 proposito
945 2900 1028 2947 eon-

235 2981 396 3052 t'ovemus,
431 2980 578 3043 intrandi
611 2996 687 3042 eum
728 2981 841 3043 decem
877 2980 1027 3044 honestis

234 3078 443 3150 mulieribus,
460 3078 560 3139 semel
585 3079 620 3139 in
634 3080 705 3140 vita
718 3079 787 3152 tua,
803 3080 952 3156 ternpore
967 3096 1027 3141 ea·

234 3177 332 3255 pituli
346 3176 523 3253 generalis,
541 3176 761 3237 Cisterciense
772 3177 1025 3251 monasterium,

233 3276 267 3336 et
280 3274 414 3336 videndi
433 3274 644 3346 conventum,
661 3275 695 3336 et
706 3273 791 3335 alios
806 3275 1025 3351 congregatos

234 3370 367 3443 ibidem,
384 3371 471 3448 quod
497 3370 682 3433 devotionis
697 3385 799 3433 eausa
822 3374 855 3432 to
869 3387 935 3433 non
954 3387 1031 3434 rno·.

233 3467 346 3530 dicum
364 3467 488 3529 asseris
508 3466 677 3540 affectare,
694 3467 834 3530 liberam
850 3467 912 3530 tibi
938 3484 1024 3531 aue-

232 3565 367 3628 toritate
377 3565 590 3642 praesentium
603 3565 815 3626 concedimus
822 3565 1023 3628 facultatem.

232 3662 326 3724 Nulli
340 3677 419 3739 ergo
434 3663 558 3723 nostrae
571 3643 808 3733 concessionis,
825 3663 887 3723 etc.
900 3661 936 3723 Si
949 3663 1024 3740 quis

233 3762 356 3832 autem,
373 3761 435 3821 ete.
456 3761 575 3821 Datum
590 3758 758 3831 Laterani,
772 3761 832 3821 Vll
847 3759 916 3821 kal.
932 3760 1026 3837 apri-

232 3856 289 3932 lis,
305 3872 394 3920 anno
408 3857 522 3936 quinto
539 3854 715 3938 [septimol.

530 4161 725 4249 LXXXIV

231 4315 285 4377 Ad
305 4313 459 4375 abbatem
486 4314 521 4375 S.
537 4313 716 4375 Benedicti
735 4326 843 4386 super
869 4313 1026 4388 Ligerim

270 4412 305 4474 et
315 4414 473 4486 priorem
492 4414 679 4482 Veritatem,
699 4411 890 4471 Bituniceri.
905 4410 939 4471 et
952 4413 1027 4471 Aac·

269 4512 427 4572 reiienen
439 4511 588 4582 diceres,
596 4509 630 4571 et
641 4510 733 4584 Heu.
743 4509 1025 4569 areimiaconum

272 4609 494 4669 Aurelianae.

505 4702 541 4759 29
558 4698 746 4758 meretritio.

247 4826 368 4891 [Regest.,
384 4825 431 4877 lib.
445 4825 502 4885 vll,
514 4823 589 4899 epist.
601 4822 655 4873 ΗΒ.
669 4823 727 4873 tiss.
738 4821 774 4872 La
783 4822 860 4872 Porto
869 4822 904 4872 du
915 4821 1008 4890 rnen]

231 4950 348 5010 blandai
361 4958 392 5008 ut
407 4951 487 5023 juxta
512 4948 633 5005 lormsrn
660 4945 704 5005 eis
726 4945 858 5005 traditam
878 4947 908 5003 iu
936 4961 1023 5005 cause

266 5041 340 5097 iuter
361 5039 501 5097 decanum
523 5038 719 5096 carnotensi
738 5034 869 5092 abbatem
895 5050 1021 5093 eonven-

266 5135 386 5201 lunaque
400 5127 429 5185 S.
445 5125 521 5183 Petri
535 5125 685 5183 carnoten.
702 5123 867 5197 procedent.

270 5252 450 5323 Honorius,
483 5250 559 5321 ete,
594 5247 726 5310 dilectis
761 5248 880 5310 tiliis...
911 5247 1023 5312 abbati

232 5350 346 5413 Sancti
361 5347 532 5411 Benedicti
545 5362 646 5424 super
658 5346 803 5422 Ligerim
819 5348 852 5408 et
866 5349 903 5407 A.
918 5346 1023 5423 priori

230 5448 403 5508 vastinen.
419 5446 589 5508 Bituricen
604 5446 637 5506 et
660 5442 875 5505 Aurelianen.
900 5443 1025 5504 dioece-

232 5558 305 5603 sum
321 5544 354 5604 et
369 5545 457 5619 Hug.
472 5541 708 5604 archidiacono
722 5539 950 5612 aurelianen,
967 5557 1025 5603 sa·

231 5638 346 5710 lutam,
360 5640 423 5700 ete.

1081 781 1233 844 abbatem
1248 785 1281 845 et
1294 785 1491 845 conventum
1508 783 1621 845 Sancti
1635 786 1720 847 Petri
1735 789 1840 849 Carno-

1081 881 1148 941 ten.
1163 895 1206 941 ex
1229 879 1346 953 altera,
1372 896 1473 958 super
1493 883 1571 957 jure
1593 881 1838 956 archidiaconali,

1082 977 1169 1054 quod
1183 992 1219 1038 sc
1232 976 1355 1039 babere
1369 978 1533 1055 proponit,
1550 977 1693 1040 aerebus
1704 980 1774 1040 aliis
1783 996 1842 1042 ser·

1081 1073 1173 1145 titur,
1190 1074 1340 1151 pluribus
1354 1075 1451 1136 annis
1474 1076 1642 1152 protracta
1662 1091 1740 1154 pene
1756 1078 1786 1138 in
1797 1093 1841 1141 ea·

1082 1186 1180 1231 cuum
1202 1170 1399 1244 laborasset,
1422 1174 1456 1234 ei
1480 1172 1590 1234 adbuc
1613 1189 1685 1234 eam
1704 1176 1841 1237 metueret

1082 1267 1139 1329 diu
1170 1268 1205 1329 in
1232 1285 1329 1330 suum
1354 1270 1584 1347 praeJudicium
1608 1273 1781 1347 prorogari,
1809 1273 1841 1333 ad

1082 1364 1230 1440 ejusdem
1256 1365 1373 1427 decani
1397 1366 1673 1443 supplicationem
1697 1369 1734 1430 R.
1759 1367 1842 1429 Balbo

1082 1461 1842 1542 archidiaconoltotbomagen„etcollegisipsius

1078 1558 1251 1634 judicibus
1264 1560 1299 1620 in
1309 1560 1425 1622 eadem
1441 1577 1542 1623 causa
1554 1562 1711 1639 delegatis
1723 1561 1841 1633 anobis,

1081 1654 1264 1718 direximus
1280 1658 1403 1735 scripta
1417 1660 1541 1732 nostra,
1558 1660 1595 1721 ut
1616 1675 1718 1736 usque
1731 1658 1769 1721 ad
1782 1674 1845 1736 qua·

1081 1752 1158 1813 tuor
1172 1769 1302 1816 menses
1326 1757 1401 1832 post
1421 1757 1663 1833 susceptionem
1683 1757 1843 1818 litterarum

1081 1850 1844 1929 nostrarum,negotiumadnosremitterentsui-

1081 1946 1233 2009 dolenter
1256 1949 1465 2012 instructum.
1491 1953 1632 2028 Insuper
1649 1949 1739 2012 vobis
1752 1949 1845 2025 injun-

1081 2044 1201 2117 ximus,
1231 2046 1267 2107 ut
1288 2047 1455 2123 praedictis
1484 2047 1654 2125 jndicibus
1678 2046 1845 2109 mandatum

1081 2146 1231 2204 nostrum
1247 2143 1491 2220 negligentibus
1509 2145 1702 2222 adimplere,
1726 2160 1780 2205 vos
1794 2157 1844 2204 er·
1918 2222 1919 2229 ἵ

1082 2239 1499 2304 tuncitludinlratotidem
1512 2240 1845 2318 menseaersequien-
1918 2312 1919 2319 ἵ

1081 2337 1213 2399 raretis.
1242 2340 1347 2410 Quum
1372 2340 1482 2402 autem
1506 2340 1548 2400 ad
1574 2356 1635 2402 vos
1665 2340 1708 2402 sit
1724 2339 1847 2416 potestas
1918 2326 1920 2393 ἴ

1081 2434 1266 2497 instruendi
1287 2437 1468 2513 negotium,
1487 2438 1680 2499 memoratis
1699 2434 1846 2515 jndicibus

1081 2547 1198 2608 pamm
1212 2533 1299 2595 iutra
1312 2534 1485 2611 praefixum
1503 2537 1553 2596 eis
1566 2536 1697 2612 tempus
1717 2531 1849 2595 facienti·

1080 2628 1152 2702 bus,
1169 2630 1335 2704 devoluta,
1345 2631 1492 2693 decanus
1504 2633 1587 2709 ipse,
1597 2633 1719 2694 timens
1734 2647 1772 2691 ne
1784 2626 1847 2706 quid

1080 2727 1122 2787 ad
1145 2727 1396 2790 instructionem
1421 2745 1531 2791 causae
1555 2729 1699 2801 deficiat,
1723 2726 1849 2802 rugiente

1080 2824 1225 2885 maxime
1239 2828 1334 2902 parte
1359 2826 1511 2898 advorsa,
1528 2842 1570 2888 ne
1587 2827 1751 2889 malitiose
1769 2823 1848 2883 dica·

1080 2937 1153 2982 mus
1175 2924 1305 2997 agente,
1331 2924 1505 3000 prorogari
1528 2925 1659 3001 tempus
1683 2917 1850 3000 hujusmodi

1079 3019 1158 3079 tune
1177 3018 1348 3081 humiliter
1368 3020 1559 3096 postulavit.
1575 3022 1646 3082 Nos
1660 3035 1737 3095 ergo
1751 3029 1851 3093 super·

1080 3115 1237 3177 addentes
1248 3117 1388 3179 duorum
1396 3118 1561 3179 mensium
1571 3118 1715 3194 spatium
1728 3112 1850 3177 termino

1080 3214 1281 3290 supradicto,
1305 3214 1498 3277 discretioni
1512 3216 1634 3277 vestrae
1648 3230 1707 3292 per
1724 3210 1851 3289 Aposto-

1080 3309 1144 3371 lica
1159 3311 1282 3388 scripta
1294 3312 1500 3383 mandamus,
1512 3313 1677 3391 quatenus
1691 3304 1852 3384 in‘negotio

1080 3407 1153 3484 ipso
1163 3410 1261 3485 juxta
1273 3407 1412 3471 sormam
1428 3409 1522 3471 vobis
1540 3410 1709 3482 traditam,
1723 3403 1854 3484 appello·

1079 3504 1170 3566 tione
1193 3506 1387 3583 postposita,
1406 3509 1536 3570 ratione
1561 3507 1689 3583 praevia
1713 3499 1854 3583 proceda·

1079 3601 1133 3663 tis.
1162 3603 1253 3674 Quod
1277 3604 1305 3664 si
1334 3620 1401 3666 nou
1424 3621 1550 3679 omnes,
1575 3608 1640 3668 ete.
1662 3606 1776 3667 Datum
1796 3600 1852 3659 ba·

1080 3700 1199 3772 tersui,
1208 3702 1252 3761 IV
1262 3699 1395 3763 kalend.
1407 3703 1535 3780 aprilis,
1543 3702 1755 3780 pontificatus
1764 3690 1853 3759 nostri

1080 3812 1168 3859 anno
1183 3798 1334 3875 septimo.

1099 4264 1151 4324 Aci
1171 4264 1326 4326 abbatem
1353 4265 1388 4327 et
1407 4268 1614 4329 coniventem
1632 4270 1677 4331 cte
1693 4266 1839 4329 mnibus.

1352 4397 1387 4454 29
1403 4397 1498 4455 martii
1516 4399 1596 4457 1223.

1207 4517 1426 4582 [Urbundenbucb
1440 4520 1472 4571 ob
1485 4522 1616 4581 deri-lune,
1625 4522 1657 4581 11,
1666 4520 1735 4586 oia]

1079 4634 1289 4705 Possessioues,
1310 4633 1442 4694 homines
1468 4643 1497 4694 et
1523 4652 1569 4695 res
1596 4638 1668 4695 allas
1692 4639 1721 4695 ei
1744 4651 1759 4693 a
1782 4635 1813 4690 ll.
1829 4627 1859 4686 de

1096 4722 1186 4781 Pubel
1202 4739 1253 4797 pro
1267 4724 1358 4781 salute
1368 4725 1473 4783 animae
1489 4740 1549 4783 sua
1562 4726 1684 4784 collatas
1695 4725 1845 4784 contlrmat.

1118 4853 1859 4937 Honoriusepiscopus,servusservorumllel,
1921 4924 1922 4959 1

1078 4956 1208 5018 dilectis
1220 4956 1299 5017 tiliis
1312 4956 1423 5018 abbati
1434 4959 1467 5019 et
1478 4959 1658 5021 conventui
1667 4959 1709 5021 de
1719 4953 1859 5021 Lamban

1078 5053 1217 5115 salutem
1233 5054 1266 5114 et
1278 5055 1501 5130 Apostolicam
1514 5055 1790 5134 benedictionem.

1118 5152 1255 5222 Quuma
1285 5150 1380 5211 nobis
1396 5153 1518 5228 petitur
1532 5153 1619 5230 quod
1637 5155 1767 5231 justum
1779 5145 1863 5211 estet
1921 5140 1922 5225 l

1078 5248 1264 5319 honestum,
1281 5250 1348 5308 tam
1362 5249 1460 5324 sigor
1484 5250 1651 5327 aequitatis
1667 5264 1767 5327 quam
1791 5242 1861 5307 ordo
1921 5232 1922 5311 ζ

1078 5344 1183 5419 exigit
1197 5344 1348 5416 rationis,
1367 5346 1403 5406 ut
1414 5345 1446 5405 id
1467 5362 1528 5423 per
1542 5347 1802 5409 sollicitudinem
1815 5339 1861 5402 ol·
1921 5352 1922 5367 ¹

1078 5441 1146 5502 licii
1174 5442 1280 5503 nostri
1302 5442 1342 5503 ad
1366 5441 1513 5505 debitum
1539 5445 1746 5522 perducatur
1772 5440 1864 5504 elfec-
1921 5452 1922 5471 ¹

1076 5540 1158 5600 tum.
1175 5540 1358 5615 Eapropter
1372 5539 1485 5601 dilecti
1500 5540 1534 5600 in
1560 5540 1703 5602 Domino
1718 5539 1778 5601 lilii
1793 5550 1862 5601 ves-

1077 5633 1864 5714 trisjustispostulationibusgratoconcurrentes
1921 5670 1922 5675 κ
