3972 6204
81 285 135 347 953

80 441 213 503 beantur
229 437 385 514 deinceps
406 453 523 499 manus
538 438 724 500 temerariae
744 439 865 501 formi-

81 539 152 599 dine
166 537 313 604 ultionis,
331 551 412 613 quos
432 535 491 596 Dei
506 535 559 595 vel
576 538 702 608 nostra,
719 552 778 597 sen
793 536 864 597 tra-

80 638 162 697 trum
178 635 364 694 nostrorum
384 633 571 693 reverentia
591 649 657 694 non
673 633 813 694 coercet.
832 632 867 693 Si

82 731 151 810 quis
175 746 254 791 vero
278 729 330 790 vel
354 745 414 806 per
437 745 483 801 se,
509 730 562 790 vel
578 747 637 806 per
651 730 765 801 alium,
781 729 867 806 quod

82 828 172 899 absit,
190 827 348 888 occiderit
366 827 580 899 cardinalem,
604 828 657 887 vel
682 827 867 888 evidentem

82 923 868 1001 dederitcausammortis,ultraquampraemissa

81 1021 278 1088 contineant,
290 1021 384 1081 sicin
397 1036 471 1080 eum
487 1022 632 1097 potestas
642 1019 867 1097 juridictionis

81 1118 237 1193 insurgat,
267 1117 316 1178 sic
342 1116 434 1193 rigor
455 1117 591 1178 ultionis
615 1117 753 1185 insiliat,
781 1116 867 1194 quod

81 1215 191 1276 contra
206 1214 283 1275 vitae
304 1212 487 1274 subsidium
507 1213 622 1274 mortis
638 1214 793 1275 solatium
809 1214 867 1273 in·

80 1311 186 1383 vocet,
212 1311 328 1372 vivens
350 1325 456 1387 poenae
479 1326 547 1371 non
571 1311 687 1387 culpae,
713 1310 867 1371 vindictae

81 1408 244 1485 speculum
259 1422 325 1468 non
342 1406 490 1468 offensae.

117 1507 214 1566 «Per
235 1505 306 1566 haec
326 1520 456 1582 quoque
481 1504 696 1565 saecularibus
720 1504 869 1581 potesta-

79 1602 161 1664 tibus
174 1618 242 1663 non
261 1602 437 1663 adimimus
450 1600 640 1663 facultatem
656 1601 769 1662 utendi
784 1601 869 1677 legi-

79 1699 136 1760 bus
159 1702 275 1760 contra
291 1700 385 1771 tales,
403 1715 485 1776 quas
500 1699 661 1760 adversus
686 1699 868 1775 sacrilegos

79 1797 235 1859 Catholici
256 1797 423 1873 principes
452 1796 636 1858 ediderunt.
667 1797 747 1869 Quis
778 1796 868 1857 enim

80 1894 167 1955 locus
194 1893 370 1970 regiminis
402 1893 523 1970 poterit
554 1909 628 1955 esse
657 1894 767 1955 tutust
788 1894 868 1964 Quis

79 1994 182 2053 rector
192 1992 371 2052 securitate
381 1991 548 2067 gaudebit,
559 1992 588 2052 si
599 1994 692 2053 Rom.
706 1990 865 2063 Ecclesia,

80 2104 147 2165 quae
171 2089 319 2150 omnium
338 2078 567 2155 ecclesiarum,
589 2089 783 2165 disponente
802 2092 869 2149 Do·

82 2186 177 2258 minc,
193 2186 293 2262 caput
319 2187 369 2246 est
392 2186 424 2246 et
447 2186 618 2261 magistra,
639 2186 770 2247 casibus
794 2185 868 2247 istis

80 2282 272 2360 subjicitur?
289 2282 325 2343 si
339 2285 411 2358 ejus
425 2282 483 2342 tilii
501 2282 662 2359 speciales
677 2283 868 2360 hujusmodi

79 2381 232 2457 periculis
257 2380 485 2456 exponuntur?
511 2382 613 2451 Quem
639 2380 796 2442 Ecclesiae
823 2380 866 2439 tl-

79 2476 168 2548 lium,
181 2494 277 2554 quem
289 2477 366 2538 fidei
376 2477 552 2538 zelatorem
564 2477 763 2538 contumelia
775 2478 869 2538 tanta

79 2590 141 2634 non
161 2576 325 2650 taugeret,
350 2576 382 2634 et
406 2574 555 2634 confusio
578 2576 644 2635 tam
667 2590 786 2652 aspera
803 2590 868 2634 non

79 2673 239 2733 moveret?
258 2674 363 2732 Porro
388 2671 444 2747 qui
466 2670 555 2731 illius
577 2674 638 2743 est,
661 2671 794 2743 dolebit,
812 2672 869 2750 qui

79 2768 870 2846 tidelis,matretldeilaesa,laedetur.Quapropter

80 2866 106 2925 si
125 2866 290 2942 princeps,
316 2866 460 2936 senator,
481 2865 608 2933 consul,
635 2868 791 2943 potestas,
816 2865 869 2927 vel

79 2961 161 3022 alius
176 2962 340 3035 dominus,
358 2978 418 3023 seu
432 2964 551 3034 rector,
577 2979 783 3040 quocumque
808 2979 870 3024 no-

80 3059 165 3120 mine
179 3063 369 3132 conseatur,
383 3062 497 3122 contra
513 3063 769 3138 praesumptores
784 3077 870 3137 prae-

80 3155 192 3228 dictos,
229 3157 402 3233 praesentis
435 3157 686 3219 constitutionis
721 3159 869 3218 tenorem

80 3269 145 3314 non
166 3254 285 3315 iecerit
304 3254 486 3325 observari,
502 3254 569 3315 tam
588 3255 660 3331 ipse
678 3270 775 3332 quam
796 3253 871 3314 ofil-

81 3350 180 3411 ciales
199 3351 306 3427 ipsius
328 3351 414 3412 infra
437 3367 594 3422 mensem,
618 3352 791 3429 postquam
814 3365 870 3411 res

81 3448 120 3508 ad
141 3449 293 3511 notitiam
318 3464 432 3509 eorum
457 3449 656 3526 pervenerit,
680 3464 872 3510 excommn-

83 3544 249 3606 nicatione
271 3546 412 3607 notetur.
439 3547 530 3617 Quod
557 3548 586 3607 si
610 3546 749 3623 populus
771 3546 872 3607 fuerit

81 3642 166 3703 circa
191 3643 257 3704 ista
283 3643 455 3714 remissus,
482 3643 576 3705 etad
599 3642 871 3704 satisfaciendum

80 3741 223 3800 rectores
247 3741 279 3801 et
301 3739 461 3800 officiales
483 3743 555 3816 ejus
583 3756 650 3799 non
676 3740 873 3816 compulerit

81 3837 171 3897 Rom.
189 3836 345 3898 Pontifex
360 3853 434 3897 cum
452 3838 522 3898 suis
537 3836 696 3898 fratribus
718 3836 870 3897 omnibus

80 3931 166 3994 infra
182 3950 331 3994 mensem
353 3935 461 4006 exeat,
485 3934 514 3994 si
538 3950 613 3994 eum
629 3934 749 3994 ibidem
765 3935 871 3995 conti·

80 4030 163 4105 gerit
189 4033 270 4092 tunc
294 4032 438 4105 morari;
464 4033 497 4093 et
522 4032 699 4108 antequam
722 4031 870 4108 plenarie

81 4128 221 4189 satisfiat
254 4128 390 4188 minime
423 4131 620 4200 revertatur,
655 4129 721 4188 nisi
754 4128 869 4189 forsan

80 4224 282 4287 inevitabilis
297 4225 453 4286 Ecclesiae
468 4226 649 4287 necessitas
670 4224 869 4294 immineret,

79 4322 212 4398 propter
234 4338 331 4399 quam
351 4322 460 4383 exitus
479 4326 551 4399 ejus
567 4324 599 4382 et
618 4321 757 4385 fratrum
780 4323 873 4399 peri-

80 4416 213 4478 culosus
240 4417 456 4494 proculdubio
476 4419 679 4480 redderetur.
706 4420 872 4480 Praeterea

81 4512 109 4573 si
129 4514 272 4591 populus
296 4516 458 4576 rectorem
480 4516 528 4576 sic
550 4516 871 4577 excommunicatum

80 4609 176 4670 tertio
209 4611 365 4682 monitus,
395 4610 482 4673 sicut
512 4611 633 4688 poterit
657 4612 869 4683 commoneri,

80 4720 100 4766 a
124 4707 289 4781 regimine
319 4723 475 4768 amovere
506 4708 761 4784 contempserit,
793 4709 872 4769 sub-

77 4802 215 4878 Jiciatur
245 4804 363 4865 civitas
395 4805 573 4866 interdicto
597 4821 766 4882 usquequo
792 4821 873 4866 oon-

79 4913 161 4973 grue
182 4899 378 4962 satisfaciat.

118 5014 138 5055 s
150 4999 269 5058 Datum
281 4998 394 5070 Reate,
410 4997 571 5058 kalendas
587 4998 782 5071 decembris,
795 5015 873 5076 pon·

80 5091 226 5155 titlcatus
239 5094 343 5155 nostri
357 5088 444 5156 anno
460 5094 598 5157 decimo.
616 5112 635 5156 o

697 278 924 341 EPISTOLAE.
948 277 1026 340 LIB.
1049 276 1088 338 X.

1276 468 1365 555 LVI

922 625 974 684 Ad
986 622 1213 697 prepositum
1225 621 1259 681 ct
1275 619 1462 692 capitutum
1480 619 1514 679 S.
1528 618 1719 680 Donottoni

1002 722 1205 794 Brupeosts,
1224 719 1449 779 Torrtooeosts
1469 718 1635 776 diceecsts.

1170 848 1205 905 20
1223 846 1357 905 novemb.
1379 846 1459 904 itti.

939 972 1059 1036 [Καμεὶ.
1079 970 1124 1020 lib.
1137 971 1170 1033 X,
1181 970 1253 1035 epist.
1268 971 1321 1019 ild.
1338 971 1395 1020 ltlss.
1414 969 1451 1020 La
1465 970 1541 1019 Porta
1561 969 1596 1019 du
1608 969 1701 1032 Theil.l

921 1095 1065 1154 lubeteos
1080 1095 1273 1167 provisionem
1289 1110 1305 1151 a
1320 1094 1454 1167 pontifice
1465 1095 1494 1151 in
1510 1094 1638 1152 favorem
1653 1109 1713 1153 ma-

958 1184 1040 1256 gistri
1061 1183 1176 1241 lloberti
1189 1182 1295 1250 cleriei,
1312 1181 1463 1254 praebonda
1484 1182 1513 1239 in
1527 1182 1653 1254 ipsorum
1668 1197 1714 1240 ec·

957 1272 1044 1329 clesia
1059 1268 1237 1344 providendi,
1254 1269 1358 1327 faciant
1373 1268 1494 1327 fideliter
1508 1268 1673 1327 observare.

962 1407 1130 1469 Honorius
1141 1407 1327 1484 episcopus,
1337 1422 1453 1468 servus
1464 1406 1717 1476 servorumbei,

923 1503 1053 1566 dilectis
1069 1504 1186 1565 tiliis...
1199 1505 1388 1580 praeposito,
1400 1506 1434 1564 et
1448 1503 1593 1580 capitulo
1603 1503 1717 1564 Sancti

922 1600 1099 1662 Donatiani
1112 1601 1303 1676 Brugensis,
1312 1601 1533 1663 Tornacensis
1546 1600 1713 1672 dioecesis,

923 1699 1063 1760 salutem
1078 1700 1111 1759 et
1124 1698 1348 1777 Apostolicam
1361 1698 1636 1758 benedictionem.

963 1797 1109 1857 Dilectus
1119 1796 1209 1857 filius
1222 1796 1381 1871 magister
1396 1795 1561 1856 Robertus
1572 1794 1717 1856 clericus

922 1894 957 1955 in
981 1895 1095 1955 nostra
1119 1893 1291 1970 proposuit
1310 1893 1488 1969 praesentia
1504 1893 1717 1965 constitutus,

923 1990 1008 2067 quod
1025 2008 1099 2052 oum
1119 1992 1190 2093 ipse
1212 1990 1291 2051 olim
1315 1990 1435 2051 advos
1459 2005 1479 2050 a
1500 1990 1594 2049 nobis
1610 1990 1719 2066 primo

923 2090 1129 2157 monitorias,
1144 2105 1183 2150 ac
1200 2087 1408 2165 postmodum
1428 2087 1637 2148 executorias
1658 2087 1718 2147 lit-

922 2189 1012 2248 teras
1027 2186 1247 2263 impetrasset,
1260 2186 1297 2246 ut
1315 2201 1389 2245 cum
1401 2185 1600 2260 recipientes
1614 2183 1648 2244 in
1662 2199 1720 2245 eo-

923 2284 1024 2345 elesia
1044 2284 1155 2345 vestra
1169 2283 1205 2342 in
1228 2282 1435 2353 canonicum,
1457 2284 1490 2342 et
1510 2282 1545 2341 in
1568 2282 1718 2355 fratrem,

923 2380 1141 2458 provideretis
1163 2380 1269 2441 eidem
1299 2394 1397 2455 quam
1421 2378 1486 2440 cito
1508 2394 1544 2439 se
1574 2378 1715 2440 facultas

923 2477 1058 2539 offerret
1083 2478 1119 2538 in
1153 2476 1315 2537 beneficio
1341 2474 1557 2552 praebendali,
1587 2475 1718 2537 dilectis

923 2575 1052 2636 tiliis...
1073 2575 1192 2635 abbate
1208 2574 1320 2635 Sancti
1337 2573 1473 2634 Martini
1489 2573 1530 2634 de
1550 2573 1717 2645 Gemellis,

923 2673 957 2733 et
988 2674 1060 2749 ejus
1094 2671 1232 2747 collegis
1265 2672 1373 2747 primo
1409 2671 1641 2743 monitoribus,
1679 2686 1719 2732 ac

924 2770 1041 2831 deinde
1058 2785 1158 2845 super
1175 2770 1238 2830 boc
1251 2768 1313 2828 sibi
1328 2768 1562 2829 executoribus
1576 2768 1718 2844 deputa·

923 2867 976 2937 tis,
991 2881 1031 2926 ac
1048 2882 1107 2927 vos
1128 2865 1169 2926 ab
1192 2867 1241 2926 eis
1261 2866 1336 2941 post
1347 2865 1604 2941 disceptationes
1620 2882 1718 2942 quam

923 2964 1084 3041 plurimas
1118 2962 1159 3024 ad
1194 2963 1311 3023 Sedem
1340 2963 1563 3040 Apostolicam
1599 2962 1718 3040 appel-

924 3061 1068 3121 lantes...
1083 3058 1193 3120 abbati
1215 3059 1326 3118 Sancti
1349 3059 1501 3130 Andreae,
1526 3062 1719 3119 'fornacen-

924 3157 970 3217 sis
986 3155 1150 3227 dioecesis,
1167 3157 1200 3217 et
1215 3156 1439 3232 condelegatis
1460 3157 1567 3233 ipsius
1581 3171 1718 3217 causam

924 3254 1158 3330 appellationis
1174 3253 1431 3315 obtinuissetisa
1444 3253 1539 3314 nobis
1552 3253 1612 3313 sub
1628 3254 1718 3315 certa

925 3351 1031 3413 torma
1058 3351 1230 3429 committi,
1246 3352 1379 3411 tandem
1408 3351 1565 3428 praedicto
1589 3351 1718 3426 magis-

924 3450 987 3520 tre,
1004 3465 1044 3510 ac
1059 3451 1274 3526 procuratore
1294 3451 1429 3526 propter
1448 3449 1511 3510 hoc
1538 3448 1626 3526 apud
1654 3451 1718 3509 Se·

925 3547 999 3607 dem
1023 3546 1246 3623 apostolicam
1281 3546 1519 3608 constitutis...
1551 3546 1656 3623 priori
1678 3546 1719 3607 de

925 3647 1045 3717 Euoca,
1056 3646 1088 3706 et
1102 3647 1175 3721 ejus
1190 3644 1329 3719 collegis
1342 3644 1534 3722 hujusmodi
1547 3644 1718 3719 negotium

925 3742 965 3802 de
975 3741 1080 3818 ipsius
1096 3742 1248 3817 magistri
1261 3743 1294 3802 et
1308 3742 1410 3802 vestri
1423 3742 1649 3818 procuratoris
1662 3756 1720 3801 as-

925 3855 1025 3900 sensu
1053 3838 1113 3899 sub
1142 3840 1233 3900 certa
1256 3838 1362 3899 forma
1391 3837 1546 3897 duximus
1571 3838 1719 3898 commit·

926 3936 1070 3997 tendum.
1098 3938 1216 3997 Coram
1245 3935 1364 4012 quibus
1393 3951 1467 3995 cum
1488 3935 1609 3997 fuisset
1637 3934 1717 3996 hinc

925 4032 1002 4094 inde
1029 4032 1224 4110 aliquandiu
1249 4032 1478 4108 disceptatum,
1506 4033 1556 4093 eis
1584 4031 1718 4093 tandem

925 4130 1147 4192 mediantibus
1159 4132 1326 4201 intervos,
1343 4132 1375 4191 et
1388 4130 1511 4191 dictum
1524 4130 1718 4205 magistrum

925 4227 1115 4306 hujusmodi
1130 4228 1325 4304 compositio
1339 4227 1528 4298 intervenit,
1543 4228 1579 4288 ut
1593 4227 1716 4288 videli-

926 4328 978 4389 cet
998 4326 1178 4387 secundam
1193 4324 1405 4402 praebendam
1427 4326 1534 4402 primo
1558 4325 1718 4387 iuvestra

926 4423 1067 4485 ecclesia
1078 4425 1272 4484 vacaturam
1289 4422 1464 4483 dummodo
1480 4422 1718 4500 presbyteralis

926 4537 992 4584 non
1016 4522 1114 4592 esset,
1136 4522 1172 4581 tu
1196 4520 1255 4591 fili,
1281 4520 1468 4596 praeposite,
1496 4521 1595 4596 prout
1622 4518 1663 4579 ad
1685 4520 1719 4580 te

926 4618 1068 4696 pertinet
1094 4616 1263 4677 conferres
1292 4616 1410 4687 eidem,
1441 4618 1474 4679 et
1511 4616 1553 4677 ad
1581 4616 1718 4693 majoris
1796 4616 1801 4629 ¹

926 4716 1003 4776 fidei
1016 4714 1206 4775 firmitatem
1222 4712 1433 4791 praebendam
1455 4714 1560 4790 ipsam
1570 4714 1607 4774 iu
1622 4716 1651 4790 ej
1658 4730 1717 4774 us-

926 4812 999 4873 dem
1019 4810 1151 4887 prioris,
1168 4811 1201 4870 et
1224 4810 1427 4885 collegarum
1450 4826 1586 4871 sucrum
1606 4811 1716 4870 mani-

926 4910 987 4970 bus
1002 4908 1144 4985 posuisti
1157 4923 1231 4968 eam
1246 4906 1287 4967 ab
1301 4908 1382 4983 ipsis
1398 4910 1580 4967 memorato
1591 4907 1717 4981 magis-

926 5008 978 5067 tro
1007 5021 1081 5065 cum
1112 5020 1232 5066 vacare
1258 5004 1434 5087 contigerit
1467 5003 1712 5065 conterendam.

928 5101 989 5175 Qui
1013 5102 1126 5163 audito
1150 5101 1356 5177 postmodnm
1377 5100 1462 5177 quod
1482 5099 1577 5163 bonae
1591 5115 1718 5161 memo-

926 5200 986 5260 riae
1004 5199 1162 5274 magister
1185 5201 1214 5260 J.
1231 5198 1420 5259 decivitate
1439 5197 1551 5259 butio.
1577 5197 1719 5274 scriptor

928 5298 1051 5367 noster,
1082 5296 1326 5357 concanonicus
1350 5295 1470 5366 vester,
1488 5293 1633 5355 debitum
1660 5294 1719 5355 hu·

927 5393 1096 5455 manitatis
1125 5392 1315 5454 exsolverat
1342 5392 1493 5454 eumdem
1522 5392 1717 5467 magistrum

927 5490 1031 5566 recipi
1054 5490 1239 5551 fecerunta
1253 5488 1347 5551 vobis
1362 5489 1396 5549 in
1411 5489 1619 5560 canonicum,
1636 5489 1717 5551 etin

927 5586 1074 5659 fratrem,
1091 5588 1125 5649 et
1138 5587 1169 5647 ei
1185 5586 1319 5648 stallum
1335 5586 1370 5647 in
1384 5585 1496 5657 choro,
1511 5586 1543 5646 et
1557 5584 1666 5647 locum
1681 5586 1717 5648 in
