3972 6204
804 236 1032 297 EPISTOLAE.
1057 239 1145 298 LIB.‘
1160 239 1214 297 IX.

549 428 629 514 aul

168 589 240 650 -Aa
263 591 443 660 decanam,
468 589 500 647 J.
527 588 807 648 archidiaconum
831 587 866 649 et
888 590 982 648 Bor-

234 687 385 746 naraarn
408 687 614 745 cartonicam
632 683 932 746 cathalaunenses.

484 825 500 880 t
519 821 587 878 maii
607 822 686 880 1225.

219 944 338 1009 saepest,
355 944 400 995 lib.
410 945 454 1003 IX,
464 943 539 1008 epist.
548 943 603 993 298.
612 945 670 995 biss.
679 945 714 994 La
725 945 799 994 Porto
810 944 845 994 dn
858 944 952 1009 insit]

1775 233 1834 297 846

1040 395 1162 459 dictam
1178 395 1407 472 suspensionis
1423 396 1620 457 sententiam
1636 396 1835 472 tamquama

1039 508 1105 553 non
1127 492 1187 554 suo
1205 492 1318 568 judice
1333 492 1574 568 promulgatam
1596 491 1725 553 irritam
1747 508 1836 552 nun-

1038 590 1129 651 tiari.
1152 593 1354 651 Procurator
1374 606 1454 651 vero
1485 587 1727 665 archiepiscopi
1758 604 1834 649 res-

1038 686 1154 763 pondit
1184 688 1319 748 econtra
1351 687 1437 764 quod
1468 703 1535 747 non
1563 687 1636 747 erat
1666 684 1835 747 abbatissa

1040 784 1155 845 eadem
1177 784 1358 856 audienda,
1382 800 1456 855 cnm
1487 785 1521 844 in
1554 799 1638 855 eam,
1663 785 1763 860 prout
1794 783 1835 843 de

1040 897 1125 942 novo
1141 880 1181 941 ad
1197 881 1349 942 notitiam
1364 884 1437 957 ejus
1457 882 1655 958 pervenerat
1669 881 1834 942 sententia

1039 978 1395 1040 excommunicationis
1435 998 1454 1038 a
1457 1022 1518 1039 .....
1559 980 1694 1040 cantore
1733 978 1834 1039 Pari-

189 1067 305 1129 Mandfli
322 1069 383 1137 ⁰1⁵,
403 1076 434 1126 111
452 1068 480 1125 1¹¹
505 1082 592 1125 ⁰³⁰⁸&
612 1083 675 1140 (11¹ae
694 1068 770 1125 inter
787 1077 985 1140 if00⁰rfli⁰te⁸
1030 1076 1156 1147 siensi,
1194 1078 1226 1138 et
1261 1078 1330 1136 suis
1372 1075 1600 1153 conJudicibus
1638 1076 1834 1156 auctoritate

224 1156 432 1230 archiepiscopi
447 1156 621 1214 senonensis
635 1162 663 1212 et
678 1156 828 1214 abbatissa
845 1157 984 1214 lotrensis

223 1244 396 1314 vertebatur,
417 1244 583 1301 convocatis
604 1244 742 1316 partibus,
762 1243 840 1316 quod
864 1244 981 1302 canoni-

222 1347 289 1391 cum
304 1334 397 1389 visum
413 1329 497 1389 suerit
512 1332 706 1405 pronuntient.

228 1467 407 1539 Honorius,
435 1465 513 1537 etc,
540 1465 669 1527 dilectis
683 1466 800 1527 tiliis...
817 1467 942 1528 decano
952 1467 981 1528 J.

185 1564 426 1625 archidiacono
442 1564 474 1624 et
491 1563 661 1626 Bernardo
683 1562 844 1625 canonico
857 1562 983 1625 Catha-

186 1660 354 1732 launensi,
372 1661 525 1732 salutem,
542 1661 605 1722 etc.

228 1760 278 1821 Ex
306 1758 400 1834 parte
428 1756 631 1818 venerabilis
664 1754 778 1819 fratris
811 1756 917 1817 nostri
921 1800 982 1817 .....

186 1855 393 1916 senonensis
420 1853 663 1931 archiepiscopi
691 1853 755 1915 suit
780 1853 983 1930 propositum

186 1967 301 2015 coram
325 1951 432 2024 nobis,
449 1951 535 2027 quod
561 1950 639 2011 olim
643 1993 704 2011 .....
726 1950 984 2013 archidiaconus

184 2048 401 2110 Pontinensis
416 2048 449 2109 et
470 2047 606 2123 collegis
621 2047 726 2124 ipsius
742 2048 781 2108 de
796 2047 860 2119 sui,
886 2049 919 2109 et
921 2091 981 2109 .....

183 2145 364 2207 abbatissas
385 2145 548 2207 lotrensis
569 2148 821 2222 procuratorum
844 2160 983 2206 assensu

183 2241 336 2303 dedimus
363 2242 398 2302 in
423 2241 605 2313 mandatis,
638 2242 674 2303 ut
704 2257 805 2319 super
830 2257 870 2304 eo
896 2242 982 2318 quod

183 2338 274 2398 idem
305 2338 576 2415 archiepiscopus
607 2337 808 2399 abbatissam
833 2339 983 2400 eamdem

183 2451 287 2512 super
299 2435 533 2513 jurisdictione
545 2435 709 2498 lotrensis
725 2436 920 2497 monasterii
943 2452 983 2497 ac

182 2531 285 2593 rebus
321 2531 397 2593 aliis
432 2531 590 2608 injuriari
625 2531 689 2592 sibi
724 2531 869 2604 dicebat,
893 2533 927 2594 et
962 2548 983 2593 a

182 2631 280 2707 parte
296 2628 559 2706 respondebatur
571 2628 710 2691 adversa
726 2628 835 2706 ipsum
848 2645 984 2690 monas·

182 2727 309 2788 terium
331 2742 403 2787 esse
425 2725 577 2798 liberum,
592 2726 835 2802 etexemptnm‚
852 2742 982 2787 necnon

182 2839 288 2901 super
309 2823 537 2900 suspensionis
557 2822 732 2894 sententia,
754 2838 853 2899 quam
874 2822 981 2883 abba-

181 2922 267 2983 tissa
289 2920 411 2997 injuste
430 2921 463 2980 in
485 2936 521 2981 se
543 2921 643 2981 iatam
666 2918 706 2980 ab
729 2919 981 2995 archiepiscopo

183 3016 396 3095 querebatur,
410 3033 449 3078 ac
461 3017 603 3089 damnis,
615 3017 648 3077 et
669 3016 802 3092 injuriis
813 3015 854 3077 ab
865 3016 980 3077 eodem

182 3116 438 3192 archiepiscopo
454 3116 490 3176 nt
502 3113 716 3191 proponebat,
736 3112 905 3174 abbatissa
920 3130 981 3175 suo

182 3212 388 3274 monasterio
403 3212 573 3287 irrogatis,
588 3213 621 3273 et
633 3210 710 3271 aliis
725 3210 877 3271 articulis
900 3226 982 3271 cau-

181 3325 272 3381 sam,
296 3309 388 3370 side
409 3308 553 3384 partium
574 3304 745 3369 voluntate
774 3308 978 3384 procederet,

182 3406 252 3467 fine
273 3406 384 3467 debito
403 3406 647 3467 terminarent:
673 3404 821 3482 alioquin
843 3421 916 3466 eam
939 3406 980 3466 ad

182 3519 247 3565 nos
290 3502 498 3563 remitterent
538 3502 744 3564 sufficienter
787 3502 979 3564 instructam

182 3598 424 3676 competentem
463 3599 660 3671 terminum,
696 3616 760 3677 quo
795 3600 908 3661 nostro
944 3616 979 3661 se

180 3698 424 3776 prasentarent
458 3697 659 3774 conspectui,
683 3696 833 3774 partibus
866 3697 978 3775 assIg-

183 3795 307 3857 nando.

165 3964 170 3969 ‚
221 3891 398 3955 Abbatissa
411 3906 491 3953 vero
505 3893 620 3953 contra
635 3890 795 3968 quosdam
806 3890 980 3968 presbyte-

181 4006 250 4062 ros,
267 3993 300 4051 et
315 3990 457 4051 clericos
469 3990 640 4051 Jotrenses
656 4004 756 4065 super
768 3989 883 4049 eadem
899 4003 978 4048 sus-

180 4087 354 4165 pensionis
367 4085 542 4158 sententia‚
556 4085 716 4163 quasdam
731 4084 771 4145 ad
783 4085 915 4146 eosdem
922 4087 979 4161 ju-

180 4185 274 4245 dices
292 4184 454 4260 speciales
479 4182 607 4244 litteras
622 4182 683 4243 sub
697 4181 812 4243 eadem
828 4182 919 4253 data,
935 4181 975 4242 de

181 4281 259 4343 aliis
274 4281 443 4342 mentione
455 4296 522 4341 non
538 4279 662 4351 habita,
676 4278 897 4340 nibilominus
912 4279 977 4338 im-

179 4377 334 4456 petravit.
348 4377 572 4437 conveniente
587 4376 698 4452 itaque
713 4375 883 4436 abbatissa
896 4391 978 4452 prae·

177 4475 248 4537 iata
261 4474 367 4536 dictos
380 4473 600 4551 presbyteros,
615 4476 648 4535 et
663 4473 805 4534 clericos
819 4488 975 4549 pereas-

179 4571 254 4633 dem
269 4571 397 4634 litteras
423 4571 586 4647 speciales
607 4571 640 4632 et
662 4570 913 4647 archiepiscopo
935 4569 975 4630 ad

179 4669 371 4731 eorumdem
393 4667 642 4731 denuntiatione
662 4668 812 4744 jndicum
830 4682 890 4745 pro
907 4684 976 4728 sure

178 4766 371 4829 defensione
387 4766 559 4827 sententiae
584 4766 807 4841 comparente,
832 4764 976 4825 formato

179 4880 310 4941 quoque
321 4863 432 4925 libello
448 4864 563 4924 contra
576 4863 709 4923 eosdem
720 4861 931 4940 presbyteros
944 4863 977 4924 et

179 4958 977 5037 clericossuperprendiotasuspensionissenten-

179 5060 237 5131 tia,
250 5074 349 5135 quam
361 5057 488 5119 irritari
501 5058 670 5133 tamquam
683 5057 784 5118 latam
800 5072 820 5117 a
835 5073 902 5118 non
915 5073 975 5118 suo

176 5156 290 5235 judice
303 5154 504 5232 postulabat,
516 5170 555 5215 ac
568 5154 622 5214 die
635 5154 676 5214 ad
688 5154 975 5230 interloquendum

180 5269 281 5330 snper
305 5251 501 5330 quibusdam
521 5250 772 5326 exceptionibus
792 5252 972 5326 assignato,

179 5351 296 5413 eadem
311 5350 478 5411 abbatissa
500 5365 613 5410 coram
628 5348 710 5426 ipsis
727 5348 898 5426 judicibus
918 5364 977 5425 per

179 5449 331 5512 obtentas
344 5447 384 5509 de
396 5462 534 5507 assensu
548 5446 692 5523 partium
706 5447 835 5508 litteras
849 5447 976 5508 archie-

180 5547 352 5625 piscopum
378 5545 533 5606 convenit
558 5544 721 5616 eumdem,
747 5544 862 5621 petens
882 5545 974 5620 Jam-

1038 1173 1229 1249 Apostolica
1245 1172 1313 1235 lata
1327 1173 1421 1234 soret.

1079 1272 1160 1331 Cum
1178 1272 1289 1345 autem
1311 1271 1540 1346 exceptionem
1561 1270 1751 1348 hujusmodi
1772 1271 1834 1332 ad-

1039 1364 1191 1426 miserint
1212 1365 1278 1441 ipsi
1295 1365 1437 1442 judices
1462 1366 1494 1427 et
1515 1365 1684 1428 abbatissa
1708 1366 1834 1430 diceret

1039 1462 1145 1538 ipsam
1169 1461 1522 1524 excommunicationis
1552 1464 1748 1525 sententiam
1774 1479 1833 1539 per

1038 1558 1207 1635 delegatos
1220 1576 1240 1620 a
1254 1559 1349 1620 nobis
1361 1560 1491 1637 judices
1507 1561 1702 1632 relaxatam,
1722 1561 1775 1622 die
1791 1561 1831 1622 ad

1038 1655 1103 1716 hoc
1144 1656 1350 1732 probandum
1387 1656 1451 1718 sibi
1484 1658 1642 1734 praelixa,
1673 1658 1832 1735 quasdam

1039 1753 1167 1815 litteras
1189 1754 1249 1814 sub
1269 1754 1389 1829 sigillis
1393 1799 1453 1816 .....
1480 1756 1627 1815 cantoris
1649 1755 1831 1817 cathalan-

1039 1850 1152 1911 nensis
1165 1853 1197 1913 et
1210 1868 1347 1912 suorum
1369 1852 1580 1928 conjudicum
1593 1853 1830 1929 delegatorum,

1039 1948 1074 2011 ut
1089 1948 1253 2016 dicebant,
1269 1965 1289 2010 a
1304 1946 1410 2024 nobis,
1427 1949 1541 2010 eadem
1557 1949 1725 2011 abbatissa
1735 1950 1833 2013 exhi-

1038 2045 1110 2107 buit
1133 2047 1351 2118 continentes,
1366 2047 1452 2122 quod
1476 2047 1541 2123 ipsi
1563 2034 1760 2123 praedictam
1769 2064 1833 2109 ex-

1039 2144 1384 2210 communicationem,
1410 2144 1443 2205 et
1466 2145 1705 2220 suspensionis
1724 2146 1757 2207 et
1779 2146 1834 2205 in-

1038 2239 1170 2302 terdicti
1186 2241 1368 2301 sententias
1383 2241 1646 2317 promulgatae...
1663 2257 1682 2302 a
1698 2244 1833 2303 cantore

1041 2337 1223 2399 Parisiensi
1239 2340 1272 2399 et
1284 2339 1353 2398 suis
1369 2338 1506 2413 collegis
1521 2338 1556 2398 in
1570 2339 1686 2415 ipsam,
1702 2340 1734 2400 et
1748 2355 1834 2401 com·

1039 2434 1246 2497 municantes
1271 2436 1378 2496 eidem
1402 2435 1517 2497 irritas
1537 2437 1782 2507 nuntiaverant,
1799 2437 1832 2497 et

1039 2531 1166 2592 inanes.
1185 2532 1247 2593 Sed
1264 2549 1338 2593 cum
1360 2535 1555 2610 procurator
1576 2532 1830 2610 archiepiscopi,

1038 2628 1252 2691 renuntiante
1275 2632 1369 2706 parte
1385 2631 1501 2701 altera,
1521 2646 1621 2707 super
1635 2630 1697 2691 hoc
1712 2630 1833 2706 proba-

1038 2726 1184 2788 tionibus
1206 2726 1282 2788 aliis
1305 2727 1515 2789 econtrario
1539 2728 1754 2804 responderet
1777 2728 1833 2790 lit-

1037 2826 1128 2884 teras
1157 2823 1250 2900 ipsas
1274 2841 1339 2885 non
1368 2824 1522 2887 sufficere
1542 2825 1583 2885 ad
1603 2824 1832 2901 probationem

1037 2920 1256 2982 absolutionis
1271 2922 1431 2997 ejusdem,
1449 2938 1523 2983 cum
1542 2938 1603 2982 nec
1618 2921 1832 2983 exhiberetur

1037 3018 1233 3094 rescriptum
1259 3018 1500 3094 Apostolicnm,
1531 3034 1593 3079 nec
1619 3018 1694 3080 aliae
1723 3018 1848 3083 forent.

1037 3114 1247 3190 probationes
1269 3115 1412 3177 inductae
1439 3131 1498 3192 per
1520 3131 1601 3192 quas
1624 3116 1664 3176 de
1679 3116 1832 3192 jamdicti

1036 3212 1182 3274 cantoris
1198 3212 1474 3274 cathalaunensis
1499 3214 1532 3273 et
1553 3228 1688 3273 suorum
1713 3215 1831 3290 conju-

1036 3309 1830 3387 dicumjurisdictioneconstaret‚iidemjudices
1890 3354 1900 3371 .

1035 3407 1277 3484 propositiones
1309 3406 1497 3484 hujusmodi
1526 3424 1592 3469 non
1615 3423 1690 3469 esse
1714 3408 1829 3488 contra

1035 3504 1168 3565 easdem
1181 3504 1309 3565 litteras
1331 3504 1563 3576 admittendas
1582 3506 1614 3566 et
1628 3505 1718 3582 ipsas
1734 3504 1830 3565 suitl-

1035 3617 1110 3662 cere
1138 3601 1180 3662 ad
1206 3600 1434 3678 probatmnem
1461 3602 1681 3664 absolutionis
1700 3602 1826 3679 ipsius,

1035 3715 1094 3775 per
1117 3699 1291 3775 qnamdam
1314 3699 1598 3760 interlocutoriam
1620 3699 1828 3775 protulerunt

1034 3797 1068 3856 in
1084 3796 1228 3872 negotio,
1246 3811 1305 3872 per
1318 3795 1446 3856 litteras
1468 3800 1582 3857 contra
1614 3795 1824 3873 presbyteros

1033 3894 1066 3954 et
1080 3893 1220 3954 clericos
1241 3892 1445 3968 impetratas,
1461 3891 1502 3952 ad
1522 3893 1744 3969 receptionem
1758 3896 1828 3954 tes-

1032 3989 1246 4051 timoniorum
1259 4004 1357 4065 super
1368 3989 1595 4065 suspensionis
1606 3990 1772 4051 sententia
1783 3991 1827 4051 ci·

1033 4087 1084 4146 tra
1097 4085 1165 4146 litis
1185 4085 1423 4146 contestatione
1435 4101 1442 4158 ;
1454 4085 1701 4147 contradicente
1711 4102 1828 4163 procu·

1033 4185 1143 4244 satore
1154 4182 1407 4259 archiepiscopi,
1416 4183 1448 4244 et
1457 4181 1498 4242 ad
1512 4183 1737 4244 defensionem
1750 4200 1828 4245 sen-

1030 4280 1146 4341 tentiae
1169 4282 1361 4341 memoratae
1382 4282 1499 4357 parato
1526 4281 1643 4361 contra
1661 4282 1826 4358 justinam

1032 4377 1261 4454 procedentes,
1275 4377 1517 4453 propterquod,
1530 4379 1564 4438 et
1573 4378 1640 4439 alia
1653 4379 1827 4455 praemissa

1032 4474 1226 4550 gravamina
1261 4474 1349 4535 idem
1380 4474 1651 4552 archiepiscopus
1679 4477 1826 4537 sentiens

1031 4572 1177 4633 indebite
1199 4588 1235 4633 se
1258 4571 1413 4648 gravari,
1441 4574 1589 4634 nostram
1621 4573 1825 4635 audientiam

1031 4669 1222 4745 appellarit,
1246 4672 1279 4731 et
1301 4685 1361 4745 per
1384 4671 1631 4747 procuratorem
1655 4686 1751 4731 snum
1766 4686 1827 4748 ap-

1032 4766 1244 4844 pellationem
1256 4767 1485 4843 interpositam
1501 4770 1696 4844 prosecutus
1711 4770 1827 4843 postu-

1032 4863 1114 4925 lavit
1128 4880 1147 4924 a
1163 4863 1270 4931 nobis,
1293 4865 1330 4925 nt
1349 4864 1383 4924 in
1405 4864 1535 4925 irritum
1556 4864 1707 4925 revocari
1729 4866 1825 4941 quio-

1033 4960 1110 5037 quid
1121 4961 1458 5038 postappellationem
1470 4960 1618 5021 eamdem
1628 4960 1824 5022 attentatum

1032 5058 1193 5119 existeret
1208 5058 1452 5119 mandaremus.

1074 5157 1273 5217 Procurator
1288 5156 1397 5217 autem
1414 5154 1589 5215 abbatissae
1609 5152 1752 5215 obtentis
1766 5171 1826 5215 su-

1032 5268 1091 5330 per
1108 5253 1170 5313 boc
1185 5252 1315 5324 litteris,
1328 5253 1363 5312 in
1376 5252 1542 5313 communi
1555 5251 1724 5314 audientia
1739 5268 1823 5313 con-

1032 5351 1199 5415 tradicens
1215 5349 1388 5426 proposuit
1411 5365 1454 5410 ex
1479 5349 1631 5419 adverso,
1648 5349 1825 5426 quodcum

1033 5443 1234 5520 supradictis
1257 5441 1424 5519 jndIcibus
1439 5441 1480 5501 de
1495 5440 1656 5503 dictorum
1679 5444 1826 5504 cantoris

1032 5541 1320 5611 cathalaunensis
1333 5540 1365 5600 et
1373 5524 1582 5615 conjudicum
1596 5555 1731 5601 siturum
1748 5557 1826 5618 pro·
