3930 6206
200 302 261 363 tot

201 477 264 522 nus
278 459 512 537 exsequantur.
523 457 641 518 Datum
657 455 824 527 Laterani,
841 458 916 517 VIII
931 454 994 516 lta-

200 559 318 621 lendas
339 555 540 627 novembris,
556 552 767 631 pontificatus
786 553 892 616 nostri
905 567 994 614 anno

200 671 300 717 nono.

550 875 640 962 XIX

201 1043 253 1104 Ad
264 1042 530 1102 erchtdecortum
554 1037 798 1098 cancellarium
819 1034 854 1095 et
869 1035 995 1109 mepa-

240 1139 337 1199 trum
370 1139 564 1199 Henrtcum
594 1137 634 1195 de
661 1137 759 1200 (ires,
791 1133 995 1193 canonicum

241 1236 501 1301 carnotensem.

477 1372 513 1430 ab
527 1371 619 1429 octob.
637 1370 715 1428 titt.

234 1502 355 1567 [Rogest.,
368 1498 412 1549 lib.
425 1498 468 1555 ix,
483 1497 556 1562 epist.
565 1496 604 1547 at.
617 1496 674 1547 llas.
688 1496 724 1546 La
733 1496 810 1545 Porto
819 1494 854 1545 dn
866 1492 958 1555 rtet]

203 1628 258 1684 Dat
271 1626 314 1682 eie
340 1624 515 1697 provinciam
536 1621 669 1680 audiendi
689 1634 809 1678 caueam
832 1632 896 1692 que
921 1619 995 1675 inter

236 1714 482 1785 archiepiscopum
499 1710 762 1783 Rothomagensem
779 1716 808 1767 et
821 1714 994 1766 conventum

236 1802 331 1860 Sancti
347 1800 460 1860 Martini
473 1799 643 1857 vertebatur.
660 1797 777 1857 Mandat
790 1805 820 1855 et
834 1796 908 1854 bona
923 1809 992 1852 con·

234 1890 332 1948 ventui
354 1888 389 1946 ab
405 1889 621 1961 archiepiscopo
644 1887 737 1944 ablata
754 1885 862 1944 restitui
878 1883 992 1949 iaciant,

233 1985 262 2037 et
273 1979 309 2039 de
318 1979 439 2047 caeteris,
452 1976 528 2051 quod
535 1977 704 2035 canonicum
718 1975 810 2031 visum
824 1972 917 2041 luerit,
935 1987 996 2047 pro

236 2069 382 2125 nuncient.

239 2201 408 2263 Honorius
416 2202 602 2278 episcopus,
614 2216 730 2262 servus
739 2213 912 2261 servorum
921 2198 992 2267 Dei,

202 2299 332 2361 dilectis
352 2299 468 2359 filiis...
490 2298 763 2359 archidiacono...
780 2293 994 2366 cancellario,

200 2397 233 2459 et
248 2397 407 2472 magistro
422 2396 566 2457 ilenrico
581 2395 621 2457 de
645 2398 726 2456 (ires
744 2393 905 2456 canonico
920 2393 997 2453 Gar·

202 2493 345 2563 rotensi,
364 2493 515 2563 salutem,
534 2492 596 2553 etc.

239 2590 450 2651 Venerabilis
465 2589 568 2651 irater
583 2590 732 2650 noster...
749 2586 997 2662 Rothomagen-

202 2687 249 2749 sis
261 2686 532 2763 archiepiscopus
547 2702 608 2746 sna
621 2684 717 2746 nobis
733 2685 997 2762 petitionemon-

201 2784 330 2855 stravit,
341 2784 426 2861 quod
436 2782 642 2845 de...abhate
652 2798 691 2843 ac
703 2780 874 2844 monachis
884 2781 996 2842 Sancti

201 2880 338 2944 Martini
364 2896 433 2942 snae
455 2880 608 2941 dioecesis
629 2880 733 2941 multa
760 2879 896 2940 sinistra
924 2879 997 2956 ejus

201 2979 338 3041 auribus
349 2972 465 3045 essent
480 2979 604 3055 saepius
618 2977 796 3048 inculcata,
811 2977 859 3037 ita
874 2976 911 3037 ut
924 2975 998 3035 sine

203 3075 416 3137 conscientias
445 3077 510 3135 tum
539 3074 695 3150 scrupulo
717 3089 757 3134 ea
777 3072 923 3134 transire
936 3070 997 3132 sub

203 3172 469 3234 dissimulatione
494 3187 561 3232 non
578 3172 700 3248 posset,
726 3169 937 3247 ipsevolens,
966 3169 1000 3231 et

203 3286 284 3343 suae,
310 3270 343 3331 et
374 3270 510 3331 illorum
546 3268 721 3345 providere
752 3267 863 3338 saluti,
894 3265 998 3327 dilec-

201 3368 255 3429 tos
276 3367 400 3428 tilios...
421 3366 678 3436 thesaurarium,
695 3367 729 3426 et
749 3364 944 3440 magIstrum
966 3366 996 3425 J.

204 3464 244 3525 de
260 3465 398 3534 Sarcon,
415 3462 612 3523 canonicum
628 3462 941 3537 Rothomagensem,
956 3459 997 3522 ad

204 3576 320 3622 eorum
334 3558 573 3621 monasterium
589 3575 664 3619 cum
686 3558 755 3619 suis
769 3559 891 3621 litteris
901 3558 1000 3619 desti-

206 3658 308 3729 navit,
320 3657 470 3733 injuncto
486 3656 611 3717 eisdem
626 3658 662 3718 ut
672 3672 774 3733 super
788 3655 842 3716 his
855 3654 1000 3731 diligen-

204 3756 257 3817 ter
277 3754 483 3832 inquirerent
497 3754 684 3824 veritatem,
708 3770 748 3816 ea
768 3769 843 3830 quae
861 3753 1000 3814 iuveni-

204 3854 280 3912 rent
295 3850 359 3911 sibi
379 3850 526 3912 fideliter
543 3850 693 3912 relaturi.
715 3850 840 3922 Quibus
856 3850 1001 3910 volenti-

204 3948 266 4009 bus
273 3949 409 4026 exsequi
423 3948 507 4026 quod
522 3947 604 4024 Ipsis
617 3949 690 4008 erat
703 3948 899 4024 injunctum,
908 3947 1001 4022 prior

206 4047 240 4108 et
258 4047 439 4115 conventus
454 4061 513 4106 eos
534 4044 708 4106 humiliter
727 4045 942 4120 rogaverunt,
958 4060 1002 4105 ne

208 4143 243 4203 in
253 4143 325 4218 ipsa
337 4142 552 4218 inquisitione
565 4141 793 4217 procederent,
810 4140 866 4201 sed
880 4155 1003 4218 expec-

208 4241 318 4302 tarent
345 4253 517 4316 quousque
532 4238 603 4314 ipse
622 4237 893 4315 archiepiscopus
916 4239 1002 4299 visi·

208 4337 295 4399 taret
327 4335 549 4412 personaliter
576 4333 686 4395 locum
709 4335 828 4411 ipsum,
863 4334 1004 4397 tirmiter

210 4433 439 4511 promittentes
466 4431 552 4509 quod
581 4433 674 4493 actus
704 4449 782 4493 suos
806 4433 940 4495 interim
967 4432 1004 4493 in

212 4530 332 4593 melius
349 4528 579 4592 reformarent.
600 4532 746 4606 Cumque
764 4529 843 4592 dicti
862 4530 1004 4593 thesau-

212 4630 322 4690 rarius
333 4628 366 4689 et
380 4626 560 4688 canonicus
575 4642 690 4688 eorum
701 4626 855 4704 precihus
865 4630 1006 4688 annuis-

213 4726 297 4797 sent,
316 4726 349 4787 et
365 4725 473 4785 sumus
488 4723 647 4793 insamiae,
663 4725 720 4801 qui
737 4724 777 4786 de
789 4725 872 4800 ipsis
882 4741 1004 4787 ascen-

213 4824 318 4895 derat,
333 4824 366 4884 et
377 4821 540 4882 Intererat
560 4824 629 4897 jam
643 4823 768 4894 vicina,
785 4838 1004 4900 nequaquam,

817 295 993 357 HONORII
1016 296 1061 357 111
1082 296 1233 357 OPERA.

1790 289 1852 349 708

1048 455 1154 517 dactis
1173 453 1401 516 dicttseorum
1412 452 1447 513 in
1462 448 1662 529 inquirendo
1676 462 1852 527 processu,

1049 551 1120 629 ipse
1147 552 1250 628 prior,
1274 565 1333 626 pro
1357 549 1476 612 abbate
1500 550 1534 611 et
1558 548 1728 610 conventu
1751 561 1795 606 ne
1814 545 1853 605 in

1048 650 1182 725 negotio
1197 649 1271 725 ipso
1285 647 1490 725 procederet,
1513 643 1709 722 appellavit.
1723 642 1854 704 nullam

1048 746 1149 807 aliam
1168 761 1304 806 causam
1324 760 1396 806 suae
1416 742 1633 820 appellationi
1653 741 1856 816 assignans,

1049 843 1114 903 nisi
1128 843 1214 920 quod
1225 858 1291 903 non
1302 841 1444 903 debebat
1454 841 1494 902 ad
1507 840 1759 918 inquisitionem
1770 852 1856 914 pro-

1049 940 1183 1011 cedere,
1208 955 1248 1000 eo
1278 938 1363 1016 quod
1392 937 1495 1000 abbas
1531 937 1724 998 admonitus
1749 935 1854 995 antea

1049 1035 1167 1107 suerat,
1197 1038 1231 1099 et
1258 1036 1345 1114 quod
1364 1039 1515 1097 correcta
1544 1035 1642 1095 erant
1666 1031 1856 1093 secundnm

1049 1135 1170 1197 statuta
1186 1133 1314 1195 ordinis
1324 1149 1397 1210 quae
1411 1132 1544 1194 inerant
1558 1129 1776 1206 corrigenda,
1789 1142 1857 1189 ar-

1049 1231 1281 1309 chiepiscopus
1296 1245 1377 1292 vero
1391 1229 1609 1291 considerans
1629 1227 1715 1305 quod
1733 1226 1771 1286 in
1783 1225 1856 1285 de-

1049 1329 1258 1391 nuntiatione
1277 1329 1386 1389 loeum
1402 1326 1502 1388 habet
1515 1324 1706 1403 hujusmodi
1723 1323 1853 1384 admo-

1050 1427 1143 1499 nitio,
1160 1430 1193 1488 et
1214 1441 1281 1487 non
1296 1426 1331 1485 ln
1343 1424 1569 1502 inquIsitione,
1583 1438 1684 1500 quam
1698 1421 1853 1483 clamosa

1049 1522 1145 1584 debet
1156 1523 1338 1585 insinuatio
1350 1522 1548 1599 praevenire,
1559 1521 1732 1582 attendens
1742 1518 1854 1580 etiam

1049 1622 1135 1699 quod
1146 1636 1213 1682 non
1222 1620 1515 1682 estacorrectione
1524 1616 1856 1693 excessuumappel-

1049 1718 1197 1793 landum,
1222 1721 1296 1795 post
1317 1717 1462 1779 debitam
1490 1716 1716 1782 monitionem,
1739 1713 1856 1775 abba-

1049 1819 1116 1878 tem
1128 1815 1170 1876 ab
1180 1815 1469 1877 administratione
1479 1814 1721 1890 temporalium,
1729 1814 1763 1873 et
1774 1814 1855 1872 tam

1049 1915 1158 1990 ipsum
1168 1928 1268 1991 qnam
1278 1913 1475 1974 conventum
1487 1926 1508 1972 a
1519 1910 1741 1972 celebratione
1755 1908 1857 1969 divi-

1049 2026 1180 2082 norum,
1203 2011 1236 2072 et
1250 2025 1485 2087 campanarum
1501 2008 1689 2084 pulsatione
1702 2022 1857 2082 suspen-

1050 2108 1164 2179 disset,
1190 2107 1254 2184 ipsi
1285 2108 1502 2175 nihilominus
1535 2109 1568 2169 et
1596 2106 1740 2182 pulsare,
1770 2104 1857 2179 ipso

1050 2202 1150 2265 etiam
1172 2203 1280 2263 adhuc
1305 2202 1481 2280 prasente,
1498 2214 1679 2277 campanas
1696 2202 1729 2260 et
1741 2198 1856 2274 digna

1051 2299 1220 2362 celebrare
1243 2300 1355 2361 ostleIa
1383 2299 1680 2377 presumpserunt,
1708 2300 1858 2373 propter

1051 2397 1137 2474 quod
1162 2397 1249 2459 idem
1264 2397 1537 2473 archiepiscopus
1562 2396 1598 2456 in
1618 2411 1677 2455 eos
1700 2408 1860 2470 pramo-

1051 2496 1140 2557 nitos
1154 2494 1343 2571 diligenter,
1358 2509 1398 2555 ac
1411 2495 1446 2554 in
1461 2509 1530 2555 suae
1542 2492 1737 2553 rebellionis
1757 2506 1855 2552 con-

1050 2592 1197 2654 tumacia
1212 2592 1386 2653 induratos
1400 2588 1757 2653 excommunicationis
1768 2602 1857 2649 sen·

1050 2691 1188 2751 tentiam
1204 2689 1438 2766 promulgavit.
1450 2688 1662 2749 Postmodum
1671 2701 1751 2748 vero
1762 2687 1855 2762 qnid

1051 2787 1205 2848 monachi
1228 2786 1376 2864 ejusdem
1400 2786 1465 2847 loci
1487 2785 1520 2846 ei
1535 2801 1579 2846 ex
1597 2785 1689 2861 parte
1712 2783 1859 2845 abbatis

1051 2883 1287 2960 resignationIs
1318 2884 1446 2946 litteras
1482 2882 1684 2952 obtulerunt,
1719 2879 1860 2958 quibus

1052 2982 1211 3059 inspectis
1228 2981 1338 3058 ipsum
1353 2980 1506 3042 abbatem
1520 2979 1562 3041 ab
1581 2978 1860 3041 adminIstratio·

1051 3080 1105 3139 nis
1120 3094 1200 3140 cura
1216 3093 1427 3156 nequaquam
1446 3077 1619 3138 absolvere
1637 3075 1755 3147 voluit,
1771 3077 1860 3152 qui·

1052 3176 1141 3238 nimo
1160 3176 1332 3237 monachis
1353 3175 1437 3252 ipsis
1455 3189 1614 3252 expresse
1634 3171 1782 3233 inhibuit
1811 3188 1861 3235 ne

1052 3272 1270 3349 procederent
1298 3272 1340 3332 ad
1364 3272 1560 3334 electionem
1586 3270 1742 3340 alterius,
1773 3285 1859 3331 cum

1052 3370 1160 3433 dictus
1182 3369 1285 3431 abbas
1308 3385 1517 3447 nequaquam
1532 3367 1680 3430 essetab
1705 3365 1858 3429 abbatiae

1053 3466 1216 3542 regimine
1236 3464 1419 3537 absolutus,
1435 3467 1468 3526 et
1482 3464 1548 3541 ipsi
1562 3463 1662 3526 etiam
1678 3462 1775 3539 ligati
1790 3478 1862 3524 ex-

1054 3561 1366 3625 communicationis
1385 3561 1519 3624 vinculo
1534 3563 1739 3631 tenerentur,
1759 3560 1796 3622 et
1812 3576 1859 3622 ne

1054 3676 1151 3722 secus
1175 3658 1287 3721 tacere
1310 3659 1512 3721 attentarent
1533 3673 1703 3734 persuum
1722 3660 1860 3719 certum

1054 3758 1206 3819 nuntium
1239 3756 1388 3818 nostram
1420 3755 1625 3816 audientiam
1652 3754 1859 3831 appellavit.

1056 3856 1119 3917 Sed
1140 3854 1240 3915 iidem
1262 3856 1334 3930 eius
1352 3852 1552 3914 inhibitione
1567 3868 1607 3913 ac
1626 3851 1861 3929 appellatione

1056 3951 1263 4028 contemptis,
1284 3951 1325 4011 ad
1346 3950 1544 4012 electionem
1559 3948 1726 4027 suspensi,
1743 3950 1777 4010 et
1793 3965 1862 4011 ex-

1056 4049 1289 4112 communicati
1305 4048 1346 4109 do
1358 4047 1446 4108 tacto
1461 4062 1537 4108 cum
1552 4045 1595 4107 de
1607 4049 1762 4124 jurenon
1773 4062 1862 4123 pos·

1057 4148 1130 4208 sent
1144 4146 1323 4223 procedere
1333 4144 1626 4223 praesumpserunt.
1643 4145 1753 4215 Quare
1763 4142 1860 4205 idem

1057 4244 1330 4320 archiepiscopus
1368 4241 1501 4319 petebat
1531 4256 1724 4318 processum
1756 4256 1859 4302 sunm

1058 4341 1255 4403 auctoritate
1282 4339 1474 4416 apostolica
1491 4339 1697 4409 confirmari,
1721 4339 1755 4400 et
1771 4354 1859 4414 pro-

1059 4454 1154 4500 cessu
1181 4438 1421 4499 monachorum
1440 4437 1573 4514 pentius
1590 4436 1687 4498 irrito
1702 4436 1860 4498 nunbate

1058 4537 1150 4613 ipsos
1175 4534 1356 4598 monachos
1380 4535 1421 4595 ad
1452 4534 1603 4595 eumdem
1632 4532 1860 4595 absolvendos

1060 4633 1195 4704 remitti,
1207 4633 1241 4694 et
1253 4633 1413 4694 canomee
1428 4630 1627 4708 puniendos,
1643 4646 1706 4707 pro
1718 4630 1859 4707 eoquod

1063 4730 1302 4807 suspensionis,
1331 4732 1364 4790 et
1395 4727 1752 4791 excommunicationis
1776 4744 1861 4790 sen-

1060 4826 1570 4890 tentiasminimeservaverunt.

214 4924 250 4983 ut
263 4921 467 4998 speraverat,
480 4920 703 4989 evanesceret,
715 4920 772 4980 sed
783 4920 824 4980 de
837 4920 890 4982 die
905 4921 939 4980 in
952 4922 1006 4982 die
1101 4927 1151 4987 Ex
1169 4926 1263 5002 parte
1289 4938 1369 4987 vero
1392 4925 1421 4985 J.
1452 4922 1619 4992 monachi,
1649 4923 1708 5000 qui
1734 4923 1860 4986 dicitnr

214 5018 321 5094 magis
343 5033 382 5079 ac
401 5017 509 5092 magis
530 5016 711 5076 ascendere
725 5017 903 5090 videretur,
921 5019 1007 5079 idem
1062 5022 1197 5095 electus,
1214 5022 1249 5083 et
1262 5022 1443 5082 conventus
1458 5019 1564 5097 ipsius
1580 5020 1775 5082 monasterii
1793 5019 1859 5081 fnit

215 5115 484 5192 archiepiscopus
492 5114 713 5190 personaliter
724 5115 765 5175 ad
781 5114 888 5176 locum
898 5116 1007 5192 ipsum
1062 5120 1266 5196 propositum
1281 5134 1324 5180 ex
1338 5117 1489 5190 adverso,
1506 5116 1592 5194 quod
1608 5132 1685 5178 cum
1699 5116 1860 5195 praetatus

216 5213 367 5285 accessit,
391 5213 525 5272 visurus
549 5213 657 5271 utrum
680 5212 829 5287 praedicti
847 5212 951 5274 abhas
975 5216 1008 5275 et
1062 5216 1332 5293 archiepiscopus
1376 5214 1418 5275 ad
1459 5215 1699 5276 monasterinm
1745 5214 1859 5291 ipsum

215 5309 369 5372 monachi
385 5309 574 5379 clamorem,
588 5308 692 5385 quide
702 5308 784 5385 ipsis
798 5311 1005 5383 ascenderat,
1063 5330 1164 5376 cauea
1198 5313 1413 5385 visitationis,
1453 5316 1490 5374 ut
1521 5311 1663 5384 dicebat,
1694 5311 1859 5373 accedens

214 5423 314 5485 opere
325 5406 590 5482 complevissent.
606 5408 687 5466 dum
700 5422 779 5481 ergo
795 5407 830 5468 in
847 5408 1007 5471 ramentis
1062 5411 1369 5473 vellet'solemnem
1404 5408 1654 5486 inquisitIonem
1679 5408 1791 5471 tacere
1823 5410 1858 5470 in

215 5503 343 5565 abbatis
369 5504 403 5564 et
430 5502 564 5580 prioris
590 5519 629 5564 ae
653 5504 868 5580 quorumdam
892 5523 1009 5568 mona·
1047 5508 1274 5585 ¹eodem,ipsi,
1284 5508 1362 5570 licet
1375 5510 1411 5568 B.
1423 5508 1502 5569 tunc
1514 5505 1665 5582 ejusdem
1677 5505 1743 5568 loci
1754 5504 1860 5568 abbas

216 5601 353 5661 cherum
368 5601 408 5661 de
429 5599 569 5662 dicenda
583 5600 725 5663 veritate
746 5603 888 5680 receptis
903 5605 937 5667 et
953 5620 1010 5666 re-
1062 5605 1156 5682 gravi
1178 5607 1267 5667 esset
1287 5604 1481 5671 infirmitate
1501 5602 1685 5677 conlectus,
1709 5604 1743 5664 et
1767 5603 1860 5666 tama
