3930 6206
246 222 303 282 ori
865 212 1043 274 nononn
1064 213 1109 273 n1
1131 213 1279 275 ornan.
1796 226 1841 286 aa
1927 178 1928 197 '

245 378 462 443 mutationem
475 372 676 455 hujusmodi,
689 372 775 435 sicut
787 371 840 450 pie
853 386 892 435 ac
905 371 1041 450 provide
1095 371 1255 446 eamdem,
1276 372 1428 434 cessante
1447 373 1673 451 appellatione,
1687 379 1842 454 cogalisra

246 477 334 539 iacta
353 476 414 549 est,
431 473 629 537 auctoritate
652 469 841 548 apostolica
864 470 1043 532 conflrma-
1095 470 1186 533 ritati
1201 469 1426 532 testimouium
1450 471 1633 548 perbibere.
1653 474 1735 544 Quod
1753 477 1777 536 si
1793 494 1843 541 non

246 590 332 646 mus,
348 575 382 635 et
400 571 575 650 pressantis
599 569 715 646 scripti
739 567 924 646 patrocinio
945 583 1040 630 com·
1095 582 1210 629 omnes
1225 567 1278 628 his
1290 568 1511 649 exsequendis
1528 570 1694 646 potueritis
1705 571 1842 647 maresa,

246 671 424 733 munimus.
441 669 544 741 Nulli,
556 669 619 729 etc.
631 668 750 728 Datum
760 664 929 740 Laterani,
944 665 1041 727 nonis
1095 664 1160 725 duo
1180 667 1327 727 restrum
1349 679 1389 726 ea
1414 665 1629 728 nihilominus
1648 672 1843 744 exseqmtnr.

243 768 342 846 junii,
358 766 570 844 pontificatus
585 764 691 826 nostri
705 779 793 825 anno
811 763 939 824 octavo.
1094 761 1213 822 Datum
1230 761 1401 833 Laterani,
1415 764 1460 824 Vl
1473 762 1547 825 idus
1561 763 1659 841 jimii,
1673 766 1845 842 pontificatus

1094 857 1199 920 nostri
1212 860 1441 923 annoocnvo.
1927 888 1928 925 ι

529 950 752 1039 ccxxxix

1927 928 1928 971 l

245 1109 297 1169 Ad
323 1108 519 1183 episcopum
541 1101 785 1173 Ferentinum,
805 1101 959 1162 abbatem
978 1108 1042 1160 no-
1752 1164 1757 1173 ,
1927 1048 1928 1117 ἶ

284 1205 437 1267 rtontntae
457 1201 666 1263 Mutinensts
680 1200 713 1262 et
727 1200 937 1276 magistrum
952 1201 1042 1258 Tan·
1430 1153 1557 1241 CCXL

284 1302 426 1363 moderna
441 1300 645 1361 canonicum
656 1299 919 1359 Bononiensem.
1095 1312 1146 1371 ,qd
1166 1313 1324 1385 priorem
1338 1313 1371 1375 eg
1386 1317 1567 1377 mmmm„
1587 1315 1622 1376 ις,
1638 1316 1753 1376 Μανία
1768 1318 1848 1377 Now

544 1420 561 1477 8
573 1418 650 1493 junii
666 1418 744 1475 lili.
1411 1410 1453 1472 de
1473 1413 1569 1473 Urbe.

426 1532 545 1598 [Ughelli
560 1532 725 1592 ltaliasacra,
739 1530 781 1589 111,
791 1528 859 1595 lla]
1386 1542 1501 1620 qoqufi
1517 1550 1595 1608 qm
1927 1564 1928 1651 q

281 1729 451 1789 Florentino
467 1728 590 1786 civitatis
605 1726 741 1784 inducant
756 1723 792 1784 ad
808 1722 1040 1784 satisfaciendum

279 1818 316 1877 de
339 1816 459 1876 notoriis
486 1816 599 1883 damnis
620 1823 649 1872 et
673 1814 785 1887 iniuriis
809 1812 943 1887 irrogatis
967 1811 1040 1870 lide·
1095 1793 1237 1852 fl⁰ss⁰fi⁰³
1256 1797 1297 1854 ΠΙ
1320 1790 1503 1856 (Ῑθῦθῑῑθῦθῑῐὶ
1528 1799 1713 1871 quorumdam
1733 1798 1850 1869 b⁰l⁰f11ll

280 1905 420 1981 prandino
434 1906 570 1979 episcopo
584 1911 613 1961 et
625 1904 755 1962 ecclesiis
769 1902 927 1960 Fesulanls.
1130 1906 1181 1964 per
1200 1887 1364 1963 Roborium,
1378 1902 1408 1951 et
1429 1895 1586 1953 Deodatum
1613 1899 1793 1971 Frangipaoos
1810 1896 1850 1953 lac·

284 2022 453 2086 Honorius
464 2023 650 2109 episcopus,
662 2035 779 2082 servus
788 2034 959 2080 servorum
967 2017 1038 2089 Dei,
1129 1986 1198 2049 tam,
1215 1982 1479 2040 canonioieSenotse
1494 1985 1590 2041 liaris
1600 1985 1638 2042 de
1648 1985 1850 2044 Urbeconbrnat

243 2119 429 2186 venerabili
462 2119 559 2180 tratri
592 2119 746 2195 episcopo
778 2115 977 2187 Faventino,
1008 2116 1043 2177 et
1133 2099 1313 2187 Honorius,
1329 2133 1446 2179 servus
1466 2134 1640 2181 servorum
1653 2121 1721 2191 Dei,
1735 2121 1820 2199 priori
1829 2120 1852 2181 ot

111 2266 121 2287 ,
244 2219 375 2281 dilectis
390 2216 468 2278 liliis
484 2215 596 2278 abbati
610 2214 812 2277 Nonantulae
828 2211 1038 2285 Mutinensis,
1094 2212 1265 2274 canonicis
1294 2215 1423 2276 Sanctia
1450 2216 1565 2278 Mariae
1591 2219 1696 2279 Novae
1719 2218 1757 2278 de
1778 2216 1851 2286 llrbo,

243 2325 306 2377 seu
324 2314 449 2378 nullius
464 2312 629 2384 dioecesis,
646 2312 681 2374 et
695 2310 855 2387 magistro
869 2307 1040 2371 Tancredo
1094 2308 1235 2370 salutem
1249 2311 1283 2372 et
1295 2311 1519 2387 apostolicam
1531 2313 1795 2379 benedictionem.

244 2412 406 2474 canonico
429 2408 643 2481 Bononiensi,
667 2408 807 2470 salutem
821 2406 1039 2483 etApostoli-
1134 2409 1262 2469 Vestras
1285 2409 1458 2483 religionis
1481 2410 1657 2485 honestas,
1682 2428 1751 2490 qua
1777 2409 1854 2472 multa

244 2524 318 2572 cam
332 2506 606 2570 benedictionem.
1094 2504 1289 2581 praeeminet
1308 2507 1418 2581 gratia
1445 2509 1653 2581 meritorum,
1678 2507 1855 2571 laudabiliter

285 2603 513 2668 Scribeutibus
532 2602 628 2664 nobis
647 2601 728 2664 olim
744 2600 930 2664 venerabili
944 2599 1040 2663 tratri
1094 2601 1310 2677 promeretur,
1325 2603 1361 2664 ut
1373 2604 1516 2678 gratiam
1531 2607 1686 2669 sentiatis
1701 2605 1786 2669 Sedis
1794 2610 1857 2681 Apo

187 2773 189 2777 ¹
243 2705 358 2767 nostro
377 2702 533 2780 episcopo
553 2699 749 2771 Mutinensi,
765 2700 803 2760 ut
820 2698 1041 2776 personaliter
1093 2698 1220 2760 stolioae
1239 2698 1428 2776 specialem,
1443 2702 1477 2763 et
1495 2703 1591 2764 suavi
1607 2705 1728 2766 vestrae
1746 2715 1856 2766 conier-

244 2799 406 2864 accedens
422 2798 636 2869 Florentiam,
653 2796 859 2873 potestatem,
876 2795 1038 2857 consilia·
1094 2795 1233 2856 sationis
1255 2796 1356 2858 odore
1377 2796 1471 2859 vobis
1492 2800 1613 2862 merito
1628 2800 1821 2878 comparatis,
1832 2798 1857 2857 ut

242 2898 313 2960 rios
336 2900 369 2960 et
390 2896 548 2974 populum
563 2894 708 2957 civitatis
731 2892 878 2971 ejusdem
891 2894 1040 2955 moneret
1092 2892 1212 2954 vestrm
1234 2893 1523 2971 contemplationis
1545 2898 1692 2973 quietem
1715 2897 1810 2975 dignis
1820 2893 1857 2955 la·

242 2994 434 3067 efficaciter,
452 2995 485 3055 et
506 2992 679 3053 induceret
702 2990 744 3052 ad
768 2989 1039 3053 satisfaciendum
1092 2990 1229 3053 roribus
1243 2991 1445 3064 attollentes,
1459 3010 1520 3056 vos
1533 2997 1720 3059 caritatiris
1739 2997 1856 3057 subven-

241 3093 283 3154 de
306 3093 446 3163 damnis,
468 3091 502 3152 et
523 3089 659 3167 injuriis
682 3088 840 3164 irrogatis
854 3086 1039 3148 venerabili
1092 3089 1194 3150 tionis
1219 3089 1357 3150 auxiliis
1386 3106 1638 3169 prosequamur.
1668 3097 1776 3172 Nuper
1798 3105 1857 3169 ergo

242 3190 338 3252 fratri
364 3191 479 3249 nostro
500 3189 533 3248 et
554 3185 706 3247 ecclesiis
730 3184 916 3255 Fesulanis,
939 3185 983 3256 et,
1009 3183 1039 3245 ai
1091 3185 1186 3248 vohis
1199 3188 1308 3248 vestro
1321 3188 1354 3249 et
1368 3189 1518 3250 ecclesiae
1533 3193 1656 3255 vestrae
1669 3193 1859 3253 nominecon·

241 3302 379 3349 necesse
401 3285 496 3356 toret,
513 3297 654 3345 censura
668 3280 897 3344 ecclesiastica
918 3296 1037 3342 coarc-
1093 3283 1307 3362 querentibus
1338 3299 1451 3347 coram
1477 3285 1589 3359 nobis,
1617 3290 1704 3367 quod
1732 3288 1859 3364 magister

241 3385 343 3459 taret3
361 3383 448 3443 idem
469 3379 668 3442 Mutinensis
683 3379 874 3440 mandatum
888 3380 1039 3440 nostrum
1092 3380 1259 3442 Maximus
1280 3380 1515 3456 subdiaconus,
1537 3385 1570 3446 et
1590 3386 1743 3448 notarius
1762 3385 1858 3451 noster,

155 3473 161 3483 '
240 3482 283 3543 ad
309 3480 524 3541 monitionem
547 3476 725 3553 diligenter
746 3475 935 3548 exsecutus,
951 3474 1038 3537 datis
1092 3477 1145 3538 cui
1172 3476 1355 3539 custodiam
1389 3479 1491 3540 castri
1520 3483 1629 3543 nostri
1657 3477 1860 3560 aquapum'da

240 3577 398 3646 induciis,
413 3576 525 3647 testes,
539 3574 597 3635 lite
611 3588 678 3634 non
690 3572 885 3644 contestata,
898 3587 1037 3649 proces·
1090 3573 1246 3634 duximus
1259 3575 1538 3648 committendam,
1549 3593 1611 3640 ros
1624 3583 1654 3657 ej
1662 3580 1770 3641 usdem
1783 3574 1860 3639 castri

240 3676 341 3746 serat,
362 3673 517 3735 revocato
543 3669 709 3732 communi
736 3670 940 3741 Florentiae,
955 3669 1035 3746 quia
1091 3672 1224 3733 nomine
1247 3687 1347 3748 super
1368 3688 1463 3751 aquae
1484 3674 1623 3748 molino,
1645 3679 1741 3754 cujus
1758 3672 1860 3736 medie·

210 3773 439 3836 ‘bannirerat
464 3769 658 3848 praedictum
680 3768 873 3845 episcopum
898 3767 1039 3829 Fesuia-
1089 3768 1192 3830 tatem
1216 3768 1257 3830 de
1281 3768 1382 3831 clarae
1409 3772 1580 3833 memoriae
1607 3773 1744 3837 Roberti
1765 3774 1860 3847 Frau-

240 3888 320 3933 num
335 3872 451 3933 cenna
470 3870 585 3940 Deum,
602 3867 635 3928 ot
648 3865 912 3927 ecclesiasticam
931 3863 1036 3925 liber-
1091 3863 1181 3942 pani,
1201 3865 1366 3943 reliquam
1379 3882 1461 3929 raro
1481 3869 1622 3931 Daodati
1646 3871 1789 3948 ejusdem
1806 3865 1860 3936 dlii,

239 3970 341 4031 tatem
358 3967 492 4044 propter
507 3964 681 4042 injuriam3
697 3961 799 4023 banni
812 3976 989 4039 expensas,
1004 3964 1038 4022 et
1091 3978 1131 4024 ac
1153 3977 1219 4025 uno
1239 3963 1420 4025 tenimento
1442 3966 1551 4038 terrea
1575 3982 1653 4044 quae
1674 3969 1786 4030 Altura
1802 3962 1862 4026 rul-

240 4067 363 4128 damna
376 4064 436 4126 tali
449 4062 636 4132 occasione,
653 4060 740 4121 sicut
758 4059 970 4130 ataxatione,
981 4061 1039 4135 ju·
1091 4060 1218 4136 gariter
1239 4059 1436 4137 appellatur,
1451 4062 1537 4138 quod
1562 4063 1603 4123 de
1629 4065 1734 4142 ipsius
1754 4057 1863 4125 Roberti

239 4163 390 4225 ramento
413 4159 597 4236 praemisso,
611 4158 647 4218 ln
670 4155 762 4216 mille
784 4154 888 4217 libras
910 4155 1037 4216 usualis
1091 4156 1307 4218 concessione
1322 4156 1411 4218 intra
1422 4158 1642 4221 tenimentum
1657 4157 1863 4240 Aqueputrida

207 4314 210 4319 .
239 4260 392 4331 monetae,
415 4256 522 4318 eidem
536 4253 702 4316 nesulano
719 4253 874 4333 episcopo
898 4255 1036 4315 senten·
1092 4268 1166 4314 cum
1192 4253 1345 4315 omnibus
1378 4254 1577 4317 utilitatibus
1609 4258 1682 4319 suis
1707 4253 1863 4335 proponitis

239 4357 368 4435 tialiter
386 4354 542 4415 duximus
555 4349 840 4413 condemnandum
856 4371 863 4409 ε
880 4351 1037 4410 caeterum
1091 4366 1150 4413 vos
1174 4350 1320 4427 adeptos,
1347 4352 1462 4413 contra
1486 4353 1654 4429 justitiam
1682 4351 1862 4417 molestabit

241 4469 376 4518 oausam
400 4465 500 4528 super
521 4450 598 4511 aliis
620 4448 761 4520 damnis,
785 4447 818 4509 et
840 4446 974 4524 injuriis
996 4445 1037 4507 ab
1091 4448 1262 4523 negotium
1275 4447 1516 4524 ipsumrdiiecto
1528 4444 1864 4523 ilionostroF.‚tituli

241 4552 356 4616 eodem
384 4547 551 4610 communi
579 4545 725 4623 praetatis
749 4544 906 4621 episcopo
930 4544 963 4605 et
982 4559 1038 4605 ec-
1093 4545 1223 4606 Sanctae
1243 4544 1357 4606 Crucis
1381 4545 1575 4623 presbytero
1600 4548 1776 4620 cardinali,
1790 4560 1863 4609 con·

241 4650 354 4713 clesiis
393 4644 568 4721 irrogatis,
604 4644 653 4704 sic
687 4643 808 4703 restrae
843 4641 1037 4702 discretioni
1088 4641 1242 4702 misimus
1257 4642 1469 4714 audiendum,
1484 4646 1520 4705 ut
1535 4643 1606 4721 ipse
1617 4645 1771 4722 partibus
1782 4646 1866 4704 iussa

241 4735 1038 4815 duximuscommittendamperApostoiioavobis
1091 4738 1271 4814 praesentia
1284 4740 1486 4812 convocatis,
1498 4741 1583 4803 citra
1593 4742 1796 4819 judiciorum
1805 4744 1866 4801 stre

242 4844 367 4921 scripta
385 4838 592 4909 mandantes,
611 4838 648 4897 ut
664 4835 705 4896 de
721 4834 861 4897 notoriis
881 4832 1037 4895 satisfieri
1091 4835 1196 4912 pitum
1220 4836 1405 4913 inquireret
1427 4853 1528 4914 super
1548 4840 1736 4915 praemissie
1748 4839 1866 4915 dlbgen·

240 4940 372 5006 faciatis
384 4936 522 5009 eisdem,
534 4936 567 4996 et
577 4934 617 4994 de
628 4931 748 5003 dubiis,
762 4929 922 4992 babentes
934 4933 1037 4992 Deum
1091 4933 1157 4994 tius
1170 4932 1354 4995 veritatem.
1367 4937 1437 5006 Quo
1447 4949 1498 5007 ea,
1511 4951 1585 5012 quaa
1595 4952 1700 5013 super
1709 4932 1866 5015 premissis

240 5055 310 5119 pree
326 5036 443 5104 oculis,
461 5030 710 5109 cognoscentes,
725 5028 949 5106 quodJ'ustum
964 5028 1038 5089 iue-
1091 5029 1127 5090 in
1153 5029 1259 5107 ipsius
1281 5020 1460 5107 praesentia
1483 5030 1576 5093 luere
1597 5036 1780 5111 proposita,
1792 5028 1866 5094 nobis

239 5138 296 5209 rit,
312 5130 536 5212 appellatione
547 5126 741 5205 postposita,
763 5123 960 5196 decernatis,
981 5122 1036 5185 fa·
1091 5126 1236 5189 fideliter
1254 5128 1429 5200 referente,
1453 5145 1526 5202 nos,
1553 5130 1630 5192 licet
1651 5131 1735 5194 dicti
1756 5125 1867 5193 Rolem'

240 5234 366 5297 cientes
402 5226 488 5306 quod
521 5221 737 5286 decreveritis
769 5235 828 5297 per
862 5235 1037 5282 censuram
1091 5238 1131 5284 ac
1150 5225 1223 5301 eJus
1247 5224 1307 5285 lilii
1331 5224 1465 5287 donatio
1486 5226 1596 5288 debito
1611 5242 1679 5288 non
1695 5224 1869 5290 subsisteret

239 5327 501 5395 ecclesiasticam
534 5322 675 5383 tirmiter
706 5317 889 5381 observari.
923 5320 1038 5380 Testes
1092 5320 1211 5383 robore
1233 5321 1410 5392 firmitatis,
1433 5323 1583 5385 volentes
1605 5325 1721 5387 tamen
1735 5326 1777 5389 ob
1789 5336 1868 5385 rare·

239 5431 361 5499 autem,
387 5423 444 5503 qui
470 5420 595 5483 tuerint
608 5416 781 5488 nominati,
805 5416 835 5477 si
856 5431 892 5478 se
913 5417 1035 5493 gratia,
1091 5419 1234 5480 rentiam
1260 5420 1415 5495 gloriosae
1440 5421 1605 5497 Virginis,
1634 5423 1693 5482 cui
1723 5430 1869 5499 nunquan

241 5524 328 5596 odio,
343 5522 397 5584 rel
411 5520 530 5581 timore
540 5513 777 5586 subtraxerint,
790 5528 1036 5589 percensuram
1092 5515 1165 5577 eine
1184 5515 1403 5577 retributione
1423 5518 1586 5593 condigna
1606 5517 1739 5581 debitus
1762 5519 1870 5594 imper-

245 1640 371 1711 ldaudat,
390 1647 421 1698 ut
446 1644 629 1713 potestatam,
649 1638 829 1697 consiliarios
852 1644 880 1694 et
905 1635 1040 1708 populum
1289 1669 1507 1736 [Georgium
1520 1673 1604 1733 sm,
1616 1674 1683 1740 m]
1816 1672 1819 1680 .
