3886 6214
221 234 283 297 aas
842 226 1262 294 nouom1mornas.·
1793 240 1848 303 aa

221 387 483 453 humiles·tllios
510 400 554 451 ox
575 388 717 451 assuetae
742 386 876 466 pietatis
902 387 1014 451 officio
1066 388 1115 451 ibi
1129 389 1848 465 offerretls'bominobolocausta,etaliasad

222 484 423 567 propensius
435 486 576 563 diligere
587 486 771 557 consuevit,
784 486 827 557 et,
844 500 1015 562 uepravo·
1067 487 1217 549 divinum
1229 486 1426 564 obsequium
1449 488 1601 565 exemplo
1615 492 1724 553 vestro
1743 493 1850 555 trabo-

220 600 295 647 rum
328 584 499 646 bominum
538 582 701 645 molestiis
734 583 914 658 agitentur,
952 598 1012 644 eos
1067 584 1160 655 retis,
1182 585 1315 645 nomine
1340 587 1498 647 Romanae
1516 587 1682 658 Ecclesiae,
1705 590 1848 665 quod-ad

220 683 390 758 tamquam
402 681 456 757 pia
469 682 575 741 mater
588 695 658 740 sum
672 681 888 756 protectionis
897 680 1011 740 muni·
1067 680 1174 758 ipsam
1188 682 1282 742 nullo
1294 682 1403 745 medio
1418 684 1572 760 pertinet,
1589 684 1741 746 duximus
1755 702 1847 749 cons-

220 780 311 841 mtne
339 778 527 841 confovere.
557 779 645 839 Sane
682 793 783 854 quum
808 777 1013 838 venerabilis
1066 779 1255 840 troandum.
1269 781 1392 841 Verum
1408 781 1486 858 quia
1501 781 1676 857 petiistisa
1696 780 1799 855 nobis,
1817 787 1849 847 ut

219 875 325 938 nater
344 876 458 937 noster
480 874 644 936 Ostiensis
666 874 852 951 episcopus,
878 874 956 935 dum
977 874 1012 935 in
1067 875 1178 936 locum
1193 878 1300 953 ipsum
1316 878 1349 938 et
1363 894 1525 954 personas
1539 878 1848 942 ibiDominolamu-

219 972 370 1050 partibus
384 968 504 1034 vestris
520 972 696 1048 legationis
720 971 831 1033 olflcio
861 970 1016 1047 iungere·
1069 973 1177 1034 lantes
1192 975 1308 1035 contra
1320 975 1542 1050 malignorum
1556 976 1709 1037 incursus
1723 980 1848 1053 protec-

219 1066 283 1142 tur,
300 1068 434 1131 anobili
448 1071 521 1130 viro
537 1069 645 1131 Glotto
658 1068 813 1129 Monaldo
825 1069 897 1131 cive
912 1071 1013 1130 Peru·
1067 1070 1167 1132 ttonis
1182 1070 1490 1147 sedisapostolicae
1519 1073 1694 1150 privilegio
1712 1075 1851 1137 munire-

219 1167 295 1228 sino
316 1166 454 1227 fundum
474 1165 648 1244 quemdam
667 1166 703 1225 in
725 1165 810 1237 loco,
837 1166 894 1242 qui
917 1181 1012 1227 mons
1066 1182 1189 1240 remus,
1204 1184 1264 1229 nos
1276 1168 1508 1245 vestrisjustis
1521 1171 1675 1247 precibus
1691 1171 1846 1245 inclinati,

218 1264 341 1325 Lucius
351 1263 484 1335 dicitur,
495 1262 530 1323 in
536 1266 605 1340 Jus,
617 1264 650 1324 et
658 1263 895 1339 proprietatem
903 1261 1012 1324 Eccle-
1067 1265 1190 1327 dictum
1215 1267 1465 1338 monasterium,
1495 1268 1581 1344 quod
1605 1267 1648 1329 ad
1676 1271 1848 1331 Romanam

218 1361 279 1422 siae
293 1363 464 1432 Romanae,
480 1360 580 1437 prout
597 1358 875 1420 mandaveramus
890 1359 1009 1430 eidem,
1066 1361 1249 1423 Ecclesiam
1270 1363 1361 1423 nullo
1376 1364 1521 1440 pertinet
1543 1364 1721 1437 mediante,
1741 1365 1847 1442 inquo

217 1457 333 1518 nostro
349 1457 483 1525 nomine
498 1457 690 1533 recepisset,
705 1458 738 1518 et
757 1457 794 1517 in
807 1455 1011 1517 monasterio

216 1557 329 1617 vestro
340 1554 386 1615 ibl
397 1555 586 1617 constructo
595 1553 747 1631 quadarn
757 1554 792 1614 in
803 1556 924 1617 vestrae
933 1553 1012 1615 reli-

123 1670 127 1674 ·
218 1648 329 1729 gionis
343 1653 570 1727 augmentum,
595 1654 629 1713 et
656 1651 805 1713 fauorem
828 1652 931 1714 vestri
955 1666 1012 1713 or-

218 1749 306 1812 dinis
321 1749 453 1811 duxerit
473 1749 659 1821 statuenda,
675 1765 749 1822 nos,
774 1749 896 1812 vestris
910 1749 1011 1826 justis

217 1844 496 1922 postulationibus
508 1847 704 1917 annuentes,
721 1845 807 1923 quod
831 1845 873 1905 ab
895 1844 1010 1906 eodem

217 1943 373 2020 episcopo
396 1941 521 2005 tactum
545 1944 606 2014 est,
634 1945 743 2003 ratum
783 1941 945 2004 babentes
978 1943 1011 2003 et

215 2044 361 2116 gratum,
377 2040 464 2102 facta
480 2040 617 2101 obtentu
630 2039 804 2115 religionis
829 2041 948 2102 vestrae
968 2037 1009 2100 ab

217 2138 372 2215 episcopo
403 2136 541 2214 praelato
570 2137 703 2208 statuta,
730 2137 816 2199 sicut
846 2138 882 2198 in
903 2136 1009 2213 ipsius

215 2234 393 2312 privilegio
419 2234 619 2302 continetur,
644 2234 842 2295 auctoritate
866 2235 1010 2310 Aposto-

215 2332 282 2392 lica
297 2330 542 2403 confirmamus,
560 2333 593 2393 et
611 2331 785 2407 praesentis
807 2331 925 2408 scripti
943 2347 1007 2409 pa·

214 2428 359 2491 trocinio
395 2428 647 2490 communimus.
693 2430 855 2489 Tenoram
896 2431 1010 2490 autem

216 2524 365 2602 eJ‘usdem
380 2525 549 2602 privilegii
564 2525 605 2586 ad
619 2527 780 2602 majorem
802 2527 959 2597 vestram,
976 2528 1010 2587 et

215 2623 412 2684 monasterii
426 2623 601 2684 memorati
630 2623 805 2690 cautelam,
832 2624 1009 2700 praesenti-

215 2718 279 2780 bus
293 2719 414 2781 litteris
429 2720 471 2780 de
493 2718 595 2781 verbo
620 2720 661 2781 ad
685 2719 822 2782 verbum
851 2720 1008 2781 duximus

215 2816 440 2888 inserendum,
458 2817 516 2895 qui
530 2816 608 2877 talis
621 2819 682 2889 est,
699 2817 875 2880 videlicet:

253 2917 393 2990 «nugo,
410 2914 625 2977 miseratione
648 2915 760 2977 divina
789 2914 951 2976 Ostiensis
974 2917 1008 2979 et

212 3012 432 3075 velletrensis
446 3015 631 3090 episcopus,
642 3013 945 3089 apostolicaesedis
957 3014 1008 3074 le·

213 3111 322 3187 gatus,
339 3111 469 3172 dilectis
484 3111 519 3171 in
535 3111 665 3171 Christo
681 3110 813 3172 filiabus
827 3110 1006 3173 abbatissae

212 3208 408 3270 monasterii
429 3208 559 3269 Sanctae
578 3208 693 3269 Mariae
713 3209 754 3270 de
770 3210 881 3269 Monte
903 3210 1005 3271 Lucio

208 3305 246 3366 in
261 3305 431 3366 Perusinae
457 3304 602 3366 civitatis
630 3305 790 3367 suburbio
813 3307 1003 3378 constituto,

211 3404 351 3480 eiusque
374 3400 544 3461 sororibus
559 3401 628 3462 tarn
652 3401 884 3477 praesentibus,
907 3418 1004 3479 quam

211 3499 333 3561 futuris
347 3498 540 3574 religiosam
565 3499 669 3560 vitam
686 3499 846 3576 protessis
864 3499 899 3560 in
923 3515 1003 3576 per-

212 3598 394 3674 petuum.»

223 3693 512 3757 ·‹Prudentibus
539 3695 738 3771 virginibus,
760 3712 834 3773 quae
858 3695 919 3756 sub
941 3696 1004 3757 ba-

209 3788 282 3852 bitu
308 3792 482 3867 religionis
515 3793 666 3854 accensis
703 3794 911 3871 lampadibus
943 3810 1005 3871 per

207 3902 310 3965 opera
329 3890 514 3951 sanctitatis
537 3905 573 3951 se
593 3890 721 3967 jugiter
736 3892 928 3968 praeparant
942 3891 1003 3952 ob-

207 3985 297 4049 uiam
322 3986 373 4046 ire
387 4002 520 4062 sponso,
537 3986 571 4048 et
593 4004 668 4048 cum
693 3987 766 4064 ipso
781 3988 823 4049 ad
850 3989 1002 4050 coelestes

208 4084 344 4160 nuptias
358 4083 509 4156 introire,
533 4086 683 4147 nostrum
705 4085 862 4147 debemus
884 4087 1002 4164 praesi-

208 4180 300 4242 dium
315 4181 491 4257 impertiri,
508 4197 550 4243 ne
565 4181 649 4245 torte
671 4183 850 4260 cujulisbet
864 4186 1002 4246 temeri-

207 4277 287 4341 tatis
301 4278 457 4340 incursus
473 4282 532 4341 aut
546 4296 603 4342 eas
623 4296 642 4342 a
660 4282 830 4357 proposito
854 4283 999 4356 revocet,

208 4375 267 4437 aut
278 4375 392 4449 robur,
409 4376 495 4453 quod
518 4376 615 4450 absit,
637 4393 742 4439 sacrae
756 4378 932 4454 religionis
946 4380 1002 4440 in-

1066 1458 1178 1520 diriuo
1194 1459 1276 1520 estis
1291 1459 1449 1537 obsequio
1470 1462 1678 1538 mancipatae,
1697 1478 1771 1524 cnm
1783 1479 1848 1540 pen

1066 1556 1201 1618 soniset
1213 1556 1366 1619 omnibus
1378 1558 1478 1619 rebus
1493 1558 1564 1619 suis
1579 1558 1641 1620 sub
1660 1559 1749 1620 beati
1765 1560 1847 1624 Petri

1066 1654 1271 1729 protectione
1281 1655 1494 1732 suscipimus,
1506 1657 1541 1718 et
1554 1657 1731 1732 praesentis
1740 1658 1846 1734 scripti

1065 1750 1242 1827 privilegio
1253 1752 1507 1825 communimus,
1520 1753 1684 1830 inprimis
1696 1754 1846 1831 siquidem

1066 1848 1259 1921 statuentes,
1285 1851 1322 1911 ut
1336 1849 1418 1912 ordo
1434 1851 1652 1923 monasticae,
1668 1852 1723 1929 qui
1738 1867 1848 1913 secun·

1065 1944 1142 2005 dnm
1164 1948 1279 2018 Deum,
1306 1948 1340 2009 et
1368 1946 1458 2009 beati
1490 1949 1666 2011 Benedicti
1696 1950 1846 2025 regulam,

1065 2058 1162 2119 quam
1176 2044 1390 2120 profitemini,
1406 2045 1442 2106 in
1462 2045 1577 2107 eodem
1596 2046 1672 2107 loeo
1690 2046 1847 2115 institutus

1064 2154 1137 2201 esse
1150 2139 1365 2215 dignoscitur,
1380 2143 1549 2218 perpetuis
1560 2142 1688 2204 ibidem
1700 2143 1848 2220 tempori·

1063 2236 1125 2299 hus
1139 2237 1589 2301 inviolabiliterobservetur.
1604 2242 1795 2301 Formulam
1804 2241 1846 2300 ni·

1065 2333 1333 2397 bilominussitae
1347 2339 1479 2408 vestra,
1491 2354 1589 2413 quam
1603 2353 1623 2399 a
1641 2338 1737 2401 nobis
1752 2337 1847 2398 humi-

1063 2430 1141 2491 liter
1155 2433 1339 2508 recepistis,
1354 2448 1429 2494 cum
1444 2434 1533 2496 beati
1547 2435 1720 2496 Benedicti
1738 2434 1845 2510 regula

1063 2528 1230 2605 perpetuis
1250 2530 1456 2606 temporibus
1484 2547 1621 2593 manere
1649 2531 1845 2593 decernimus

1062 2624 1246 2700 illibatam
1276 2627 1386 2688 locum
1419 2630 1569 2690 vestrum
1601 2644 1679 2690 cum
1707 2628 1845 2690 omnibus

1063 2727 1273 2803 pertinentiis
1288 2728 1370 2801 suis,
1384 2730 1417 2790 et
1426 2729 1549 2801 omnia,
1567 2746 1644 2807 quae
1655 2732 1742 2807 juste
1753 2730 1784 2791 et
1794 2716 1857 2791 ca?

1063 2824 1182 2885 nonice
1195 2826 1385 2901 possidetis,
1399 2825 1503 2897 vobis,
1513 2827 1547 2889 et
1559 2828 1844 2903 persecutaque

1061 2920 1156 2982 vobis
1171 2923 1332 2983 canonice
1350 2924 1583 2994 successerint,
1605 2910 1841 2985 confirmantes.

1060 3020 1088 3078 Α
1111 3019 1326 3095 praestatione
1350 3036 1432 3081 sero
1460 3020 1667 3082 decimarum
1693 3021 1843 3083 clausurae

1060 3116 1192 3187 vestrm,
1207 3118 1240 3177 et
1251 3116 1292 3177 de
1307 3116 1482 3179 hortorum
1499 3116 1676 3190 fructibus,
1692 3120 1724 3181 et
1739 3133 1844 3195 pomo·

1060 3227 1135 3273 rum
1149 3229 1210 3274 vos
1231 3229 1305 3274 esse
1326 3214 1536 3276 decernimus
1561 3217 1759 3278 auctoritate
1785 3230 1842 3291 pa-

1060 3310 1148 3385 ginae
1172 3312 1349 3387 presentis
1375 3313 1550 3373 immunes.
1568 3314 1633 3373 Pro
1661 3313 1838 3382 bisantem,

1060 3410 1094 3469 et
1106 3408 1194 3478 aliis,
1212 3409 1248 3469 in
1263 3408 1383 3485 quibus
1396 3409 1538 3470 ecclesia
1552 3411 1667 3472 vestra
1680 3411 1752 3487 lege
1764 3410 1841 3470 dioe-

1059 3519 1181 3565 cesana
1189 3504 1303 3567 forsan
1314 3507 1486 3568 Perusinas
1501 3508 1656 3569 ecclesiae
1669 3508 1839 3576 teneretur,

1059 3617 1159 3663 unam
1174 3602 1294 3663 libram
1309 3619 1394 3664 cerae
1417 3604 1558 3676 tantum,
1581 3606 1615 3666 at
1628 3621 1697 3666 non
1712 3603 1798 3666 aliud
1811 3604 1842 3662 in

1058 3698 1141 3761 sesto
1162 3701 1407 3777 assumptionis
1430 3701 1591 3763 Gloriosa
1610 3702 1760 3778 Virginis
1779 3704 1842 3763 Au·

1057 3798 1154 3872 gusto
1169 3798 1334 3858 Perusino
1346 3798 1502 3875 episcopo
1513 3798 1612 3860 anuis
1627 3799 1768 3875 singulis
1777 3812 1842 3876 per·

1057 3895 1241 3957 solvetis.»

1096 4009 1116 4053 c
1139 3993 1255 4056 Liceat
1273 4009 1404 4070 quoque
1424 3994 1520 4056 vobis
1541 3995 1701 4057 mulieres
1714 3995 1838 4062 liberas,

1056 4090 1090 4152 et
1102 4090 1304 4152 absolutase
1323 4092 1445 4152 saeculo
1465 4091 1629 4167 fugientes
1648 4094 1691 4154 ad
1710 4105 1840 4155 conuer-

1057 4187 1184 4249 sionem
1206 4187 1242 4247 in
1260 4187 1403 4249 ecclesia
1417 4189 1529 4251 vestra
1548 4189 1712 4265 recipere,
1735 4192 1767 4250 et
1789 4201 1840 4249 eas

1056 4285 1130 4345 siue
1168 4284 1433 4346 contradictione
1477 4285 1657 4362 cujuslibet
1692 4286 1839 4348 retinere.

1055 4381 1275 4443 Prohibemus
1301 4382 1413 4454 etiam,
1435 4383 1472 4443 ut
1495 4383 1582 4443 nulli
1605 4398 1757 4445 sororum
1770 4394 1841 4444 ses-

209 4472 344 4550 iringat.
379 4476 597 4551 Quapropter,
632 4475 762 4538 directa
797 4476 833 4537 in
860 4475 1000 4541 Domino
1054 4480 1182 4541 trarum
1198 4481 1271 4556 post
1290 4477 1411 4541 tactam
1428 4480 1464 4540 in
1482 4480 1626 4542 ecclesia
1645 4481 1755 4543 vestra
1768 4492 1841 4555 pro-

209 4571 300 4647 tiliae,
322 4571 444 4633 vestris
470 4573 571 4649 justis
598 4573 879 4649 postulationibus
904 4578 999 4652 grato
1054 4576 1232 4638 sessionem
1251 4576 1302 4638 las
1317 4576 1413 4638 sitde
1432 4576 1550 4639 eodem
1563 4578 1636 4641 loco
1660 4576 1835 4644 discedere,

207 4670 445 4731 concurrentes
456 4685 607 4743 assensu,
622 4669 771 4743 fundum,
784 4686 880 4748 quem
895 4672 1001 4736 dilec-
1054 4690 1114 4735 seu
1128 4673 1310 4735 claustrum
1325 4674 1472 4737 vestrum
1490 4675 1607 4749 exire3
1624 4672 1838 4737 discedentem

207 4769 262 4830 tus
277 4767 365 4827 filius
389 4767 517 4828 Glottus
541 4767 690 4829 Monaldi
708 4768 830 4829 nobilis
856 4770 998 4832 Perusi·
1053 4787 1133 4834 vero
1162 4771 1288 4848 absque
1307 4772 1532 4833 communium
1559 4772 1745 4833 litterarum
1768 4784 1840 4831 ves-

206 4881 270 4927 nus
286 4868 317 4927 et
332 4863 415 4925 civis
432 4863 576 4927 habebat
590 4865 624 4925 in
641 4872 752 4927 monte
764 4866 866 4928 Lucio
882 4868 918 4928 in
933 4872 1000 4930 Pe·
1053 4869 1180 4930 irarum
1207 4868 1362 4930 cautione
1385 4869 1497 4930 nullus
1532 4869 1654 4931 audeat
1689 4868 1837 4931 retinere.

207 4963 333 5026 rusinae
354 4961 500 5023 civitatis
534 4962 705 5037 suburbio,
735 4963 832 5026 nobis
863 4967 998 5029 nomine
1053 4968 1123 5028 Nec
1133 4966 1232 5027 liceat
1244 4966 1323 5026 aliis
1338 4966 1492 5042 personis
1515 4966 1645 5043 ingredi
1665 4962 1838 5028 claustrum

206 5063 365 5124 Romanae
393 5058 551 5121 Ecclesiae
578 5059 620 5121 ab
644 5077 683 5122 eo
707 5062 763 5138 pia
797 5061 998 5126 liberalitate
1052 5066 1200 5125 restrum
1222 5064 1345 5139 praeter
1362 5064 1449 5135 illas,
1474 5063 1515 5124 de
1539 5063 1657 5140 quibus
1676 5060 1838 5124 licentiam

204 5158 376 5227 collatum,
405 5156 447 5218 de
474 5172 615 5219 assensu
649 5159 852 5221 venerabilis
886 5161 997 5224 fratris
1053 5160 1237 5221 habueritis
1273 5160 1464 5236 specialem.
1503 5161 1735 5223 Dedicationes
1764 5169 1837 5217 vero
1926 5176 1927 5199 1

204 5257 311 5318 nostri
326 5253 480 5317 Perusini
495 5256 642 5332 episcopi
658 5255 691 5316 in
703 5258 803 5333 juset
816 5260 999 5336 proprieta-
1052 5257 1274 5319 ecclesiarum
1292 5259 1491 5330 vestrarum,
1508 5257 1776 5320 consecrationes
1787 5254 1837 5314 al·
1926 5268 1927 5319 ἒ

204 5352 373 5414 tembeati
388 5350 525 5413 Petriet
539 5353 695 5414 Ecclesiae
708 5356 866 5416 Romanae
881 5371 998 5417 susce-
1051 5355 1186 5427 tarium,
1220 5355 1255 5416 et
1279 5355 1508 5417 ordinationes
1540 5355 1749 5424 clericorum,
1785 5350 1837 5427 qui

205 5448 332 5522 pimus;
348 5447 403 5509 ubi
418 5449 659 5511 monasterium
674 5449 715 5510 ad
736 5450 897 5513 honorem
924 5453 994 5525 Dei,
1050 5451 1175 5513 suerint
1200 5452 1240 5513 ad
1273 5468 1387 5514 sacros
1412 5451 1547 5514 ordines
1569 5450 1782 5529 provomendi
1808 5448 1839 5508 et
1926 5500 1927 5505 ,

204 5544 237 5604 et
251 5543 398 5618 Virginis
410 5546 565 5621 gloriosae
583 5547 761 5608 Genitricis
777 5550 861 5625 ejus,
886 5551 922 5613 ut
935 5565 996 5612 vos
1051 5549 1361 5612 aliaecclesiastica
1385 5551 1633 5611 sacramentaa
1656 5548 1837 5609 dioecesano
1926 5582 1927 5587 κ
