3930 6206
86 310 143 371 749

711 305 941 369 belsachin.
964 306 1043 368 bin.
1067 307 1122 366 IX.

1665 306 1726 367 750

84 466 272 529 labruscas.
300 467 356 528 sic
378 466 482 542 igitur
502 456 657 543 paradiso
681 464 876 526 deliciarum
930 463 1177 526 remanentibus
1189 464 1258 526 suis
1273 464 1456 526 commodis
1465 458 1726 537 inhiantes,om-

84 564 246 642 paulatim
271 564 407 625 reducto
432 563 469 625 in
496 562 722 638 salsilaginem
747 577 790 623 ex
815 577 876 622 ne-

82 661 191 737 glecto
203 662 371 722 succrevit
383 661 420 722 in
434 676 474 722 eo
488 660 673 721 saliuncula
688 675 747 735 pro
756 658 874 730 abiete,

81 773 122 819 ac
142 759 253 819 urtica
282 773 342 833 pro
368 759 487 834 myrto,
515 757 548 818 et
569 772 629 832 pro
652 755 747 817 suavi
775 756 876 816 odore

80 852 182 916 ioetor
194 854 356 926 ascendit,
374 853 613 916 munitionibus
628 855 700 930 ejns
715 868 799 929 pene
813 867 875 928 pe-

80 951 174 1012 nitus
190 951 372 1027 dissipatis.
393 953 488 1013 Muro
512 966 655 1027 namque
675 949 836 1011 Orientali
857 965 877 1009 a

80 1048 177 1125 Syris
198 1047 406 1121 sublimibus,
430 1048 586 1110 videlicet
607 1035 769 1124 superbis,
796 1061 878 1107 con-

79 1144 201 1216 tracto,
226 1145 375 1206 emollito
399 1144 557 1207 nimirum
584 1145 696 1221 rigore
716 1143 874 1221 justitiam

77 1241 217 1320 plagam
228 1241 448 1304 meridianam
458 1242 680 1319 temperantia
691 1257 758 1303 non
771 1240 877 1317 potuit

77 1339 262 1413 custodire,
301 1355 366 1417 quo
405 1338 488 1401 ioris
523 1339 674 1416 expulsa,
710 1338 807 1415 quasi
834 1337 876 1399 ab

78 1435 217 1498 Oriente
242 1436 452 1499 recesserant
474 1436 511 1497 in
537 1436 652 1498 eadem
677 1434 874 1507 meridiana,

76 1548 239 1610 campum
263 1533 448 1605 Sennahar,
468 1534 701 1595 excursionem
720 1532 877 1594 uidelicet

76 1629 232 1691 dentium
264 1630 508 1706 gastrimargiae
538 1630 641 1691 dediti
663 1644 805 1690 renuere
835 1645 875 1690 ac

75 1726 281 1797 sacerdotes,
298 1730 332 1788 et
350 1727 531 1804 prophetae,
548 1726 678 1802 praelati
693 1725 825 1802 quidem
843 1729 876 1788 et

76 1822 215 1895 subditi,
233 1826 376 1900 msu'ores
390 1824 527 1901 pariter,
544 1825 577 1885 et
591 1823 737 1884 minores
750 1821 874 1884 absorti

75 1936 96 1981 a
111 1921 206 1993 sino,
222 1936 291 1997 prm
311 1920 470 1982 ebrietate
490 1920 681 1981 nescierunt
695 1920 873 1992 videntem,

74 2019 110 2080 et
129 2017 297 2094 judicium
332 2017 545 2093 ignorarunt3
578 2032 718 2094 quorum
750 2032 874 2077 mensae

74 2115 157 2176 snnt
177 2114 306 2175 vomitu
329 2103 553 2190 sordibusque
571 2114 719 2190 repletae,
744 2113 873 2190 etquid

74 2212 241 2288 sequatur
255 2226 298 2271 ex
318 2210 372 2271 his
387 2211 446 2287 qui
463 2211 557 2272 audit
577 2211 758 2287 prudenter
772 2226 873 2271 aver-

73 2310 138 2370 tat
154 2307 318 2378 Quoniam
337 2311 454 2369 venter
474 2308 508 2368 et
526 2307 686 2383 genitalia
706 2308 783 2369 sunt
797 2323 875 2384 pro·

75 2404 217 2481 pinqua.
246 2403 340 2464 Unde
365 2404 399 2465 et
428 2403 599 2465 Philistini
626 2402 668 2465 ab
691 2403 872 2475 occidente,

74 2500 225 2561 luxurias
240 2500 375 2576 potione
394 2499 561 2571 cadentes,
575 2499 667 2562 uelut
680 2515 700 2562 a
715 2502 809 2577 parte
824 2499 875 2560 lo·

73 2597 394 2658 rinsecairruentes
413 2595 448 2656 in
471 2595 666 2657 fortitudine
680 2612 754 2657 earn
768 2596 873 2657 mise·

73 2693 234 2755 rabiliter
246 2692 461 2764 enerrarunt,
479 2708 544 2769 qua
559 2693 703 2757 luxuriae
718 2693 875 2768 inquina-

73 2792 191 2853 mento
206 2790 371 2867 prostrata
380 2790 556 2866 dereliquit
565 2790 740 2867 prudentia
751 2790 871 2862 locum,

72 2888 166 2950 sicam
191 2903 258 2948 non
283 2886 399 2947 valens
426 2887 582 2949 resistere
605 2886 765 2962 aquiloni,
784 2903 873 2963 prae·

72 2983 177 3047 dictis
204 2987 276 3061 ejus
302 2982 471 3043 sodalibus
496 2983 603 3044 tribus
632 2985 665 3045 et
688 2983 871 3059 coadjutri-

72 3080 172 3143 cibns
187 3081 366 3157 superatis,
383 3081 416 3141 et
431 3080 529 3156 plaga
549 3080 677 3143 crudeli
692 3080 872 3157 percussis,

71 3195 115 3241 ac
143 3177 196 3240 sic
229 3177 375 3253 undique
414 3177 546 3252 patente
581 3176 734 3239 hostibus
768 3176 871 3249 aditu,

70 3276 179 3338 timor
202 3276 236 3337 et
259 3274 351 3335 zelus
371 3273 478 3337 diuini
498 3273 644 3335 nominis
666 3274 791 3336 stantes
813 3289 873 3350 pro

70 3371 207 3434 foribus
237 3371 445 3441 corruerunt,
490 3385 630 3447 quorum
666 3370 740 3431 loca
773 3371 874 3432 timor

70 3469 266 3531 mundanus
280 3469 313 3529 et
330 3466 493 3543 cupiditas
506 3482 564 3528 eos
576 3467 672 3543 qnasi
687 3483 747 3544 per
763 3483 799 3528 se
820 3468 875 3529 iu-

70 3569 167 3628 trant
191 3566 349 3627 ducentes
370 3564 412 3625 ad
435 3564 558 3627 inferos
586 3566 801 3642 occuparunt.
818 3567 874 3625 In-

931 560 1010 622 nino
1034 561 1075 622 ad
1100 561 1258 622 saeculum
1281 563 1358 623 suut
1381 562 1520 633 reuersi,
1543 563 1577 624 et
1597 561 1727 623 abomi-

931 657 1048 719 nantes
1064 672 1185 719 manna
1200 658 1332 729 deserti,
1348 659 1478 720 rediere
1492 659 1534 720 ad
1549 660 1634 721 ollas
1649 674 1726 721 car-

931 753 1034 824 nium,
1045 768 1249 827 cucumeres,
1265 755 1356 826 allia,
1371 755 1722 833 etpaeponesAEgypti.

931 849 971 910 nt
989 849 1291 925 quoniamquidem
1308 866 1423 911 omnes
1438 851 1689 911 declinaverunt
1703 867 1724 911 a

930 945 1141 1021 regularibus
1159 946 1356 1023 disciplinis,
1376 947 1497 1009 subditi
1512 947 1677 1015 videlicet,
1692 948 1725 1009 et

931 1042 1072 1118 praelati,
1096 1042 1262 1120 simulque
1285 1044 1422 1105 inutiles
1451 1044 1530 1106 iacti
1555 1046 1643 1115 sunt,
1665 1045 1724 1115 vix

931 1139 1099 1200 invenitur
1119 1140 1155 1201 in
1177 1140 1226 1201 eis
1241 1141 1298 1217 qni
1315 1141 1416 1203 faciat
1433 1140 1621 1214 bouum‚eo
1636 1141 1723 1219 qnod

930 1234 975 1296 sit
989 1250 1086 1296 omne
1098 1238 1198 1312 caput
1209 1236 1400 1312 languidum
1414 1239 1446 1299 et
1460 1252 1557 1299 omne
1570 1253 1627 1299 cor
1640 1247 1724 1299 mce-'

930 1346 1018 1403 reus,
1037 1333 1109 1393 eta
1133 1332 1248 1409 planta
1269 1333 1362 1410 pedis
1378 1349 1482 1410 usque
1503 1334 1545 1394 ad
1565 1334 1723 1395 verticem

931 1427 1029 1489 ineis
1048 1430 1174 1491 sanitas
1196 1446 1263 1490 non
1280 1432 1415 1501 existat,
1434 1431 1630 1493 obedientiae
1641 1435 1723 1508 jugo

930 1525 1069 1602 abjecto,
1087 1530 1120 1589 et
1134 1527 1305 1591 eliminata
1317 1529 1447 1590 nutrice
1459 1529 1646 1591 humilitate
1659 1529 1724 1591 vir·

929 1624 1050 1699 tutum;
1076 1626 1211 1701 propter
1237 1626 1323 1702 quod
1353 1626 1465 1688 hostes
1488 1627 1644 1702 ingressi,
1668 1626 1723 1689 ui-

930 1720 1044 1781 dentes
1064 1721 1211 1798 ipsorum
1227 1723 1452 1797 ignominiam,
1470 1725 1503 1786 et
1519 1723 1720 1801 superbiam,

930 1816 1119 1879 deriserunt
1139 1818 1277 1881 sabbata
1296 1821 1497 1881 eorumdem.
1518 1823 1724 1883 construxe-

929 1915 1008 1975 runt
1020 1914 1142 1975 etenim
1155 1916 1191 1976 in
1208 1916 1280 1978 loco
1297 1917 1491 1979 deliciarum
1509 1918 1635 1980 turrem
1656 1921 1723 1980 Ba-

928 2008 993 2081 bel,
1022 2011 1211 2088 superbiam
1237 2013 1315 2075 vitae
1337 2014 1373 2075 in
1401 2014 1629 2076 contusionem
1659 2015 1723 2076 du-

928 2107 1069 2179 centem,
1096 2108 1215 2172 dirutae
1237 2111 1348 2172 turres
1373 2113 1485 2187 gregis
1515 2112 1722 2189 dispersique

929 2205 1007 2265 sunt
1031 2220 1091 2281 per
1117 2207 1307 2269 universam
1336 2210 1517 2285 AEgyptum
1541 2209 1583 2270 ad
1607 2210 1721 2287 paleas

929 2299 1133 2376 colligendas
1155 2318 1215 2379 pro
1239 2305 1420 2380 coquendis
1442 2305 1612 2378 lateribus,
1638 2321 1722 2382 quos

928 2396 1075 2459 habuere
1089 2414 1150 2474 pro
1169 2399 1271 2467 saxis,
1293 2401 1427 2463 terrena
1448 2402 1604 2465 videlicet
1621 2418 1724 2479 opera

928 2493 1005 2568 igne
1021 2494 1212 2571 cupiditatis
1232 2496 1368 2558 decocta
1389 2513 1449 2574 pro
1468 2499 1634 2561 soliditate
1648 2499 1722 2560 vir-

928 2590 1047 2663 tutum,
1071 2592 1104 2657 et
1122 2607 1183 2669 pro
1200 2592 1400 2655 humilitatis
1422 2598 1573 2658 cemento
1587 2597 1623 2656 in
1637 2612 1722 2658 cou-

928 2689 1109 2749 structione
1115 2689 1218 2750 turris
1227 2690 1394 2766 praedicta
1406 2691 1719 2766 habuerehitumen,

927 2785 1114 2860 voluptates
1139 2786 1272 2862 quidem
1293 2789 1457 2860 carnales,
1480 2806 1554 2866 quae
1575 2789 1722 2866 prolecto

928 2881 1157 2956 conglutinant
1175 2897 1258 2958 quos
1278 2884 1431 2947 inliciunt
1449 2887 1481 2947 et
1499 2889 1720 2964 conjungnut3

928 2991 971 3037 ex
992 2993 1133 3054 quarum
1155 2977 1283 3050 foetore,
1306 2981 1340 3041 et
1361 2980 1450 3043 sumo
1469 2998 1566 3058 quam
1586 2982 1723 3059 plurimi

927 3074 1126 3135 moriuntur.
1143 3074 1197 3136 Sic
1214 3075 1357 3153 denique
1371 3077 1616 3155 abhujusmodi
1628 3080 1722 3141 turre

928 3170 1134 3231 confusionis
1147 3171 1241 3233 locus
1255 3172 1451 3235 deliciarum
1463 3175 1640 3252 Babylonis
1653 3193 1723 3238 sor·

927 3266 1008 3327 titus
1018 3269 1207 3341 estnomen,
1222 3285 1295 3346 quae
1307 3272 1471 3347 qnondam
1483 3272 1603 3336 dilecta
1612 3274 1722 3350 posita

928 3365 1027 3425 estin
1042 3365 1252 3437 miraculum,
1270 3383 1371 3443 quum
1392 3368 1509 3430 domus
1531 3370 1635 3446 ipsius
1655 3370 1720 3433 du-

928 3460 1005 3521 dum
1028 3461 1183 3537 gloriosae
1210 3479 1258 3524 ac·
1274 3465 1408 3542 inclytae
1432 3465 1631 3528 draconibus
1654 3468 1722 3531 sint

928 3558 1063 3634 repletae
1078 3559 1210 3637 sintque
1219 3559 1381 3624 hahitatio
1395 3564 1594 3627 strutionum
1607 3578 1647 3626 ac
1657 3566 1722 3625 sal-

69 3679 157 3726 vaso
170 3678 253 3724 sane
267 3664 316 3723 sic
333 3662 375 3723 ab
389 3661 540 3724 hostibus
553 3662 720 3738 paradise,
738 3662 874 3739 sapien·
928 3664 997 3725 tent
1020 3664 1067 3725 ibi
1092 3665 1203 3741 pilosi,
1229 3667 1263 3727 et
1285 3668 1509 3744 respondeant
1534 3668 1567 3729 in
1593 3669 1721 3730 aedibus

67 3761 121 3823 tia
144 3775 222 3838 quae
240 3775 308 3823 non
330 3758 434 3821 intrat
457 3759 493 3819 in
514 3759 704 3821 malivolam
727 3761 872 3820 animam
927 3763 1000 3837 ejus
1020 3762 1131 3832 ulula,
1155 3778 1195 3824 ac
1220 3765 1356 3840 Syrenae
1375 3765 1410 3824 in
1432 3765 1581 3825 delubris
1601 3766 1721 3842 volup·

68 3874 137 3919 nec
156 3858 195 3917 iu
214 3856 345 3919 subdito
367 3857 513 3932 peccatis
528 3872 667 3933 corpore
694 3856 832 3927 habitat,
853 3873 872 3917 a
926 3857 1015 3919 tatis.
1032 3859 1209 3934 Dissipatis
1224 3858 1336 3935 itaque
1354 3860 1466 3922 taliter
1487 3864 1558 3938 ejus
1577 3878 1672 3924 muro
1688 3864 1721 3925 et

66 3956 149 4016 loco
165 3955 364 4016 deliciarum
379 3953 523 4029 effugata
543 3954 706 4015 discessit.
730 3956 770 4016 nt
790 3972 874 4031 quo-
927 3955 1137 4028 antemurali,
1153 3956 1348 4031 plauserunt
1363 3958 1515 4019 manibus
1530 3975 1718 4036 supeream

65 4052 168 4113 niam
204 4051 348 4126 Spiritus
383 4051 524 4112 Sanctus
550 4050 735 4128 discipliuae
760 4052 872 4113 dotum
927 4054 1269 4115 omnestranseuntes
1289 4054 1463 4130 perviam,
1488 4054 1721 4119 sibillaverunt

66 4147 207 4223 effugit,
228 4148 262 4209 et
283 4147 393 4209 aufert
415 4162 450 4208 se
474 4162 496 4208 a
519 4147 774 4222 cogitationibus
798 4163 872 4224 quae
927 4148 960 4209 et
973 4150 1148 4210 moverunt
1162 4150 1271 4226 capita
1286 4167 1359 4223 sua,
1380 4151 1546 4214 dicentes?
1564 4154 1719 4217 Haeccine

63 4247 153 4307 sunt
177 4243 252 4305 sine
277 4243 461 4316 intellectu,
492 4244 656 4321 sapientia
684 4244 872 4307 discedente
926 4247 977 4307 est
991 4245 1070 4310 urbs
1084 4245 1220 4322 perlecti
1237 4245 1386 4309 decorisl

61 4341 506 4417 subtmxitseasaepedicti
515 4340 700 4402 cultoribus
711 4343 869 4419 paradisi
965 4345 1012 4403 De
1037 4345 1133 4418 cujus
1161 4344 1360 4405 contritione
1387 4344 1488 4406 Sedes
1514 4348 1717 4423 apostolica,

60 4440 135 4512 Qui
151 4437 357 4516 protectoex
375 4437 473 4514 adipe
492 4438 674 4515 prodeunte
695 4438 872 4515 iniquitate
926 4455 999 4516 qnae
1027 4455 1102 4503 cum
1126 4440 1371 4501 infirmantibus
1397 4442 1586 4505 intirmatnr
1616 4446 1649 4506 et
1678 4447 1720 4507 de

58 4539 236 4614 ipsorum,
259 4535 445 4612 depositum
461 4536 607 4597 ueterem
627 4535 794 4597 hominem
815 4553 872 4598 re·
926 4536 1131 4598 subditorum
1146 4536 1303 4598 scandalo
1319 4538 1428 4599 uritur
1440 4541 1647 4614 conturbata,
1662 4558 1720 4604 re·

59 4634 258 4704 sumentes,
279 4632 408 4709 abjecta
431 4631 579 4707 imagine
599 4632 678 4693 novi
697 4633 732 4693 in
754 4649 819 4709 qua
839 4636 872 4696 et
926 4633 1079 4710 pletaque
1093 4633 1316 4695 amaritudine
1328 4635 1527 4709 vehementi,
1546 4654 1634 4715 saepe
1649 4656 1717 4701 sae-

55 4745 246 4811 perquam
268 4728 399 4790 inernnt
417 4727 599 4800 reformati,
616 4730 649 4791 et
663 4730 871 4793 comedentes
926 4730 1000 4807 pius
1025 4731 1165 4806 sumpsit
1186 4731 1331 4792 resinam
1352 4731 1394 4792 ad
1415 4733 1633 4810 mitigandum
1655 4736 1718 4798 do·

56 4830 111 4891 de
131 4827 246 4890 fructu
262 4826 346 4901 ligni
362 4825 510 4887 scientiae
532 4824 610 4886 boni
632 4826 665 4887 et
688 4826 779 4898 mali,
797 4829 873 4903 pul·
926 4827 1042 4895 iorem,
1071 4832 1104 4889 et
1129 4827 1268 4889 vulnera
1293 4831 1366 4904 ejus
1393 4832 1555 4903 sananda,
1584 4834 1719 4895 mittens

54 4928 156 4990 chro
180 4926 330 5001 aspectu,
359 4926 394 4985 et
421 4922 609 4984 delectabili
632 4923 674 4984 ad
696 4923 869 4998 edendum,
926 4924 1063 5000 angelos
1078 4925 1170 5000 pacis
1190 4924 1231 4986 ad
1251 4925 1475 4989 exhibendum
1497 4931 1568 5006 ep'us
1590 4931 1718 4992 contri-

53 5025 186 5087 frnctu
205 5021 289 5097 ligni
311 5021 388 5083 vitae
413 5022 610 5097 contempto,
634 5020 719 5097 quod
742 5022 814 5083 erat
835 5023 871 5083 in
925 5021 1008 5083 tioni
1026 5021 1201 5094 medelam,
1222 5023 1430 5099 corrigendo,
1456 5027 1489 5087 et
1509 5025 1719 5090 reformando

53 5121 185 5186 medlo
200 5118 359 5196 paradisi,
377 5118 582 5180 transierunt
594 5118 631 5178 in
645 5117 755 5179 cordis
770 5120 873 5181 affec-
925 5120 993 5181 tam
1014 5119 1173 5196 incapite
1191 5134 1290 5196 quam
1310 5120 1344 5180 in
1363 5122 1530 5192 membris,
1551 5138 1625 5199 quae
1640 5139 1718 5185 cor-

50 5226 157 5290 tum,
173 5232 249 5293 quae
268 5232 329 5277 sua
347 5217 424 5277 sunt
445 5216 631 5292 quarentes
649 5216 871 5293 potiusquam
926 5216 1097 5285 rectionis,
1127 5218 1160 5278 et
1183 5216 1431 5279 reformationis
1451 5218 1561 5280 cilicio
1583 5219 1718 5305 indige-

50 5331 149 5397 quaa
163 5313 301 5385 Christi,
316 5315 350 5374 et
363 5312 432 5389 qui,
447 5313 484 5374 nt
496 5314 609 5374 essent
619 5326 783 5390 pauperes
796 5329 873 5375 con·
927 5313 1020 5388 bant;
1035 5313 1259 5390 sedquoniam
1275 5315 1312 5375 ut
1322 5314 1448 5375 serrum
1461 5331 1519 5391 per
1533 5331 1590 5377 eos
1605 5320 1720 5378 extra*-

49 5411 210 5479 formati
232 5411 277 5482 ei,
298 5409 355 5486 qui
377 5425 478 5486 quum
500 5410 647 5470 omnium
667 5409 760 5473 dives
785 5413 872 5473 esset
927 5411 1062 5473 heretur
1088 5411 1128 5473 de
1157 5412 1385 5473 vulnere'ncn
1418 5412 1480 5473 luit
1504 5412 1645 5490 desuper
1668 5416 1718 5477 eis

48 5526 136 5594 pro
152 5507 252 5569 nohis
266 5505 374 5568 factus
393 5507 443 5569 est
461 5520 598 5583 pauper,
611 5507 769 5569 saeculum
790 5508 873 5568 reli·
929 5508 1054 5581 datum,
1081 5507 1164 5569 illud
1191 5508 1359 5584 malagina
1379 5511 1623 5585 superpositum
1651 5528 1719 5575 non

47 5606 232 5691 querunt,
249 5603 393 5683 propriis
411 5603 586 5675 abdicatis,
601 5603 675 5681 plns
693 5603 728 5664 in
749 5607 871 5668 saeculo
930 5607 1071 5678 curavit,
1100 5606 1162 5668 etsi
1191 5620 1250 5682 per
1270 5605 1379 5683 ipsum
1401 5606 1656 5683 superficialiter
1676 5612 1722 5673 sit
