4014 6224
178 322 183 331 '
212 345 253 407 an
827 346 1006 416 nouomr
1026 354 1080 416 111·
1093 355 1242 420 orama.
1812 364 1859 425 sa

212 505 286 569 riso
300 506 525 585 competenter
538 505 587 571 lbi
597 507 651 571 vel
665 506 746 572 alibi
758 510 908 574 ecclesiae
916 514 1006 590 Jam-

214 602 311 665 dictae
322 606 503 679 canonicis,
511 622 586 668 eam
596 607 637 668 de
644 607 776 669 clericis
788 608 1004 671 sacularibus

213 700 341 761 ordinis
361 701 535 765 dummodo
550 703 624 765 fleri
637 705 748 767 ualeat
761 705 886 784 absque
900 722 1003 768 scan-

213 795 301 867 dalo,
315 798 348 859 et
360 799 446 875 jnris
461 800 654 878 praejudicio
668 801 783 863 alieni.
801 803 920 865 Datum
934 806 1002 865 La-

213 893 332 967 terani,
345 897 375 959 11
387 911 493 958 nonas
506 896 679 973 februarii,
695 914 782 961 auno
797 901 903 962 sexto.

478 1346 531 1407 Ad
558 1349 726 1409 eumdem.

519 1475 629 1534 Eodem
643 1475 699 1534 die.
757 1532 766 1537 .

257 1596 300 1654 De
314 1595 449 1655 uicesima
462 1599 719 1658 ecclesiasticorum
731 1606 919 1673 proventuum
933 1599 963 1657 in

305 1685 463 1744 subsidium
477 1689 570 1745 Terrae
585 1690 696 1747 Sancte
711 1686 913 1746 conuertenda.

252 1812 303 1873 Ex
317 1812 411 1888 parte
423 1813 482 1875 tua
497 1812 559 1875 luit
575 1813 670 1876 nobis
687 1813 858 1877 humiliter
876 1813 1004 1891 suppli-

212 1909 334 1979 catum,
355 1912 392 1971 ut
406 1926 506 1987 quum
521 1911 679 1973 statutum
697 1911 797 1973 luerit
810 1912 1002 1973 vicesimam

212 2005 512 2068 ecclesiasticorum
532 2010 750 2086 proventuum
765 2008 800 2069 in
820 2007 1002 2069 subsidium

210 2104 323 2165 'Perrae
347 2105 475 2166 Sanctae
499 2103 726 2185 [impenderet
742 2107 842 2183 tuque
863 2105 1002 2166 donaria

210 2200 398 2283 reddituum
407 2201 540 2263 nomine
553 2203 716 2264 contineri
729 2219 796 2263 non
806 2202 954 2274 credens,
962 2203 1002 2264 de

210 2296 294 2373 ipsis
311 2297 503 2359 vicesimam
519 2314 584 2361 nou
598 2299 809 2377 persolveris,
827 2315 926 2377 super
939 2298 1002 2360 hoc

211 2394 1004 2474 nostrumtibibeneplacitumrescriberedigua·

211 2505 336 2563 remur,
350 2507 370 2553 a
385 2493 548 2554 sententia
561 2494 596 2554 iu
607 2510 663 2555 eos
674 2494 730 2571 qul
742 2495 831 2556 circs
842 2493 905 2555 hoc
916 2493 1004 2556 irau-

211 2586 286 2649 dem
300 2589 541 2653 committerent
557 2591 764 2669 promulgata
779 2589 1001 2672 [eximentes],

211 2682 291 2747 licet
304 2687 339 2747 in
352 2687 415 2748 bac
429 2689 523 2764 parte
540 2688 625 2749 nihii
639 2688 750 2765 egeris
763 2687 1001 2751 iraudulenter.

211 2779 354 2841 Noueris
369 2782 472 2857 igitur
490 2785 640 2844 nostrum
660 2782 901 2860 beneplacitum
916 2799 1001 2856 esse,

211 2876 248 2938 ui
265 2874 307 2937 de
331 2876 481 2940 donariis
498 2878 533 2939 in
557 2895 764 2957 quacumque
783 2881 893 2956 specie
908 2881 1002 2942 lactis

212 2987 350 3051 quorum
365 2975 497 3051 singula
513 2993 673 3038 summam
687 2977 859 3055 sexaginta
873 2979 1001 3039 solido-

209 3086 285 3133 rum
302 3075 442 3135 mouetae
464 3076 629 3136 Toronen.
651 3074 824 3147 excedunt,
844 3076 1002 3153 quantum

210 3169 358 3231 recolere
372 3171 507 3248 poteris,
529 3172 639 3234 solvas
660 3173 851 3234 vicesimam
865 3173 902 3235 in
916 3188 1004 3251 pree-

210 3265 308 3329 dictaa
335 3269 446 3329 Terrae
474 3268 658 3330 subsidium
686 3269 952 3341 convertendam,
983 3285 1002 3331 a

209 3361 329 3424 timore
357 3363 514 3440 praedicto
544 3366 577 3426 te
604 3380 758 3427 securum
789 3367 1002 3444 praesentium

210 3459 408 3520 auctoritate
433 3461 618 3535 reddentes,
639 3478 714 3523 eum
739 3463 901 3525 sententie
930 3463 1003 3542 ipsa

210 3571 418 3634 nequaquam
438 3558 473 3618 in
492 3558 708 3637 probabiliter
729 3560 927 3633 dubitantes,
945 3560 1002 3623 sed

210 3653 246 3715 in
275 3655 515 3717 committentes
551 3657 695 3719 scienter
723 3656 873 3719 fraudem
903 3656 1004 3721 luerit

211 3752 429 3829 promulgate.
456 3753 600 3826 Quodsi
627 3754 751 3827 forsan,
776 3770 836 3832 pro
860 3755 1003 3832 pleniori

210 3850 424 3911 conscientia
444 3850 510 3913 tuse
531 3851 722 3924 securitate,
737 3850 884 3914 uolueris
898 3868 918 3914 a
932 3868 1005 3929 poe-

210 3946 403 4009 nitentiario
417 3948 474 4009 tuo
492 3951 525 4009 te
539 3949 735 4011 auctoritate
749 3950 863 4012 nostra
875 3950 1003 4011 secreto

210 4041 338 4106 absolvi
353 4043 457 4105 facias
467 4045 508 4107 ad
520 4045 694 4107 cautelam.
708 4047 826 4109 Datum
839 4046 875 4109 ut
889 4062 1000 4124 supra.

248 4473 301 4534 Ad
312 4464 538 4547 prepositum
555 4473 589 4535 et
605 4474 791 4548 capitutum
812 4474 959 4535 Gurcen.

474 4602 640 4662 dlebruarii
656 4603 735 4662 1222.

215 4725 311 4789 [Fouds
325 4727 434 4786 ticceau,
448 4727 517 4785 lisa,
531 4732 551 4776 t.
564 4726 633 4785 lter,
645 4742 671 4792 p,
682 4726 722 4777 db.
733 4702 858 4778 biblioth.
872 4725 987 4791 nstiom]

208 4853 243 4911 Ut
258 4853 472 4910 venerationem
483 4851 574 4909 beata
593 4851 690 4910 Mariae
701 4851 830 4926 Virginis
845 4848 1002 4908 bebdoma-

459 4940 554 4998 daiem
571 4940 747 4998 continuent.

247 5066 429 5140 Honorius,
464 5067 540 5137 etc„
574 5065 753 5144 praeposito
788 5064 822 5127 et
857 5064 1002 5142 capitulo

209 5166 351 5228 Gurcen.

249 5263 341 5324 Solet
355 5275 515 5332 annuere,
532 5274 639 5334 usque
653 5259 829 5337 impertiri.
846 5261 896 5320 En
908 5261 1003 5336 parte

207 5358 370 5436 siquidem
385 5360 497 5421 uestra
523 5356 587 5419 luit
614 5357 736 5418 nostris
763 5356 901 5419 auribus
921 5356 1004 5419 iuti-

208 5456 344 5527 matum,
370 5456 457 5533 quod
472 5471 573 5534 quum
588 5454 623 5515 iu
638 5455 781 5517 ecclesia
794 5454 917 5527 uestra,
929 5468 1002 5532 quae

1058 513 1095 575 lu
1104 513 1230 577 bonore
1244 513 1351 579 beatae
1363 517 1480 581 maria
1494 533 1627 596 semper
1638 521 1788 599 Virginis
1800 523 1856 585 est

1058 612 1257 684 constructa,
1274 614 1378 677 semei
1403 615 1438 675 in
1466 615 1672 680 bebdomada
1702 618 1856 682 cilicium

1058 709 1205 785 ejusdem
1220 710 1370 786 Virginis
1382 712 1577 775 solemniter
1590 715 1760 778 celebrare
1774 732 1856 779 con·

1058 806 1235 868 sueveritis
1251 805 1293 868 ab
1307 808 1454 886 anfiquo,
1469 810 1510 871 de
1525 812 1737 886 Ransborem
1759 815 1794 877 et
1809 813 1855 876 de

1059 903 1280 980 Riobersperg
1292 907 1462 983 praepositi
1474 907 1719 985 Pabreburgen.
1732 909 1857 973 dioece·

1059 999 1116 1072 sis,
1124 1000 1243 1077 quibus
1252 1002 1453 1064 venerabilis
1460 1004 1565 1067 irater
1574 1007 1688 1068 noster
1699 1007 1857 1085 Saizpur·

1058 1098 1170 1173 gensis
1193 1099 1368 1177 episcopus
1382 1101 1657 1179 metropolitauus
1670 1105 1783 1167 uester
1793 1105 1855 1167 vi-

1058 1195 1247 1258 sitationem
1261 1211 1330 1259 suae
1344 1198 1526 1275 prouinciae
1538 1199 1680 1264 duxerat
1693 1203 1855 1265 commit-

1058 1291 1204 1365 mudum,
1217 1309 1260 1357 ue
1274 1295 1308 1356 id
1328 1294 1369 1358 da
1387 1298 1509 1358 oaemro
1528 1296 1684 1361 laceretis
1698 1299 1857 1363 inhibere

1057 1389 1151 1451 uobis
1165 1406 1225 1467 pro
1239 1407 1307 1453 suae
1321 1392 1504 1456 voluntatis
1516 1393 1655 1457 arbitrio
1666 1412 1858 1475 praesump-

1058 1488 1186 1563 serunt;
1200 1490 1334 1566 propter
1346 1489 1432 1567 quod
1443 1490 1485 1551 ad
1497 1491 1614 1553 sedem
1624 1493 1854 1568 apostolicam

1057 1584 1266 1661 appellastis,
1293 1587 1329 1647 ut
1354 1586 1509 1664 deinceps
1534 1587 1681 1650 osticium
1702 1591 1857 1667 ejusdem

1056 1680 1216 1758 Virginis,
1229 1682 1317 1746 sicut
1335 1682 1553 1747 consuevistis
1566 1686 1737 1762 hactenus,
1756 1688 1855 1750 cele-

1056 1777 1155 1841 brare
1174 1778 1214 1841 de
1237 1783 1351 1842 nostra
1370 1781 1465 1844 uobis
1482 1784 1696 1845 concessione
1717 1784 1851 1859 liceret,

1056 1874 1253 1939 inhibitione
1262 1878 1453 1956 hujusmodi
1462 1879 1697 1943 nonobstante.
1709 1883 1778 1944 Nos
1789 1883 1856 1959 igi·

1056 1974 1112 2035 tur
1120 1974 1242 2037 uestris
1252 1976 1351 2052 justis
1365 1976 1642 2054 postulationibus
1656 1980 1752 2054 grato
1766 1994 1856 2041 cou-

1057 2072 1230 2135 currentes
1245 2087 1395 2146 assensu,
1417 2074 1614 2137 auctoritate
1638 2074 1733 2138 uobis
1756 2092 1854 2154 pras-

1056 2169 1200 2230 sentium
1223 2170 1435 2231 concedimus
1462 2171 1639 2248 postulata.
1668 2172 1760 2236 Nulli
1786 2188 1852 2235 er-

1055 2281 1115 2341 go,
1127 2267 1202 2338 etc,
1215 2267 1248 2328 et
1262 2268 1386 2328 nostrae
1399 2268 1637 2341 concessionis,
1648 2269 1710 2330 etc.
1726 2270 1762 2330 Si
1774 2269 1854 2348 quis

1057 2352 1178 2434 eutem,
1206 2364 1268 2426 etc.
1285 2364 1403 2426 Datum
1418 2364 1585 2437 Laterani,
1613 2366 1644 2427 Il
1667 2380 1774 2427 nouas
1793 2365 1853 2429 la-

1056 2452 1195 2531 bruarii,
1212 2460 1423 2538 pontificatus
1437 2461 1543 2524 nostri
1558 2477 1645 2524 anno
1662 2463 1768 2526 sexto.

1410 2755 1497 2842 clx

1057 2903 1109 2962 Ad
1134 2903 1350 2965 abbatemet
1379 2905 1586 2966 concentum
1612 2906 1731 2968 Sancti
1748 2906 1857 2969 Petri

1306 3003 1348 3063 de
1357 3004 1446 3064 Seue
1458 3006 1599 3065 wrcen.

1315 3130 1484 3190 bibbruarii
1504 3134 1583 3192 1222.

1088 3255 1210 3321 marest,
1219 3256 1263 3308 iib.
1275 3256 1318 3317 vl,
1331 3256 1405 3323 epist.
1415 3257 1470 3307 263.
1479 3257 1537 3310 bisc.
1547 3258 1583 3309 La
1592 3258 1670 3311 Porto
1679 3259 1713 3311 du
1723 3260 1820 3327 mail]

1172 3382 1222 3441 Eis
1230 3380 1357 3440 decimas
1371 3381 1407 3440 de
1422 3382 1572 3441 novalibus
1583 3384 1724 3443 concedit.

1096 3509 1282 3578 Honorius,
1312 3512 1387 3581 etc,
1418 3508 1548 3571 dilectis
1575 3509 1654 3571 liliis
1681 3509 1793 3574 abbati
1815 3513 1852 3576 et

1057 3605 1235 3668 couventui
1251 3609 1285 3667 S.
1302 3607 1392 3669 Petri
1407 3606 1447 3667 de
1461 3606 1550 3669 Sella
1564 3609 1701 3669 Trecen.

1098 3704 1227 3777 Quanto
1238 3703 1403 3765 sincerius
1411 3702 1484 3765 loca
1492 3705 1651 3781 religiosa
1664 3704 1849 3781 dssigimus,

1056 3801 1148 3862 tanto
1163 3800 1320 3862 libentius
1336 3817 1436 3877 super
1446 3800 1510 3873 hie,
1524 3816 1597 3877 quae
1612 3802 1760 3879 ipsorum
1773 3818 1850 3879 pro·

1056 3896 1178 3959 fectum
1197 3897 1391 3974 respiciunt,
1416 3897 1563 3959 fauorem
1583 3899 1633 3959 eis
1649 3897 1850 3962 benevolum

1056 3994 1275 4072 impertimur.
1292 3997 1342 4056 Ex
1361 3995 1473 4057 vestra
1495 4011 1576 4057 saue
1594 3996 1689 4073 parte
1708 3996 1772 4057 luit
1787 4012 1854 4058 no-

1055 4090 1107 4152 bis
1142 4091 1314 4153 humiliier
1345 4091 1577 4169 supplicatum,
1612 4091 1649 4154 ut
1678 4108 1779 4169 quum
1807 4093 1855 4157 sii

1055 4188 1151 4251 uobis
1165 4188 1329 4251 indultum
1349 4188 1389 4250 de
1416 4188 1584 4250 laboribus
1608 4190 1773 4251 terrarum
1789 4205 1852 4252 ec-

1056 4286 1245 4357 clesiarum,
1266 4302 1339 4363 quae
1354 4286 1484 4348 ratione
1494 4286 1582 4364 Juris
1598 4286 1792 4362 patronatus
1807 4286 1853 4350 ad

1056 4399 1117 4447 vos
1133 4385 1282 4460 spectare
1298 4383 1490 4455 noscuntur,
1512 4382 1658 4445 decimas
1673 4400 1747 4445 cum
1760 4384 1853 4446 inte-

1056 4482 1177 4557 gritate
1201 4481 1373 4557 percipere
1395 4479 1570 4563 indulgere
1598 4479 1692 4542 vobis
1713 4480 1853 4542 miseri-

1056 4578 1202 4639 corditer
1212 4578 1436 4653 dignaremum
1452 4578 1484 4639 et
1498 4577 1539 4637 de
1549 4577 1660 4650 terris,
1673 4594 1747 4656 quae
1760 4577 1853 4641 intra

1056 4676 1272 4737 ecclesiarum
1299 4675 1446 4751 ipsarum
1470 4671 1654 4755 [terminos]
1680 4674 1853 4737 haberetis

1056 4772 1098 4834 de
1111 4772 1317 4848 indulgentia
1341 4771 1455 4833 nostra
1474 4771 1680 4848 percipiendi
1704 4770 1854 4833 decimas

1056 4869 1258 4932 facultatem.
1273 4870 1342 4929 Nos
1355 4884 1435 4944 ergo
1449 4869 1570 4930 vestris
1578 4868 1679 4945 luetis
1696 4868 1854 4945 precibus

1056 4966 1209 5028 inclinati
1224 4966 1438 5043 praesentium
1451 4964 1546 5026 vobis
1564 4964 1762 5027 auctoritate
1776 4980 1856 5027 con-

1057 5064 1219 5136 cedimus,
1235 5063 1271 5124 ut
1283 5063 1371 5123 inira
1391 5064 1558 5124 terrarum
1572 5061 1723 5138 ipserum
1735 5061 1855 5124 termi-

1057 5176 1117 5222 nos
1128 5158 1351 5221 denoualibus
1360 5158 1531 5237 percipere
1541 5158 1687 5219 decimas
1697 5158 1851 5221 valeatis.

1056 5257 1149 5319 Nulli
1174 5272 1265 5333 ergo,
1288 5257 1363 5328 etc„
1390 5258 1512 5317 nostres
1528 5255 1766 5328 concessionis,
1785 5257 1851 5319 etc.

1058 5356 1094 5417 Si
1108 5356 1182 5433 quis
1195 5355 1317 5426 autem,
1333 5353 1396 5416 etc.
1419 5353 1539 5415 Datum
1558 5352 1726 5426 Laterani,
1744 5354 1775 5414 11
1788 5370 1854 5417 no-

1056 5468 1118 5514 nas
1134 5450 1307 5524 februarii,
1322 5466 1410 5513 anuo
1425 5448 1528 5512 sexto
