3916 6204
230 280 290 343 519

229 441 420 518 capitulum,
428 444 598 520 proprium
610 443 733 506 habere
746 446 903 522 sigillum,
915 448 1023 524 prori-

228 536 308 598 dere
317 555 358 600 ne
367 542 480 600 contra
489 540 1021 620 prohibitionemtuamproprium

229 633 354 697 iaciant
386 635 543 697 fabricari
572 638 740 714 sigillum,
769 642 828 701 aut
857 641 1019 713 habeant,

227 732 281 792 vel
311 734 447 794 utantur
473 734 601 806 eodem,
628 734 771 798 sollicite
793 737 1017 813 dignaremur.

227 829 297 889 Nos
312 830 422 891 autem
441 831 508 892 tuis
524 848 625 908 super
638 832 702 894 hoc
712 834 1021 910 precibusannuen·

226 927 275 986 tes
294 926 325 986 id
341 921 415 987 fleri
430 918 631 990 auctoritate
644 933 857 1005 praesentium
882 932 1021 994 distric-

225 1023 292 1084 tius
316 1024 516 1099 inhibemus,
545 1026 705 1098 volentes,
735 1028 764 1088 si
790 1029 868 1105 quid
894 1030 1020 1091 temere

225 1122 341 1182 contra
356 1125 592 1198 praesumptum
607 1122 717 1195 fuerit,
735 1125 860 1186 nullius
875 1127 1020 1189 existere

224 1217 402 1279 firmitatis.
428 1221 520 1281 Nulli
542 1236 632 1296 erge,
650 1222 726 1293 etc,
754 1222 841 1283 banc
863 1225 1018 1300 paginam

223 1316 348 1377 nostrae
360 1314 571 1381 inhibitionis
586 1317 782 1394 intringere,
806 1322 868 1381 etc.
894 1321 1018 1399 Siquis

223 1414 345 1483 autem,
362 1415 424 1474 etc.
442 1416 560 1476 Datum
585 1415 752 1488 Laterani,
772 1418 802 1476 X
828 1416 897 1478 kal.
920 1418 1017 1490 febr„

222 1523 311 1569 anno
325 1511 453 1572 octavo.

565 1744 673 1830 CVII

221 1894 273 1953 Ad
299 1892 499 1966 officialem,
533 1896 744 1971 massarum
766 1897 949 1968 Iacobum,
982 1897 1016 1958 ct

270 1993 543 2063 deterrendum,
566 1996 748 2054 canonicos
764 1995 967 2055 Lauduuen.

486 2122 521 2180 23
532 2122 748 2194 januariiliil.

236 2242 356 2308 [tiegest.,
368 2244 413 2294 lib.
426 2243 491 2302 vill,
502 2244 577 2309 epist.
587 2245 643 2295 tlt.
658 2246 716 2295 llss.
727 2247 763 2297 La
775 2247 849 2297 Porta
858 2247 892 2296 du
903 2247 997 2311 llicit]

219 2368 337 2427 Mandat
360 2377 392 2426 ut
410 2368 526 2442 quidam
552 2369 709 2443 presbyteri
737 2378 766 2428 et
786 2371 883 2429 clerici
905 2373 1012 2430 lotren.

253 2472 351 2515 sacros
365 2456 480 2514 ordines
508 2458 635 2531 recipere
650 2466 679 2516 et
697 2459 726 2515 in
753 2460 874 2516 ecclesia
901 2462 1009 2518 latren.

163 2547 167 2555 '
254 2544 380 2602 residere
394 2552 546 2619 cogantur.

259 2673 438 2741 Honorius,
468 2675 544 2743 etc,
574 2672 704 2734 dilectis
733 2672 849 2734 liliis...
878 2674 1012 2736 officiali

220 2770 380 2845 magistro
403 2769 527 2832 Jacobo
542 2772 576 2831 et
599 2771 814 2843 limorrando,
841 2773 1013 2833 canonicis

220 2867 1015 2945 Laudunen.,salutemetApcstolicambenedic·

219 2962 356 3025 tionem.

260 3060 388 3121 Dilecta
401 3060 435 3121 in
462 3060 593 3122 Christo
609 3061 679 3122 lilia
692 3063 819 3124 lotren.
842 3061 1013 3124 abbatissa

219 3156 315 3218 nobis
338 3158 502 3235 exposuit,
519 3158 605 3235 quod
622 3176 722 3235 quum
744 3175 787 3220 ex
810 3174 851 3220 ea
875 3160 918 3221 sit
941 3176 1014 3220 ma-

219 3255 322 3330 gistro
347 3258 383 3316 G.
412 3255 452 3317 de
474 3255 632 3330 Grangia,
656 3256 689 3317 et
712 3255 910 3334 quibusdam
937 3256 1014 3318 aliis

219 3351 423 3428 presbyteris
438 3353 471 3413 et
485 3351 617 3413 clericis
633 3354 759 3415 lotren.
777 3354 959 3430 provisum,
977 3357 1014 3416 ut

220 3448 343 3509 ibidem
359 3449 393 3508 in
412 3450 640 3511 ministrorum
665 3450 868 3511 solemnibus
885 3452 918 3512 et
936 3452 1013 3512 aliis

219 3545 352 3617 officiis,
380 3562 453 3623 quae
473 3562 532 3622 per
560 3547 833 3609 sanctimoniales
862 3550 1014 3610 exerceri

220 3660 287 3705 non
313 3644 462 3720 possunt,
491 3644 635 3705 sollicite
656 3644 867 3722 obsequendo
897 3646 1014 3706 minis·

218 3742 317 3812 trent,
334 3742 468 3818 quidam
483 3757 526 3802 ex
542 3741 590 3802 eis
612 3742 730 3803 nolunt
758 3742 799 3803 ad
819 3757 931 3803 sacros
958 3759 1014 3804 or-

219 3839 326 3912 dines,
340 3840 438 3915 prout
458 3839 562 3916 ipsius
578 3839 729 3900 ecclesiae
753 3839 873 3916 quaerit
896 3856 1015 3902 neces-

219 3936 313 4008 sitas,
349 3937 537 4012 promoveri
572 3958 580 3996 :
615 3937 674 3997 alii
699 3952 780 3997 vero
811 3952 878 3998 non
907 3938 1013 3999 solum

221 4034 390 4111 suscipere
404 4048 518 4094 sacros
545 4032 689 4104 ordines,
711 4048 826 4095 verum
856 4035 957 4095 etiam
977 4035 1012 4095 in

220 4130 362 4191 ecclesia
391 4130 606 4190 residentiam
641 4129 750 4191 tacere
779 4130 1011 4206 dedignantur,

219 4229 356 4304 propter
366 4228 463 4303 quod,
474 4230 506 4288 et
516 4227 622 4288 eidem
631 4226 782 4288 ecclesiae
795 4228 891 4288 modo
902 4229 1012 4290 debito

219 4340 286 4385 non
302 4324 447 4385 servitur
460 4326 493 4385 et
506 4324 698 4384 scandalum
710 4325 809 4385 etiam
820 4327 1010 4400 generatur.

220 4422 314 4483 Unde
329 4437 428 4499 super
443 4422 506 4482 boc
521 4421 686 4497 provideri
702 4438 722 4483 a
737 4422 832 4482 nobis
845 4422 1033 4484 abbatissa·

219 4520 336 4580 eadem
348 4518 538 4596 postulavit.
557 4518 718 4591 Quocirca
732 4519 927 4580 discretioni
942 4536 1012 4581 ves·

218 4619 279 4679 trae
294 4632 353 4694 per
367 4616 557 4693 Apostolica
572 4616 695 4692 scripta
711 4616 917 4688 mandamus,
930 4632 1013 4693 qua-

218 4716 314 4776 tenus
330 4713 536 4790 supradictos
552 4712 741 4774 sacerdotes
756 4715 790 4774 et
803 4713 955 4782 clericos,
977 4717 1013 4775 ut

219 4813 353 4875 ordines
384 4826 498 4872 sacros
527 4810 702 4887 recipiant,
732 4811 765 4871 et
791 4810 827 4870 in
852 4810 1012 4887 jamdicta

218 4910 361 4973 ecclesia
376 4900 555 4979 resideant,
574 4911 610 4968 ut
635 4910 802 4980 tenentur,
828 4909 863 4968 in
884 4924 923 4969 ea
939 4909 1012 4970 sine

220 5007 378 5069 scandalo
409 5005 586 5067 serviendo
615 5005 792 5080 diligenter
810 5006 843 5066 et
869 5006 1012 5067 sollicite

844 270 1021 350 nouonn
1043 291 1088 351 1n
1109 291 1257 355 crass.

1777 301 1822 361 ibi

1076 450 1193 523 tinere,
1217 453 1369 529 personis
1391 451 1521 513 idoneis
1545 453 1693 526 conterat,
1716 460 1824 533 quain

1075 546 1164 609 dicta
1184 548 1325 609 ecclesia
1341 548 1455 620 velint,
1482 549 1514 609 et
1537 549 1822 614 valeantdeservire.

1075 646 1166 715 Quod
1178 646 1207 705 si
1218 662 1284 706 non
1295 647 1494 717 omnes,etc.
1505 646 1576 706 Dat.
1588 648 1825 719 Lateranililm

1075 741 1190 803 lendas
1205 741 1378 812 februarii,
1394 758 1484 804 anno
1498 744 1623 804 octavo.

1408 1012 1536 1098 CVIII

1214 1162 1266 1220 Ad
1278 1163 1494 1237 Manatoueu.
1517 1166 1713 1236 abacorum.

1339 1291 1507 1364 rejaceant
1521 1293 1599 1349 liti.

1097 1412 1219 1476 [Regest.,
1230 1415 1275 1464 lib.
1287 1415 1352 1473 vill,
1361 1415 1434 1479 epist.
1444 1416 1500 1465 ata.
1509 1418 1566 1466 llos.
1577 1417 1613 1466 La
1620 1417 1729 1466 Portedu
1737 1416 1813 1481 rhed]

1090 1536 1206 1594 Mandat
1222 1545 1251 1595 ut
1264 1537 1376 1596 duobus
1388 1540 1501 1596 clericis
1514 1554 1574 1597 sue
1583 1540 1705 1597 ecclesia
1718 1539 1816 1597 abaron

1256 1626 1426 1684 beneficium
1438 1626 1568 1686 conterre
1578 1630 1674 1701 possit.

1111 1753 1290 1823 Honorius,
1307 1755 1383 1825 etc,
1397 1754 1583 1815 venerabili
1599 1752 1726 1814 fratri...
1739 1754 1832 1827 11131-

1071 1852 1182 1912 lonen.
1195 1852 1361 1928 episcopo,
1376 1851 1516 1912 salutem
1531 1853 1564 1913 et
1574 1847 1828 1928 Apostolicamle·

1071 1949 1306 2011 nedictionem.

1111 2045 1328 2123 supplicastis
1354 2045 1449 2107 nobis
1464 2047 1511 2117 ut,
1534 2062 1636 2122 quum
1657 2045 1722 2107 iere
1739 2058 1830 2105 omnes

1071 2143 1277 2219 parochiales
1313 2142 1463 2205 ecclesiae
1500 2145 1566 2204 tuae
1605 2143 1750 2204 dioecesis
1772 2142 1832 2203 tunc

1070 2241 1152 2302 adeo
1167 2241 1284 2301 tenues
1299 2240 1333 2301 in
1345 2240 1540 2310 redditibus,
1557 2242 1594 2302 ut
1604 2254 1758 2317 persona,
1771 2238 1831 2314 qui·

1068 2338 1129 2399 bus
1145 2340 1273 2414 majora
1289 2338 1405 2398 merita
1422 2338 1660 2412 suffragantur,
1677 2354 1717 2399 ex
1730 2352 1786 2396 una
1797 2334 1831 2393 il-

1070 2437 1176 2496 larum
1191 2435 1415 2511 provisionem
1430 2451 1497 2496 non
1512 2434 1658 2496 babeant
1674 2447 1831 2509 congruen-

1069 2534 1145 2603 tem,
1165 2532 1357 2593 conterendi
1379 2532 1492 2608 plures
1511 2531 1679 2609 aliquibus
1702 2530 1739 2591 de
1755 2527 1833 2590 cleri-

1068 2630 1116 2690 cis
1131 2630 1208 2702 tuis,
1225 2629 1335 2704 dignis
1350 2628 1539 2706 hujusmodi
1552 2631 1674 2705 gratia,
1687 2628 1742 2689 tibi
1755 2626 1833 2686 licen

1068 2726 1672 2796 tiam,nonobstantestatutoConcilii
1683 2721 1834 2801 generalis,

1068 2824 1250 2885 concedere
1284 2823 1508 2898 dignaremur.
1534 2825 1604 2883 Nos
1638 2824 1736 2898 igitur
1765 2821 1834 2880 circa

1068 2920 1150 2981 duos
1163 2920 1334 2981 dumtaxat
1348 2920 1388 2980 de
1399 2921 1530 2981 clericis
1541 2921 1611 2981 tuis
1622 2913 1835 2981 licentiamtibi

1068 3017 1280 3078 concedimus
1308 3017 1518 3093 postulatam,
1549 3017 1598 3079 ita
1627 3012 1743 3085 tamen,
1769 3009 1834 3089 quod

1068 3116 1201 3176 illorum
1231 3115 1365 3191 utrique
1397 3131 1496 3175 unam
1528 3116 1659 3177 tantum
1688 3110 1836 3175 ecclesian

1069 3212 1175 3287 possis
1188 3211 1376 3287 hujusmodi
1393 3211 1537 3271 licentiae
1553 3211 1749 3272 auctoritate
1769 3220 1835 3266 con·

1069 3309 1165 3369 terre.
1176 3307 1268 3369 Nulli
1281 3323 1371 3383 ergo,
1385 3309 1460 3379 etc,
1472 3308 1558 3369 banc
1571 3309 1726 3385 paginam
1736 3305 1836 3366 nostra

1068 3405 1293 3467 concessionis
1344 3404 1548 3480 intringere,
1595 3407 1659 3467 etc.
1705 3403 1737 3464 Si
1778 3397 1836 3476 quis

1068 3504 1190 3574 autem,
1214 3506 1276 3564 etc.
1307 3505 1426 3565 Datum
1444 3503 1616 3576 Laterani,
1646 3505 1676 3563 X
1702 3495 1838 3562 kalendas

1068 3599 1238 3671 februarii,
1254 3614 1341 3660 anno
1355 3600 1484 3661 octavo.

1421 3886 1506 3972 CIX

1067 4039 1119 4098 Ad
1144 4037 1298 4097 abbatem
1322 4036 1354 4097 et
1378 4036 1586 4096 cenaculum
1604 4028 1840 4097 monasteriidc

1177 4133 1344 4203 Passclet,
1361 4135 1494 4192 ordinis
1507 4135 1751 4194 cluniacensis.

1329 4262 1364 4320 25
1375 4260 1498 4334 januarii
1515 4261 1596 4319 last.

1222 4385 1325 4449 [Regist.
1337 4389 1445 4435 monast.
1459 4385 1490 4434 de
1502 4384 1625 4443 Passalet,
1641 4385 1709 4446 tal]

1066 4512 1116 4567 Eis
1130 4510 1337 4582 possessiones,
1353 4509 1513 4582 specialiter
1529 4517 1637 4568 terram
1649 4510 1686 4568 de
1702 4507 1841 4580 Peglasu

1383 4598 1541 4655 confirmat.

1105 4716 1274 4776 Honorius
1311 4715 1498 4792 episcopus,
1537 4730 1659 4777 servus
1692 4721 1842 4775 servorun

1067 4812 1136 4883 Dei,
1154 4815 1215 4874 etc.

1105 4910 1209 4971 Iustis
1235 4908 1416 4984 petentium
1443 4907 1618 4969 desideriis
1646 4908 1780 4984 dignum
1804 4899 1843 4963 est

1067 5022 1127 5067 nos
1144 5007 1276 5068 facilem
1290 5005 1440 5081 praebere
1452 5021 1637 5077 assensum,
1653 5007 1687 5067 et
1701 5006 1772 5065 vota
1784 5011 1843 5078 qus

218 5106 392 5176 moneatis
410 5104 500 5181 ipsos
515 5102 612 5175 adid,
634 5103 812 5163 sinecesse
830 5102 1012 5179 tuerit‚per
1066 5119 1086 5163 a
1111 5105 1252 5164 rationis
1278 5103 1414 5164 tramite
1437 5118 1503 5163 non
1527 5103 1724 5164 discordant
1742 5097 1845 5161 effecto

220 5203 478 5264 subtractionem
506 5199 757 5271 beneficiorum,
788 5199 1012 5275 appellatione
1066 5200 1285 5277 prosequente
1299 5200 1476 5276 complere.
1489 5200 1685 5276 Eapropter,
1702 5194 1806 5259 dilecti
1816 5192 1844 5250 in

127 5318 141 5331 ¹
220 5299 412 5377 postposita,
430 5296 677 5373 compellentes.
695 5295 830 5367 Quodsi
843 5295 1010 5358 necsicad
1066 5288 1843 5374 Dominolilii,vestrisJustisprecibusinclinati.

218 5396 291 5457 baec
305 5396 440 5472 possent
454 5392 577 5464 induci,
601 5407 660 5453 vos
676 5393 873 5454 auctoritate
897 5394 1010 5455 nostra
1066 5410 1228 5471 personas
1255 5396 1384 5455 vestras
1412 5396 1445 5457 et
1472 5395 1580 5455 locum
1598 5393 1634 5453 in
1658 5409 1724 5470 qno
1748 5388 1845 5450 divine

218 5490 394 5555 abbatissae
409 5489 606 5567 permittatis
621 5489 739 5561 eidem,
752 5490 789 5550 ut
811 5504 926 5551 eorum
947 5489 1010 5552 be·
1065 5490 1244 5567 mancipati
1253 5490 1510 5569 estisobsequio,
1520 5482 1847 5553 cumomnibusbonis

221 5587 349 5659 noticia,
367 5603 505 5664 quorum
521 5588 561 5648 ad
578 5602 651 5649 eam
660 5586 795 5649 collatio
806 5586 927 5650 dicitur
939 5603 1012 5663 per·
1065 5604 1138 5665 quae
1158 5589 1192 5648 in
1208 5588 1463 5663 praesentiarum
1487 5585 1736 5648 rationabiliter
1752 5578 1847 5661 possi-
