3886 6214
58 344 107 407 111
654 340 883 404 muteronis.
905 340 985 403 313.
1007 342 1078 403 vn.
1314 428 1320 437 Ι
1628 344 1692 404 aaa

60 502 179 584 publica
192 499 376 573 iunctione,
396 500 546 563 violenta
568 499 755 574 exactione,
780 516 843 561 am·
895 499 1019 562 nobilis
1033 500 1105 578 ipse
1121 516 1197 563 cum
1209 499 1334 564 eisdem
1355 498 1426 563 suis
1439 500 1632 564 concivibus
1648 501 1690 562 ad

61 602 143 680 garta
167 602 200 661 et
224 598 438 675 perangaria,
470 597 653 659 secundum
671 597 795 674 legalia
810 596 843 658 et
896 597 1001 659 firmae
1024 598 1116 674 pacis
1130 599 1268 662 redierit
1285 598 1458 668 unitatem,
1481 600 1559 660 1133
1578 599 1690 661 13333

60 695 235 775 imperialia
262 695 397 763 statuta,
414 694 519 756 libera
535 697 693 771 perpetuo
706 710 843 756 consor·
896 695 937 756 de
958 695 1062 756 illatis
1077 695 1211 771 injuriis
1233 696 1264 757 31
1286 711 1469 772 congruam
1484 694 1690 758 satisfactio-

61 794 183 859 vabnnt
208 793 283 854 Non
296 792 454 857 invadent
481 790 569 854 bona
597 791 840 866 ecclesiastica3
896 808 972 854 nem
986 792 1180 869 impendant
1197 809 1320 869 :super
1331 794 1408 854 31113
1423 808 1516 863 1313,
1531 809 1604 871 3313
1615 809 1693 855 333·

62 892 111 954 sed
119 891 223 970 potius
234 905 297 967 pro
310 904 408 967 posse
419 905 492 962 suo,
503 905 618 951 eorum
629 888 842 951 invasoribus
895 889 1029 965 tingunt
1061 890 1231 965 negotium
1266 892 1496 962 memoratum,
1531 890 1691 968 inspectis

62 1005 93 1051 se
117 989 279 1065 opponent
301 986 466 1049 libertatis
492 986 742 1058 ecclesiasticae,
773 985 841 1046 tam
897 986 1047 1064 ejusdem
1069 987 1340 1059 circumstantiis,
1366 988 1547 1064 diligenter
1570 988 1688 1064 agatis,

61 1083 246 1162 lipostoiica,
266 1097 367 1160 quam
381 1082 570 1159 imperialia
587 1081 763 1159 privilegia
782 1081 841 1141 13-
896 1085 995 1161 31331
1009 1082 1191 1146 secundum
1208 1087 1311 1145 Deum
1327 1086 1515 1146 animarum
1524 1086 1593 1146 tam
1606 1072 1691 1146 cleri

62 1181 252 1244 violabiliter
288 1179 465 1242 servaturi.
504 1177 667 1241 potestati
699 1193 839 1256 quoque,
897 1196 995 1258 quam
1006 1181 1168 1243 laicorum
1181 1181 1326 1243 civitatis
1341 1183 1508 1259 praedictae
1519 1182 1619 1244 saluti
1632 1181 1689 1243 vi-

62 1278 241 1341 3333331113
254 1276 445 1354 supradicto
459 1275 519 1337 sub
535 1275 644 1338 debito
651 1274 841 1353 jnramento
896 1277 1013 1340 deritis
1029 1278 1198 1355 expedire.
1214 1278 1308 1338 Nulli
1328 1293 1409 1355 ergo
1431 1278 1565 1339 omnino
1581 1277 1691 1340 homi·

61 1375 221 1448 mandetis,
236 1373 324 1452 quod
337 1374 371 1436 et
398 1373 463 1450 ipsi
478 1373 638 1450 praedicta
653 1371 839 1444 observent,
896 1390 974 1436 num
997 1364 1097 1437 liceat
1120 1375 1206 1437 hanc
1230 1375 1386 1452 paginam
1415 1375 1538 1437 nostrae
1559 1376 1692 1452 protec-

62 1468 841 1541 3113313111131131311111313113311311,3133311111
894 1472 996 1535 tionis
1020 1471 1213 1549 intringere,
1246 1473 1299 1534 vel
1326 1471 1360 1534 31
1392 1488 1478 1533 3333
1509 1471 1689 1535 1313313113

61 1571 92 1632 in
102 1567 388 1632 constitutionibus
408 1568 554 1629 civitatis
576 1566 669 1628 nullo
694 1581 841 1644 unquam
896 1569 1074 1632 contraire.
1091 1569 1127 1631 Si
1142 1569 1216 1646 quis
1228 1570 1339 1631 autem
1352 1569 1417 1630 hoc
1432 1570 1596 1632 311331313
1608 1583 1691 1645 prae·

61 1668 194 1744 tempore
214 1664 429 1738 removenda,
454 1665 488 1726 31
510 1678 720 1726 successores
748 1664 841 1740 ipsos
896 1666 1086 1744 sumpserit,
1103 1666 1365 1742 indignationem
1383 1665 1690 1744 omnipotentisnel

60 1764 94 1825 ad
115 1779 224 1825 33133
247 1762 506 1834 observantiam,
529 1761 626 1823 etad
650 1760 840 1822 iaciendum
895 1780 934 1825 33
962 1763 1134 1825 beatorum
1162 1763 1253 1825 Petri
1280 1762 1689 1839 31Ρ331133331313133

61 1876 93 1923 ea
126 1859 295 1922 observari
324 1858 480 1921 similiter
510 1856 840 1921 13113331313111313
896 1862 968 1937 ejus
982 1876 1019 1923 33
1041 1859 1172 1922 3313111
1197 1860 1421 1921 incursurum.
1446 1860 1564 1921 Datum
1585 1860 1689 1921 Late·

60 1957 195 2019 ecclesiis
217 1958 251 2018 et
274 1957 426 2033 personis
439 1954 677 2017 ecclesiasticis
690 1954 841 2032 praedicti
894 1958 981 2029 rani,
1004 1957 1103 2018 nonis
1122 1956 1324 2045 novembris,
1347 1956 1559 2035 pontificatus
1582 1953 1690 2017 nostri

59 2055 191 2132 potestas
217 2054 252 2115 31
275 2054 420 2130 populus
449 2052 639 2125 1331113331,
656 2054 690 2114 31
708 2052 841 2114 13311131
895 2069 983 2117 3333
998 2054 1149 2132 septimo.

61 2150 370 2223 33133133113133,
395 2165 504 2227 neque
524 2149 659 2228 propter
687 2149 751 2211 hoc
777 2150 843 2210 ali·

58 2248 103 2310 oui
123 2248 312 2309 earumdem
340 2245 558 2309 ecclesiarum
573 2249 608 2310 31
621 2261 840 2324 3313333133

59 2359 224 2422 gravamen
262 2344 399 2422 aliquod
430 2344 597 2417 inierant,
633 2344 687 2407 vel
724 2343 840 2405 11113111

59 2442 252 2519 amitant,
290 2456 351 2502 sou
379 2441 566 2504 1113111311
600 2443 660 2503 aut
698 2441 840 2503 suntra-
1247 2402 1339 2489 ΧΙΧ
1632 2506 1646 2529 ,

59 2538 127 2601 beni
148 2543 227 2618 tura
253 2538 494 2611 ecclesiastica,
525 2538 597 2601 sive
624 2537 765 2600 diminui
786 2538 841 2600 vel
954 2552 1008 2612 Aa
1020 2550 1177 2613 abbatem
1195 2551 1230 2613 et
1250 2550 1458 2614 conventum
1481 2552 1632 2613 60013333

60 2636 195 2699 subtrahi
217 2636 398 2714 patientur.
426 2636 519 2700 Licet
543 2637 653 2698 autem
677 2651 737 2713 per
755 2635 840 2697 31133
1027 2649 1165 2711 ,ςωωιω
1177 2650 1305 2711 Marta
1321 2651 1362 2710 ae
1382 2648 1557 2724 mmmm,

57 2732 170 2796 litteras
186 2734 403 2796 transmissas
419 2733 491 2806 tibi,
509 2733 677 2811 episcope,
697 2732 840 2794 manda·
1152 2779 1185 2835 ll
1201 2778 1324 2836 novemb
1349 2779 1419 2837 m,

58 2832 198 2905 venimus,
221 2832 313 2903 3111,
337 2831 611 2909 quianctoritate
634 2832 749 2892 333113
762 2830 841 2892 sunt
1165 2860 1169 2865 ·
1327 2821 1334 2835 “
1369 2821 1384 2836 ”
1422 2819 1429 2834 '

58 2929 395 2992 excommunicationis
431 2927 565 2990 vinculo
596 2927 765 3001 innodati,
796 2926 838 2988 ad

58 3028 190 3087 1331133
215 3026 426 3088 mitterentur
461 3024 698 3103 praeentiam,
728 3022 841 3086 absol·
894 3024 1688 3098 11331313111133,3333331333133313313333333-

58 3123 156 3194 vendi,
179 3123 390 3185 attendentes
412 3123 536 3189 tamen,
557 3121 642 3199 quod
665 3121 840 3183 memorati
929 3115 992 3173 terii
1007 3114 1187 3174 cassinensis
1204 3113 1240 3171 ad
1254 3128 1354 3172 eorum
1368 3122 1465 3186 331133
1479 3113 1611 3172 duxerint
1622 3114 1688 3173 des·

59 3219 168 3282 lucani
181 3235 315 3297 semper
328 3220 364 3281 in
387 3219 563 3282 devotione
578 3219 674 3281 Sedis
695 3220 837 3296 aposto-
928 3202 1073 3303 ttiflssdffl»
1088 3201 1211 3260 ¹¹⁰¹1⁰⁸i0
1223 3201 1362 3275 recipiant
1380 3202 1491 3276 illisque
1505 3200 1689 3261 (11101θοὓο-

59 3313 121 3380 lica
146 3318 373 3394 perstiterunt,
402 3332 601 3395 quamquam
627 3331 734 3393 nuper
748 3316 840 3393 ipsos
928 3290 1019 3350 dmm·

57 3412 92 3473 ab
111 3430 148 3477 ea
169 3415 360 3478 seducendo
384 3413 582 3476 subduxerit
605 3414 774 3486 inimicus,
800 3429 840 3476 ac
934 3415 1102 3479 Honorius
1112 3416 1300 3494 episcopus,
1310 3432 1427 3479 servus
1435 3432 1607 3480 servorum
1617 3416 1689 3490 bei,

59 3509 191 3574 volentes
209 3512 325 3575 mitius
333 3527 434 3588 agere
444 3527 517 3573 cum
533 3511 658 3572 eisdem
670 3510 754 3588 ipsis
767 3527 841 3587 gra·
893 3513 1025 3576 dilectis
1046 3513 1126 3575 tiliis
1151 3513 1263 3576 abbati
1286 3515 1320 3576 et
1338 3514 1518 3577 conventui
1539 3513 1690 3577 ecclesiae

60 3607 129 3669 11313
150 3609 322 3685 iaciendo;
348 3610 503 3671 volumus
525 3609 560 3672 et
577 3607 786 3680 mandamus,
804 3611 841 3671 ut
896 3612 1027 3673 Sanctae
1053 3612 1171 3673 Mariae
1199 3611 1240 3672 de
1270 3611 1443 3688 Virgictis,
1481 3612 1621 3674 salutem
1658 3611 1694 3674 31

1004 2899 1128 2964 [6311313
1141 2900 1204 2969 illst.
1217 2900 1276 2951 abb.
1287 2900 1396 2960 Cassin,
1404 2905 1424 2949 t.
1435 2901 1467 2962 ll,
1478 2916 1505 2966 p.
1513 2899 1582 2966 tan]

60 3704 271 3769 antummodo
290 3706 470 3769 violatores
487 3721 658 3768 sacrorum
674 3706 838 3778 locorum,
894 3708 1117 3785 apostolicam
1132 3708 1410 3771 benedictionem.

58 3804 87 3862 et
97 3803 205 3865 altaris
222 3804 390 3883 praecipue
401 3804 531 3866 Sanctae
540 3804 713 3875 Crucis,ac
725 3818 840 3865 eorum
935 3805 1085 3878 Qualiter
1124 3806 1221 3867 bonae
1253 3806 1423 3867 33133113
1455 3808 1505 3879 11,,
1536 3804 1625 3867 111311
1654 3806 1688 3865 S.

59 3901 242 3975 consiliarii,
257 3916 320 3963 nec
332 3917 398 3963 333
413 3901 612 3979 spoliatores
626 3900 838 3973 clericorum,
896 3903 1060 3964 Suzannae
1079 3902 1253 3980 presbyter
1269 3902 1463 3973 cardinalis,
1486 3901 1521 3962 13
1542 3900 1692 3978 partibus

58 4009 92 4057 ac
103 3998 148 4060 1111
159 4000 262 4061 etiam
277 4000 336 4076 qui
353 4000 503 4075 tempore
515 3998 664 4059 Parentii
679 3998 840 4059 officiales
896 4000 1067 4062 1133331311
1088 3998 1401 4076 apostolicaesedis
1421 3999 1560 4075 legatus,
1583 3997 1692 4060 eccle-

58 4097 150 4169 erant,
175 4113 252 4160 333
277 4096 507 4174 spoliaverint,
538 4111 600 4157 nec
622 4095 841 4157 custodierint
895 4096 980 4158 siam
993 4097 1139 4159 vestram
1160 4095 1692 4159 33333131133331313111113331-

58 4193 217 4268 eoclesias,
254 4194 296 4255 ad
334 4195 485 4256 nostram
517 4193 732 4270 praeentiam
765 4209 839 4254 cum
895 4195 1002 4266 nemsi,
1017 4196 1114 4270 cujus
1128 4193 1378 4255 concessionem
1389 4193 1589 4255 auctoritate
1597 4191 1694 4254 duxi·

57 4291 164 4352 1331113
179 4292 312 4363 11113113,
329 4306 548 4368 3313333133
558 4292 592 4352 31
602 4290 734 4351 viarum
748 4305 841 4351 secu·
895 4307 968 4352 mus
976 4291 1166 4367 apostolica
1180 4291 1453 4363 confirmandam,
1467 4291 1591 4362 vestra,
1604 4291 1694 4354 sicut

58 4385 142 4449 ritate
152 4389 278 4461 hahita,
290 4388 571 4451 transmittantur.
583 4388 752 4449 Praeterea
765 4402 839 4449 cum
895 4388 1071 4461 credimus,
1087 4387 1243 4450 discretio
1272 4404 1339 4450 non
1362 4388 1507 4464 ignorat.
1523 4388 1604 4449 Inde
1626 4389 1688 4461 est,

59 4497 145 4562 33331
179 4486 412 4549 satisiactiome
451 4485 648 4546 damnorum
686 4484 840 4546 iacienda
895 4486 981 4563 quod
1005 4486 1258 4547 universitatem
1281 4487 1427 4547 vestram
1447 4500 1620 4547 monemus
1635 4487 1692 4547 31·
1722 4506 1728 4515 ·

58 4580 149 4644 nobili
162 4585 235 4647 viro
248 4587 314 4646 G...
330 4586 464 4645 Lucano
475 4583 552 4654 civi,
569 4582 732 4659 speciales
746 4580 840 4643 vobis
895 4583 1020 4645 tentius
1045 4583 1079 4644 et
1097 4583 1281 4654 hortamur,
1305 4598 1365 4660 per
1384 4583 1576 4659 apostolica
1594 4582 1691 4644 vohis

58 4675 174 4743 11113133
196 4682 415 4752 destinemus,
437 4696 508 4753 nos,
526 4679 582 4757 qui
601 4682 754 4741 tenemur
768 4681 840 4756 ejus
895 4680 1020 4757 scripta
1040 4678 1691 4757 33311331333331333311133,13333111-

59 4778 206 4856 3133313,
218 4779 277 4857 qui
289 4778 445 4855 33133313
459 4768 589 4839 amator
603 4778 763 4839 31333131
776 4791 840 4853 pa·
895 4776 1048 4840 1331111111
1063 4775 1165 4837 abbas
1185 4777 1219 4838 31
1241 4778 1423 4838 conventus
1448 4776 1528 4839 dicti
1551 4791 1689 4838 133333-

58 4872 108 4946 313,
128 4877 267 4938 33331113
293 4876 442 4952 cogitare
463 4875 624 4946 volentes,
655 4875 693 4937 ut
715 4873 838 4936 habitae
894 4874 972 4936 terii
992 4874 1032 4935 ad
1054 4875 1166 4951 partes
1185 4874 1316 4936 vestras
1338 4873 1496 4935 duxerint
1521 4873 1693 4935 destinan-

58 4968 133 5033 inter
153 4973 305 5035 eumdem
330 4971 475 5035 nobilem
503 4987 543 5033 ac
569 4970 729 5048 quosdam
751 4971 838 5033 alios
894 4973 964 5044 dos,
985 4971 1185 5048 recipientes
1199 4971 1338 5033 honeste
1359 4972 1392 5032 et
1415 4970 1598 5033 honorifice
1613 4986 1692 5047 per·

59 5069 196 5132 concives
213 5086 294 5131 suos
307 5069 504 5142 inimicitiae,
520 5084 594 5146 quae
606 5068 755 5130 31311333
769 5068 838 5129 hu·
894 5070 1086 5140 tractantes,
1115 5068 1250 5129 illorum
1278 5068 1413 5130 monitis
1455 5069 1488 5130 et
1526 5067 1691 5129 mandatis

56 5164 103 5237 jus
113 5166 284 5229 discordiae
299 5166 476 5228 occasione
486 5164 652 5234 dicuntur,
664 5180 708 5227 ex
722 5165 841 5242 hujus-
894 5165 1056 5228 obediatis
1070 5164 1242 5226 humiliter
1261 5167 1294 5227 et
1316 5166 1443 5228 devote.
1456 5165 1574 5226 Datum
1587 5164 1690 5225 Lam·

58 5262 839 5335 331133113133113331331133131,3313333133
894 5262 981 5336 rami,
1006 5265 1066 5325 XV
1080 5261 1241 5324 kalendas
1260 5261 1458 5335 decembris,
1479 5260 1691 5339 pontificatus
1793 5282 1798 5289 ⁴

59 5355 318 5424 insatiiactionis
343 5361 431 5424 sacto
452 5361 647 5438 procedere,
667 5360 733 5422 nisi
747 5361 839 5438 prius
894 5360 1002 5423 nostri
1014 5375 1103 5422 anno
1119 5360 1270 5437 septime.
