3972 6204
242 318 303 388 dlv
856 323 1034 384 HONORII
1053 324 1100 383 111
1120 324 1268 385 OPERA.
1821 329 1882 388 948

244 484 319 546 rent
334 498 393 546 eas
415 483 455 546 ad
479 482 514 544 ld
536 481 678 544 sollicite
698 479 896 543 inducendo.
911 482 1034 543 verum
1088 481 1294 555 mandamus,
1309 484 1523 561 quarendus
1537 484 1633 547 vobis
1643 487 1694 548 sic
1705 500 1884 548 essecoas

244 580 401 658 quoniam
416 579 636 643 sicutnostris
661 579 712 641 est
736 577 873 639 auribus
895 578 1033 639 intima·
1087 579 1203 652 titerit,
1220 579 1325 642 dictos
1352 581 1505 642 homines
1528 583 1602 644 utut
1615 598 1676 660 per
1696 583 1883 644 communis

243 678 314 740 tum
331 678 418 739 inira
434 678 610 739 terminum
625 676 844 753 praetaxatum
866 676 954 737 inter
976 690 1035 737 vos
1089 675 1236 738 collectae
1252 677 1435 738 subsidium
1457 680 1661 741 moderatum
1678 679 1721 739 ad
1737 678 1883 739 solutio-

246 775 422 837 concordia
437 790 503 836 non
521 773 627 851 potuit
649 773 835 844 reformari,
861 787 921 834 nos
936 772 1035 833 duem
1090 789 1164 833 nem
1180 772 1369 850 hujusmodi
1383 775 1579 843 debitorum,
1599 776 1717 836 saltem
1731 776 1794 835 bac
1807 775 1886 835 vice

246 872 360 934 litibus
392 873 563 948 imponere
600 871 783 946 cupientes,
823 869 1036 931 universitati
1089 869 1275 932 liberaliter
1288 872 1369 947 ipsis
1383 872 1592 943 subveniant,
1603 872 1786 932 monitione
1796 887 1886 947 prae-

245 971 365 1030 vestre
391 985 451 1045 per
463 969 655 1045 apostolica
681 967 806 1043 scripta
827 967 1034 1037 mandamus,
1090 968 1191 1028 missa
1206 983 1454 1044 percensuram
1475 969 1747 1040 ecclesiasticam,
1768 969 1886 1044 appel-

246 1069 410 1144 quatenus
421 1081 525 1142 usque
537 1066 578 1125 ad
586 1064 801 1134 dominicam,
810 1080 874 1140 qua
884 1066 1037 1124 cantatur
1090 1064 1214 1126 latione
1228 1066 1367 1137 remota,
1384 1067 1522 1142 cogatis.
1536 1067 1629 1137 Quod
1644 1066 1673 1126 si
1687 1081 1757 1125 uon
1769 1080 1885 1126 omnes

246 1161 1038 1238 LaetcreJerusclem,quamvobisetdictodeca·
1091 1161 1145 1222 bis
1168 1162 1388 1238 exsequendis
1416 1163 1590 1238 ponemus
1615 1162 1792 1229 interesse,
1820 1160 1885 1220 duo

248 1277 291 1321 uo
302 1261 478 1321 terminum
491 1260 701 1333 assignamus
712 1258 1035 1327 cuminstrumentis,
1091 1258 1758 1337 vestrumeanibilominusexsequantur.
1766 1260 1887 1319 Datum

247 1358 282 1418 et
293 1356 369 1417 aliis
380 1355 808 1432 adcausampertineutibus
821 1356 1038 1417 memoratam
1092 1357 1206 1428 Reate,
1229 1355 1305 1417 idus
1325 1356 1525 1429 novembrio,
1552 1353 1887 1435 ponuucatusnusui

248 1454 361 1515 nostro
387 1468 446 1515 vos
466 1453 656 1529 conspectui
676 1453 882 1529 praesentetis
903 1452 1038 1514 eubibi·
1093 1467 1181 1514 anno
1196 1453 1334 1515 decimo.

248 1550 316 1611 turi
326 1553 396 1626 jam
411 1548 498 1611 dicto
522 1549 657 1620 decano,
688 1550 721 1611 et
743 1549 911 1625 recepturi
931 1548 972 1609 ab
999 1563 1039 1610 eo

249 1662 350 1723 super
370 1645 551 1723 praemissis
565 1645 651 1723 quod
674 1646 754 1708 ordo
772 1645 948 1707 dictaverit
976 1659 1037 1706 ra-
1443 1664 1536 1761 LIII

248 1743 361 1805 tionis.
395 1743 551 1819 Alioquin
584 1744 707 1805 extunc
733 1743 769 1803 in
799 1742 872 1819 ipso
907 1742 1040 1818 negotio

249 1842 408 1916 quantum
438 1840 478 1901 de
501 1843 587 1917 jnre·
603 1840 784 1916 poterimus
812 1839 1038 1916 procedemus.
1147 1818 1199 1877 Ad
1213 1819 1401 1878 Arfflldum
1413 1818 1568 1878 abbatem
1582 1816 1615 1878 θῑ
1629 1818 1842 1878 ⁰07²v0’222‘m

249 1938 367 1998 Datum
388 1938 555 2010 Laterani,
579 1938 696 1999 vidus
724 1936 924 2009 novembris,
952 1952 1040 1998 anno
1304 1915 1340 1974 S·
1356 1914 1457 1974 Petri
1471 1916 1674 1975 &andem-

249 2033 388 2096 (¹0⁰im0·
1354 2043 1387 2099 ld
1397 2041 1530 2100 novemb.
1546 2042 1624 2100 llas.

1127 2165 1274 2230 [Lockerem
1285 2164 1390 2215 Chartae
1399 2170 1424 2215 et
1435 2166 1495 2216 Doc.
1504 2165 1535 2214 de
1546 2165 1687 2225 scriem,
1701 2166 1721 2224 l,
1735 2166 1777 2223 ὤ,
1790 2165 1860 2229 m]

608 2239 682 2326 1²ss
1096 2290 1145 2348 Eis
1156 2289 1285 2346 concedit
1299 2297 1330 2346 ut
1348 2292 1377 2346 in
1402 2289 1486 2348 bonis
1500 2298 1649 2363 pareutum
1675 2290 1790 2346 illorum
1818 2304 1892 2361 quos

251 2408 466 2469 Adappatem
481 2409 514 2469 et
526 2411 684 2482 priorem
694 2410 730 2469 S,
741 2407 906 2479 praejecti
918 2407 952 2467 ep
969 2406 1043 2467 ωε,
1130 2377 1235 2435 dictum
1249 2379 1453 2435 monasterium
1465 2377 1500 2435 de
1514 2386 1618 2436 caetero
1629 2379 1738 2434 intrare
1755 2379 1889 2450 confige-

288 2508 493 2566 wurarpum
529 2507 564 2567 g·
602 2505 756 2570 Quinum·
800 2506 1042 2567 Noviomemis
1131 2468 1176 2535 rit,
1200 2467 1261 2523 sive
1281 2481 1318 2523 ex
1340 2472 1511 2523 testamento
1524 2468 1586 2523 sive
1610 2465 1646 2523 ab
1659 2467 1796 2524 intestato
1819 2467 1891 2538 ipsis

290 2604 456 2663 mmsis·
760 2548 767 2576 ’
1132 2555 1323 2627 provenerint,
1339 2556 1492 2611 succedere
1503 2555 1622 2627 possint.

510 2697 543 2754 13
558 2695 691 2753 novemb.
709 2695 788 2753 luas.
1105 2716 1107 2721 >
1135 2691 1301 2752 Honorius
1312 2690 1496 2768 episcopus,
1508 2705 1808 2750 servusservorum
1817 2689 1887 2761 Dei,

252 2825 667 2890 [uoeueroaoumassnoeae
682 2824 1040 2889 superessemus]
1096 2788 1225 2850 dilectis
1254 2788 1334 2848 liliis
1365 2786 1475 2847 abbati
1507 2788 1541 2849 θῑ
1565 2787 1746 2848 0⁰¹¹V⁰¹¹tffl
1776 2786 1888 2847 Μαί

1097 2885 1187 2946 Petri
1202 2884 1397 2955 (laudensis,
1408 2883 1548 2946 salutem
1559 2887 1592 2945 et
1601 2882 1890 2959 apostolieambe-

251 2962 302 3017 Eis
316 2960 434 3018 mandat
448 2969 478 3018 ut
487 2961 735 3035 cogantbomines
747 2961 913 3017 monasterii
926 2959 953 3016 S.
968 2960 1042 3016 Petri
1096 2982 1328 3043 nedictionm

287 3049 446 3109 Gandcnsis
460 3051 541 3123 gravi
560 3064 647 3106 onere
663 3048 822 3106 debitorum
841 3046 996 3119 suppressi,
1012 3054 1043 3103 ut
1136 3081 1186 3140 Ex
1199 3078 1292 3155 parte
1306 3078 1417 3139 vestm
1431 3078 1479 3137 fui

286 3151 337 3209 per
359 3139 520 3196 communis
547 3138 673 3194 collectae
688 3135 844 3193 subsidium
865 3134 1042 3192 moderatum

286 3224 323 3281 ad
344 3226 515 3283 solutionem
531 3224 693 3297 hujusmodi
717 3223 876 3282 debitorum
902 3221 996 3279 abbati
1014 3230 1043 3279 et

285 3314 438 3370 conventui
448 3313 514 3371 dicti
523 3313 687 3370 monasterii
700 3312 852 3369 liberaliter
860 3309 1040 3368 subveniant.

1481 3077 1601 3139 inobis
1615 3078 1792 3139 humiliter
1804 3094 1886 3154 sup-

1095 3175 1254 3252 plicatum
1270 3176 1315 3246 ut,
1332 3191 1407 3235 cum
1430 3174 1632 3235 anenuullis
1654 3174 1825 3235 nobilibus
1851 3190 1888 3235 ac

1097 3272 1174 3332 aliis
1187 3271 1277 3331 illius
1289 3271 1480 3347 piovinciae,
1493 3286 1594 3347 super
1605 3271 1798 3347 receptione
1810 3271 1889 3331 lilio

1096 3384 1170 3428 rum
1185 3384 1320 3429 suorum
1339 3368 1578 3429 monasterium
1593 3369 1742 3429 vestrum
1766 3368 1811 3428 sit
1823 3369 1887 3427 mi-

290 3468 458 3527 Honorius
467 3467 653 3543 episcopus,
665 3481 781 3526 servus
790 3479 960 3526 servorum
969 3463 1040 3534 Dei,
1097 3465 1186 3526 nime
1201 3466 1416 3540 aggravatum
1437 3466 1470 3526 et
1496 3464 1587 3525 adid
1615 3466 1690 3541 post
1711 3464 1887 3524 multarum

250 3561 381 3623 dilectis
394 3563 471 3624 liliis
486 3562 598 3624 abbati
608 3563 641 3625 et
653 3563 756 3639 priori
770 3563 882 3622 Sancti
891 3561 1043 3638 Praejecti
1097 3578 1232 3640 precum
1261 3562 1455 3623 instantiam
1485 3561 1705 3638 compellatur
1732 3562 1771 3622 in
1795 3561 1889 3622 bonis

252 3660 285 3720 et
296 3659 506 3721 thesaurario
518 3660 631 3721 Sancti
642 3660 800 3730 (luvintini,
811 3657 1042 3719 Noviomensis
1098 3660 1272 3737 parentum
1297 3658 1443 3729 illorum,
1466 3674 1548 3735 quos
1572 3658 1698 3721 dictum
1724 3662 1891 3720 monaste-

252 3756 417 3829 dioecesis,
432 3757 573 3819 salutem
598 3758 632 3819 et
644 3756 868 3833 apostolicam
883 3754 1042 3816 benedic·
1099 3757 1186 3817 rium
1202 3755 1242 3817 de
1262 3757 1382 3817 caetero
1410 3756 1537 3817 intrare
1554 3755 1744 3832 contigerit,
1766 3758 1838 3816 sive
1850 3771 1891 3816 ex

251 3854 387 3916 tionem.
1098 3853 1295 3913 testamento
1310 3852 1381 3912 sive
1397 3851 1438 3912 ab
1454 3852 1611 3914 intestato
1629 3854 1714 3928 ipsis
1728 3868 1892 3928 provene-

291 3955 341 4012 ΕΚ
359 3953 454 4028 parte
479 3950 676 4012 dilectorum
700 3949 843 4010 liliorum
859 3947 988 4009 abbatis
1012 3952 1044 4009 et
1098 3950 1177 4021 rint,
1194 3949 1294 4010 liceat
1307 3947 1401 4010 vobis
1416 3951 1580 4025 quatenus
1599 3964 1619 4009 a
1634 3952 1714 4025 jure
1728 3950 1892 4026 permitti-

252 4048 434 4109 conveutus
462 4047 657 4108 monasterii
689 4046 802 4107 Sancti
831 4045 922 4107 Petri
950 4048 1044 4106 Gau·
1101 4049 1155 4106 tur
1165 4046 1362 4107 auctoritate
1376 4045 1491 4106 nostra
1507 4044 1686 4106 succedere
1715 4062 1821 4107 acea
1848 4046 1891 4105 li-

251 4144 363 4204 densis
378 4144 441 4204 luit
454 4144 550 4205 nobis
562 4143 735 4204 humiliter
756 4142 988 4219 supplicatum,
1005 4143 1042 4202 ut
1099 4142 1342 4203 beraretinere.
1359 4142 1428 4202 Nos
1439 4157 1518 4218 ergo
1528 4141 1679 4203 volentes
1693 4144 1731 4205 ut
1740 4159 1802 4219 per
1811 4158 1890 4220 quos

252 4256 326 4303 cum
341 4240 514 4318 praelatum
528 4241 765 4302 monasterium
775 4254 835 4315 pro
847 4239 970 4300 tuenda
980 4239 1046 4299 vil·
1100 4240 1223 4301 dictum
1254 4239 1493 4300 monasterium
1523 4241 1693 4307 oneratur,
1719 4241 1752 4300 ei
1781 4239 1890 4316 aliqua

251 4337 358 4398 larum
388 4340 421 4400 et
451 4338 621 4399 bominum
657 4337 805 4413 ejusdem
849 4335 1045 4398 monasterii
1099 4336 1297 4399 humilitatis
1311 4336 1431 4398 solatia
1444 4335 1668 4408 conterantur,
1694 4338 1890 4398 auctoritate

252 4435 416 4509 libertate,
448 4436 565 4498 contra
592 4450 690 4511 quam
718 4433 898 4511 plurimum
923 4435 1044 4510 poten·
1099 4432 1193 4495 vobis
1226 4433 1441 4509 praesentium
1471 4433 1684 4494 concedimus
1712 4434 1890 4509 postulatu,

251 4532 345 4605 tium,
358 4533 415 4610 quii
431 4548 504 4593 eam
518 4531 702 4608 infringere
716 4532 840 4593 temere
864 4545 1047 4607 praesume-
1100 4528 1202 4591 salvis
1219 4529 1354 4590 illorum
1369 4528 1515 4591 servitiis
1537 4529 1577 4590 ad
1594 4545 1677 4606 quos
1689 4545 1731 4591 ea
1744 4546 1890 4591 noscun-

252 4628 343 4703 bant,
371 4645 412 4691 ac
439 4629 516 4691 aliis
542 4628 691 4705 ejusdem
715 4627 910 4689 monasterii
934 4627 1045 4689 causis
1099 4628 1330 4703 turjuraJure
1352 4625 1489 4687 dominii
1504 4626 1684 4703 pertinere.
1706 4628 1803 4688 Nulli
1815 4642 1891 4702 ergo

251 4726 452 4789 necessariis
467 4727 563 4803 gravi
578 4726 622 4787 sit
637 4739 830 4802 oppressum
842 4740 943 4786 onere
958 4723 1046 4786 debi·
1100 4724 1235 4785 omnino
1248 4722 1418 4783 bominum
1429 4723 1529 4784 liceat
1540 4723 1627 4784 banc
1641 4725 1803 4800 paginam
1817 4741 1893 4786 nos-

251 4824 373 4897 torum,
390 4824 566 4886 subvenire
581 4824 630 4883 eis
646 4838 705 4899 per
715 4821 920 4882 moderatum
933 4821 1044 4883 homi·
1099 4822 1159 4882 trae
1190 4818 1415 4881 concessionis
1448 4819 1632 4895 infringere
1658 4822 1711 4882 vel
1747 4824 1780 4883 ei
1812 4838 1892 4883 ausu

253 4917 1046 4995 uumsuorumsubsidium,paternaprovidentia
1100 4917 1278 4979 temerario
1304 4916 1482 4978 contraire.
1513 4918 1549 4977 Si
1578 4919 1654 4994 quis
1687 4920 1801 4981 autem
1833 4920 1893 4980 boc

253 5019 449 5081 faceremus.
467 5021 574 5089 Quum
595 5017 698 5092 igilur
718 5016 853 5091 dignum
878 5016 922 5077 sit
946 5016 982 5077 ut
1005 5014 1046 5075 ab
1101 5015 1266 5077 attentare
1280 5014 1529 5091 praesumpserit
1541 5014 1809 5090 indignationem
1824 5032 1893 5078 om·

253 5116 307 5177 his
331 5117 419 5178 dicto
441 5113 642 5177 monasterio
657 5112 693 5173 in
715 5114 816 5175 tantae
838 5112 1047 5174 necessitatis
1101 5110 1282 5188 nipotentis
1307 5110 1366 5171 Dei
1388 5113 1423 5172 et
1442 5109 1614 5172 beatorum
1637 5113 1731 5174 Petri
1746 5116 1782 5175 et
1801 5112 1892 5174 Pauli

254 5212 472 5275 subveniatur
499 5210 652 5281 articulo,
682 5224 741 5287 pro
775 5209 895 5287 quibus
924 5209 1047 5270 dictum
1102 5208 1327 5285 apostolorum
1348 5209 1420 5284 eius
1449 5223 1487 5267 se
1513 5208 1646 5269 noverit
1669 5210 1889 5271 incursurum.

255 5309 400 5371 debitum
410 5309 516 5371 fertur
524 5324 583 5385 pro
597 5306 715 5382 majori
724 5308 817 5383 parte
828 5306 1045 5377 contractum,
1101 5307 1220 5366 Datum
1236 5304 1351 5376 Reate,
1367 5304 1442 5364 idus
1458 5305 1662 5379 novembris,
1683 5307 1889 5383 pontificatus

256 5405 449 5469 discretioni
475 5408 596 5468 vestrae
620 5419 680 5482 per
706 5402 896 5481 Apostolica
925 5402 1047 5480 scripta
1101 5402 1209 5464 nostri
1219 5416 1308 5463 anuo
1319 5400 1458 5465 decimo.
