3972 6204
260 326 324 389 875
874 327 1051 391 noscitu
1071 330 1118 390 111
1139 328 1286 392 OPERA.

259 483 326 546 nisi
346 486 494 549 Romano
513 485 661 562 pontifici
681 484 864 565 subjacere,
888 487 1051 566 quatenus
1105 486 1163 565 qui
1189 486 1277 550 dona
1310 486 1387 555 tua,
1416 486 1496 564 quin
1522 486 1591 549 imo
1617 484 1745 548 terram
1768 484 1890 562 ipsam,
1968 490 1969 531 i

258 581 374 643 eadem
389 583 516 644 colonis
540 578 638 645 citius
661 582 866 660 impleretur,
889 600 1051 663 suumque
1105 584 1202 661 quasi
1215 585 1363 661 plantam
1376 585 1480 656 tuam,
1494 582 1667 645 beneflciis
1681 583 1799 659 rigare
1811 597 1892 643 con-

258 678 412 740 meritum
423 695 462 741 so
470 680 570 741 altius
579 680 741 757 surgeret,
754 696 818 758 quo
826 681 949 742 donum
957 685 1050 744 tuum
1104 682 1207 743 tinuis
1221 683 1255 744 et
1268 697 1334 744 uon
1357 680 1548 758 hujusmodi
1572 678 1845 758 oppressionibus
1862 678 1893 741 et

257 778 368 837 Terras
380 778 509 838 Sanctae
520 777 655 839 uberius
665 778 875 855 proveniret3
892 778 1051 856 trequen—
1106 778 1238 855 injuriis
1275 780 1341 841 tuae
1380 778 1591 841 liberalitatis
1623 777 1781 840 meritum
1811 776 1893 853 apud

256 874 309 934 ter
323 875 431 935 autem
444 874 592 951 ipsorum
614 874 752 936 fratrum
766 876 945 952 recipimus
969 891 1051 954 que-
1105 877 1209 937 Deum
1218 875 1414 938 ethomiues
1427 874 1614 952 denigrare.
1627 874 1893 950 Quanquamboc

258 969 446 1042 rimoniam,
472 971 558 1048 quod
583 972 673 1049 ipsos
698 989 799 1049 super
819 975 910 1035 terra
935 974 1050 1034 eadem
1104 987 1313 1050 nequaquam
1327 973 1511 1035 clementias
1525 973 1592 1034 tue
1606 970 1805 1048 imputanda
1818 985 1892 1031 cre-

1837 324 1891 387 8¹1⁶

257 1062 434 1144 inquietas,
451 1069 485 1130 et
500 1068 690 1147 frequenter
705 1069 765 1133 tibi
787 1086 887 1147 super
911 1070 974 1131 boc
997 1070 1051 1131 di·
1105 1068 1233 1141 damus,
1263 1070 1322 1131 sed
1352 1069 1462 1146 potius
1488 1068 1602 1146 pravis
1624 1067 1892 1144 suggestionibus
1968 1076 1969 1163 j

257 1165 406 1226 reximus
421 1167 544 1243 scripta
559 1169 684 1240 nostra,
708 1170 865 1243 rogantes
880 1170 913 1229 et
927 1167 1051 1228 exhor·
1105 1166 1337 1243 malignum,
1350 1167 1408 1244 qui
1421 1167 1573 1228 ridentes
1587 1164 1762 1243 prefatam
1773 1168 1893 1226 terram
1968 1174 1969 1185 ¹

256 1263 376 1335 tentes,
394 1264 431 1325 ut
443 1279 543 1341 super
556 1263 619 1327 boc
631 1264 1049 1342 abeoruminquietatione
1104 1279 1164 1341 per
1184 1264 1380 1326 immensum
1396 1263 1559 1325 dictorum
1584 1262 1726 1324 fratruum
1751 1261 1893 1323 studium

256 1358 444 1433 desisteres,
460 1362 540 1438 quin
561 1362 640 1431 imo,
657 1362 744 1425 sicut
767 1361 888 1424 honori
912 1358 970 1423 tuo
982 1376 1049 1423 ex·
1105 1359 1296 1437 proiecisse,
1313 1358 1614 1438 aoejuscupldine,
1626 1358 1809 1422 venenosis
1821 1373 1894 1419 sua·

256 1456 347 1533 pedit
360 1460 393 1518 et
414 1457 512 1520 saluti
528 1458 630 1535 ipsos,
658 1472 718 1535 pro
732 1458 921 1521 reverentia
934 1457 1049 1521 diviua
1104 1456 1252 1518 sionibus
1277 1459 1311 1520 te
1345 1456 1548 1532 accendunt3
1573 1472 1640 1518 non
1674 1455 1891 1526 attendentes,

256 1554 290 1614 et
303 1555 428 1622 nostra.
445 1553 642 1617 ostenderes
654 1557 688 1617 et
701 1554 842 1617 faveres.
855 1557 969 1633 Nuper
983 1570 1048 1616 au·
1104 1552 1190 1632 quod
1205 1555 1290 1615 nibil
1303 1554 1469 1617 veraciter
1482 1553 1637 1625 retinent,
1653 1553 1722 1613 nisi
1743 1551 1834 1630 quod
1855 1550 1893 1612 li-

255 1651 321 1710 tem
337 1652 505 1727 querelam
521 1651 710 1714 eorumdem
727 1652 924 1731 recepimus,
941 1652 1051 1716 contl-
1102 1650 1277 1714 beralitate
1300 1651 1452 1714 donatur.
1486 1650 1608 1727 Magna
1643 1649 1781 1728 quidem
1809 1649 1890 1720 sunt,

255 1748 389 1808 nentem
414 1748 500 1825 quod
528 1751 563 1810 iu
586 1749 802 1826 quorumdam
827 1750 1048 1826 malignorum
1103 1764 1177 1826 quae
1190 1748 1310 1811 dedisti
1324 1748 1482 1811 iratribus
1494 1747 1754 1819 antedictis,sed
1768 1744 1894 1808 cer-tesi

256 1843 417 1906 instinctu
441 1844 565 1907 terram
594 1844 699 1924 ipsam
724 1847 757 1908 in
773 1847 891 1923 grauffl
906 1850 940 1909 et
954 1846 1048 1923 gravi
1103 1845 1221 1908 devota
1235 1846 1448 1909 meditatione
1460 1844 1666 1923 pensaveris,
1679 1842 1893 1921 quammulta
1968 1828 1969 1865 ³

255 1938 403 2017 equitum
434 1943 648 2005 multitudine
686 1940 865 2016 intravisti,
899 1945 1049 2021 adeoque
1103 1944 1136 2005 et
1155 1958 1275 2020 magna
1299 1943 1440 2005 eontulit
1459 1941 1521 2003 tibi
1541 1942 1663 2003 divina
1688 1940 1893 2002 immensitas
1968 2000 1969 2003 ,

245 2040 403 2113 gravasti
423 2039 542 2102 batres
567 2041 668 2118 ipsos,
696 2042 730 2103 et
755 2054 872 2103 eorum
898 2041 1049 2103 homiues
1102 2040 1278 2116 largitatis,
1304 2056 1370 2102 non
1393 2055 1515 2117 magna
1536 2038 1720 2117 reputabis,
1746 2054 1824 2115 quae
1844 2036 1893 2114 pie

255 2135 484 2199 exactionibus
500 2150 539 2198 ac
552 2138 719 2215 expensis,
736 2138 821 2215 quod
843 2138 893 2200 eis
911 2132 1048 2199 damni·

255 2231 364 2293 dcatis
378 2233 419 2294 ad
434 2234 613 2296 valentiam
627 2235 720 2297 millo
735 2248 923 2297 marcarum
937 2237 971 2298 et
994 2235 1050 2295 ul·

254 2330 318 2400 tra,
333 2329 457 2391 terram
472 2331 590 2408 ipsam,
606 2346 704 2409 quam
726 2346 801 2393 cum
816 2333 920 2394 multo
932 2345 1049 2409 perso·

253 2440 372 2487 uarum
396 2428 430 2488 et
452 2442 563 2489 rerum
589 2426 762 2506 dispendio
795 2429 1047 2507 populaverant,

254 2523 305 2583 eis
316 2525 350 2584 et
363 2525 427 2600 ipsi
442 2524 554 2587 Terrae
568 2528 700 2589 Sanctae
718 2540 802 2603 pene
817 2526 949 2604 penitus
971 2526 1049 2587 inu-

254 2618 347 2682 tilem
362 2621 554 2697 reddidisti3
570 2620 734 2701 quoddam
749 2624 1045 2701 quoqueoaetrum,

255 2718 341 2794 quod
352 2718 440 2780 ultra
450 2721 578 2783 Montes
587 2721 842 2783 Niriummultis
851 2722 1050 2783 consume-

255 2815 333 2875 rant
354 2814 522 2879 laboribus
543 2819 576 2879 st
590 2818 756 2895 expensis,
779 2817 951 2895 occupasti
973 2816 1046 2878 ira-

256 2910 363 2977 tribus
392 2928 507 2975 corum
535 2913 576 2975 ab
600 2915 715 2977 eodem
735 2916 861 2992 ejectis,
889 2914 923 2976 et
946 2928 1047 2991 quum

258 3008 409 3072 homiues
438 3011 486 3072 tui
511 3011 669 3089 quosdam
694 3010 815 3074 iratres
840 3013 874 3073 et
896 3011 1048 3074 homines

255 3107 446 3169 eorumdem
479 3109 671 3181 occiderint,
704 3109 863 3186 quosdam
890 3109 1048 3171 vuluera-

148 3237 150 3240 >
254 3205 375 3275 verint,
392 3206 426 3267 et
444 3206 603 3282 quosdam
620 3206 749 3267 carceri
771 3206 1045 3283 mancipaverint,

254 3303 291 3364 tu
316 3303 358 3363 ab
387 3303 436 3363 eis
463 3302 634 3365 humiliter
667 3304 859 3380 requisitus,
887 3303 922 3365 ut
947 3318 1048 3380 super

255 3400 309 3461 bis
335 3399 490 3461 satisfieri
515 3400 654 3472 iaceres,
678 3401 904 3477 querimonias
932 3416 1046 3462 eorum

255 3498 289 3559 et
302 3512 417 3574 preces
441 3497 572 3573 penitus
591 3497 769 3560 obaudisti.
784 3498 931 3575 Denique
947 3512 1046 3575 quum

254 3609 298 3655 ex
316 3595 408 3671 parte
427 3596 484 3655 tua
501 3593 618 3655 luisset
635 3595 839 3670 propositum
856 3610 968 3656 coram
980 3610 1045 3655 no·

253 3689 321 3762 bis,
352 3678 437 3768 quod
467 3689 532 3768 ipsi
558 3692 678 3752 iratres
701 3690 864 3753 libertatis
889 3693 955 3752 tuae
983 3690 1046 3753 be-

253 3788 374 3849 neflcio
389 3804 455 3848 non
471 3787 630 3860 contenti,
647 3788 704 3849 sed
727 3787 854 3864 egressi
871 3787 955 3850 flues
969 3804 1048 3865 pos-

254 3887 441 3948 sessionum
473 3901 493 3947 a
518 3887 552 3948 te
575 3885 640 3947 sibi
665 3901 899 3949 concessarum
923 3885 1046 3947 intuitu

253 3985 399 4063 pietatis,
411 3983 569 4062 quasdam
579 3999 623 4044 ex
635 3983 701 4045 tuis
715 3983 981 4059 possessionibus
989 3998 1048 4044 oc-

254 4081 433 4158 cuperant3
447 4096 574 4157 nosque
590 4096 648 4157 per
662 4076 790 4141 litteras
805 4081 937 4142 nostras
947 4096 1045 4142 man-

253 4178 461 4240 davissemus
476 4177 612 4248 eisdem,
641 4178 678 4238 ut
702 4192 802 4253 quum
825 4192 883 4238 eos
907 4193 973 4238 non
988 4177 1048 4238 de-

253 4276 328 4338 ceat
341 4274 500 4336 invadere
515 4274 637 4345 aliena,
653 4275 688 4335 et
704 4274 794 4351 ipsas
818 4272 1046 4351 possessiones

251 4374 319 4435 tuas
332 4370 521 4434 celsitudini
534 4369 759 4442 restituerent,
781 4372 815 4432 et
836 4369 879 4431 ab
899 4385 1045 4448 occupa-

251 4471 343 4532 tione
358 4469 501 4531 aliorum
519 4468 681 4531 bonorum
705 4469 837 4530 tuorum
860 4468 902 4529 de
925 4470 1046 4531 caetero

252 4566 477 4642 abstinerent3
494 4569 542 4639 tu,
558 4565 645 4643 quod
658 4563 895 4637 intelleximus,
912 4563 953 4627 de
966 4581 1047 4643 pos-

251 4663 458 4726 sessionibus
486 4663 565 4737 illis,
601 4678 684 4740 quas
719 4661 916 4724 dicebantur
949 4661 1045 4725 extra

250 4778 483 4824 concessarum
499 4761 562 4821 sibi
586 4761 746 4822 terminos
769 4773 961 4835 occupasse,
987 4760 1045 4821 ni-

248 4863 324 4922 tens
338 4862 531 4936 retorquere
545 4857 585 4919 ad
600 4857 688 4929 illas,
699 4872 781 4934 quas
797 4856 875 4929 illis,
887 4856 953 4918 imo
965 4858 1043 4930 lieo,

249 4956 305 5035 pia
319 4957 520 5019 liberalitate
534 4954 676 5027 donasti,
691 4955 724 5017 et
736 4969 808 5031 quae
821 4953 970 5030 ipsorum
985 4953 1046 5015 do-

248 5070 322 5116 mus
334 5056 422 5127 sunt,
442 5055 483 5116 ad
499 5068 616 5131 preces
630 5054 706 5114 tuas
721 5052 920 5114 auctoritate
934 5055 1044 5128 Apos-

247 5150 348 5215 tolica
373 5152 588 5221 confirmata,
620 5150 809 5226 praecepisti
833 5148 978 5219 easdem,
1008 5150 1046 5211 ut

246 5252 356 5312 terras
381 5251 482 5327 ipsas,
511 5248 599 5310 sicut
616 5249 687 5323 jam
711 5246 904 5317 diximus,a
925 5246 960 5306 ts
979 5245 1043 5306 sibi

248 5348 389 5409 donatas
404 5347 529 5408 iutuitu
548 5344 695 5423 pietatis,
711 5344 746 5405 et
767 5359 787 5404 a
804 5342 889 5403 Sede
903 5343 1045 5418 Aposto-

246 5444 312 5529 lica
327 5445 550 5511 confirmatas,
564 5442 625 5504 tibi
638 5440 798 5503 continuo
820 5439 1041 5515 resignarent,

246 5526 308 5611 eis,
318 5542 384 5602 nisi
399 5545 466 5604 tuae
474 5541 620 5619 Jussioni
636 5540 802 5617 parerent,
819 5538 936 5614 gravia
951 5552 1044 5600 com-

246 5635 413 5699 minando.
431 5638 582 5701 Proiecto
604 5653 670 5699 non
695 5636 833 5699 deberes
856 5635 905 5696 sic
920 5651 1040 5712 prose·

1102 2154 1162 2215 pro
1174 2141 1247 2216 ejus
1268 2138 1395 2199 bonore
1416 2140 1449 2200 et
1474 2152 1587 2199 amore
1608 2135 1746 2211 dedisti3
1764 2134 1824 2196 sed
1838 2148 1894 2211 po-

1102 2235 1168 2296 tius
1183 2233 1356 2311 cogitabis,
1369 2236 1402 2296 te
1415 2250 1583 2312 nunquam
1597 2249 1694 2311 posse
1709 2232 1815 2309 digna
1830 2234 1892 2293 Deo
1968 2224 1969 2229 ’

1102 2330 1285 2393 retribuere
1300 2346 1359 2408 pro
1378 2329 1543 2402 omnibus,
1561 2344 1633 2407 quse
1653 2328 1815 2390 retribuit
1826 2328 1894 2404 ipse
1968 2386 1969 2399 ,

1102 2426 1178 2500 tibi;
1194 2424 1356 2504 cogitabis
1369 2428 1402 2489 et
1416 2426 1494 2504 quia
1517 2442 1617 2504 quum
1640 2426 1804 2503 scriptum
1827 2424 1891 2486 sit:
1968 2422 1969 2513 J

1103 2522 1195 2597 Quod
1203 2541 1263 2585 sua
1277 2521 1449 2586 defunctos
1460 2539 1561 2601 opera
1573 2522 1822 2600 subsequantur
1833 2539 1841 2597 ;
1854 2537 1892 2584 ea
1968 2520 1969 2605 ξ

1102 2622 1185 2691 sola,
1214 2638 1288 2699 quae
1312 2621 1452 2683 Domino
1480 2618 1623 2693 dederis,
1645 2619 1708 2681 tibi
1729 2619 1892 2697 postrita
1968 2618 1969 2697 j

1101 2719 1276 2796 praesentis
1291 2718 1417 2781 exitum
1435 2717 1684 2791 remanebunt3·
1701 2719 1735 2779 et
1758 2717 1808 2778 sic
1831 2732 1893 2778 non

1102 2815 1261 2889 studebis,
1277 2832 1350 2894 quae
1365 2817 1432 2877 beo
1452 2814 1572 2877 dedisti
1587 2815 1752 2886 minuere,
1768 2812 1827 2875 sed
1842 2829 1893 2874 au·

1101 2928 1190 2990 gers,
1207 2928 1247 2975 ac
1261 2914 1356 2990 sequi
1369 2913 1554 2974 doctrinam
1573 2912 1804 2987 euangelicam
1817 2926 1891 2972 sua·

1101 3010 1232 3072 dentem
1244 3032 1252 3086 ;
1265 3012 1302 3072 ut
1311 3010 1488 3072 studeusiu
1496 3008 1581 3070 coelo
1594 3007 1655 3070 tibi
1666 3008 1893 3069 thesaurizare

1100 3108 1287 3180 thesauros,
1301 3106 1359 3168 ubi
1373 3123 1435 3169 nec
1446 3122 1571 3183 aerugo,
1588 3120 1650 3167 nec
1671 3104 1765 3167 dues
1779 3105 1891 3167 demo-

1100 3205 1191 3277 litur,
1209 3204 1312 3268 stubi
1327 3203 1418 3266 iures
1433 3220 1500 3265 nou
1515 3202 1687 3275 effodiunt,
1702 3219 1766 3264 nec
1781 3202 1893 3263 iuran-

1101 3304 1167 3365 tur.
1183 3307 1351 3379 Rogamus
1363 3302 1467 3379 igitur
1480 3302 1694 3363 serenitatem
1708 3303 1815 3373 tuam,
1829 3316 1892 3362 mc·

1101 3416 1217 3461 nemus
1255 3400 1290 3462 et
1324 3400 1538 3461 obsecramus
1569 3397 1603 3460 in
1636 3401 1780 3461 Domino
1817 3402 1891 3461 Jesu

1101 3496 1243 3568 Christo,
1259 3498 1422 3574 quatenus
1437 3496 1500 3558 boc
1516 3495 1696 3573 prudenter
1708 3496 1890 3565 attendens,

1101 3595 1134 3655 et
1147 3593 1303 3671 praelatus
1327 3594 1456 3655 litteras
1472 3594 1604 3655 nostras
1631 3592 1817 3654 secundum
1841 3607 1893 3653 sa-

1101 3706 1179 3751 num
1190 3690 1406 3763 intellectum,
1420 3690 1574 3768 superius
1586 3705 1796 3767 expressum,
1808 3689 1894 3752 acci-

1101 3789 1207 3865 piens,
1230 3788 1336 3850 dicim
1361 3787 1485 3849 iratres
1513 3803 1614 3864 super
1639 3788 1733 3849 terra
1758 3788 1813 3865 pie
1830 3786 1895 3848 ate

1102 3884 1166 3946 sibi
1181 3885 1313 3958 donata,
1334 3885 1375 3947 de
1400 3886 1521 3947 caetero
1546 3898 1614 3947 non
1640 3885 1811 3957 molestes,
1839 3882 1894 3945 sed
1968 3872 1969 3875 '

1101 3996 1174 4042 eam
1189 3980 1326 4059 pacifice
1341 3981 1405 4043 sibi
1416 3981 1595 4054 dimittens,
1610 3982 1796 4043 secundum
1809 3981 1898 4043 iimi-

1100 4080 1151 4141 tes
1163 4080 1197 4139 iu
1212 4077 1388 4156 privilegio
1405 4082 1472 4140 tuse
1494 4078 1683 4140 donationis
1696 4094 1893 4157 expressos3

1101 4176 1259 4252 praedicto
1270 4177 1380 4237 castro
1391 4177 1440 4237 eis
1456 4174 1560 4237 libere
1570 4176 1738 4248 restituto,
1751 4178 1786 4238 et
1800 4175 1897 4237 satis-
1968 4194 1969 4205 ¹

1102 4272 1239 4345 taciens,
1265 4288 1305 4335 ac
1328 4272 1487 4335 satisfieri
1508 4270 1635 4334 taciens
1649 4272 1692 4334 de
1717 4273 1850 4335 damnis
1864 4273 1896 4333 et

1101 4371 1234 4449 injuriis
1249 4384 1309 4447 per
1328 4371 1362 4433 te
1376 4386 1416 4432 ac
1433 4372 1508 4433 titos
1527 4369 1654 4433 eisdem
1665 4370 1831 4434 hactenus
1844 4370 1896 4432 ir·

1100 4468 1244 4545 rogatis;
1261 4473 1309 4528 sic
1333 4482 1401 4540 eos,
1417 4470 1487 4530 ium
1509 4466 1545 4528 in
1558 4465 1635 4529 aliis
1652 4468 1802 4545 iustitiis
1814 4468 1894 4534 suis,
1968 4528 1969 4531 ,

1100 4567 1169 4627 tum
1177 4564 1369 4643 specialiter
1377 4566 1514 4627 interra
1525 4563 1685 4642 praedicta
1695 4566 1895 4643 regalispo-

1099 4663 1212 4726 tentia
1231 4660 1369 4723 brechio
1391 4663 1546 4739 protegas
1559 4663 1595 4724 et
1620 4661 1796 4736 delendas,
1811 4661 1896 4741 quod

1101 4760 1238 4821 interra
1258 4759 1442 4821 viventium
1465 4758 1594 4835 gratam
1611 4759 1768 4837 recipere
1779 4760 1898 4822 debeas

1100 4855 1351 4918 retributionem
1362 4848 1386 4917 'a
1401 4858 1479 4928 Deo,
1497 4855 1553 4933 qul
1572 4872 1633 4918 nec
1656 4855 1784 4919 bonum
1806 4858 1899 4919 irre·

1100 4955 1309 5014 muneratum
1324 4970 1385 5015 nec
1398 4953 1521 5015 malum
1537 4951 1672 5029 aliquod
1688 4954 1818 5018 deserit
1838 4956 1900 5017 im·

1099 5051 1261 5128 punitum.
1278 5052 1382 5112 Porro
1397 5049 1427 5111 si
1449 5066 1567 5112 rerum
1579 5052 1633 5112 est
1651 5050 1762 5113 dictos
1776 5052 1899 5115 iratres

1099 5148 1229 5225 aliquas
1254 5148 1482 5224 possessiones
1506 5147 1581 5209 tuas
1605 5150 1706 5210 extra
1720 5164 1900 5213 concaesos
1968 5134 1969 5149 ἶ

1099 5244 1174 5318 sibi,
1185 5243 1245 5307 tibi
1255 5246 1415 5306 terminos
1426 5260 1618 5331 occupasse,
1632 5246 1800 5318 volumus,
1813 5248 1901 5310 sicut
1968 5274 1969 5285 ¹

1099 5344 1132 5405 et
1143 5343 1191 5403 eis
1205 5341 1447 5414 mandarimus,
1460 5356 1520 5418 per
1529 5341 1659 5403 litteras
1673 5344 1899 5420 supradictas,

1099 5432 1811 5518 uttibirestituantomuiaquaeextraipsos
1828 5444 1901 5505 ter-
1968 5436 1969 5511 i

1097 5539 1205 5599 minos
1215 5539 1375 5614 occupata
1384 5553 1458 5599 esse
1472 5536 1661 5598 constiterit
1674 5554 1737 5615 per
1750 5540 1900 5604 eosdem

1100 5635 1193 5700 Unde
1206 5635 1336 5699 dilectis
1349 5635 1427 5697 liliis
1438 5633 1670 5707 debineweld,
1680 5635 1902 5711 delier-cade
