3886 6214
221 287 280 349 sel
834 282 1013 345 bullonii
1035 283 1080 343 ΙΙΙ
1101 283 1251 345 OPERA.
1802 284 1852 348 stt

223 443 469 517 confirmamus,
494 445 530 506 et
555 441 730 522 praesentis
757 439 873 520 scripti
901 440 1015 521 patro·
1068 440 1324 520 proscribendos
1333 441 1367 506 et
1380 441 1577 507 rudentibus
1588 442 1714 509 interni
1727 442 1852 507 detrec·

223 543 313 605 ciuio
325 541 579 605 commuuimus.
595 538 687 601 Nulli
703 553 784 615 ergo
801 538 937 602 omniuo
957 536 1016 599 bo-
1045 584 1046 587 ,
1069 542 1121 603 tos
1132 540 1169 600 iu
1179 541 1340 604 tartarum
1355 540 1564 612 cruciandos,
1578 540 1609 602 si
1621 540 1757 602 cbristo
1770 556 1853 617 qun

223 641 350 703 minum
363 640 463 701 lioeet
485 638 572 699 benc
586 637 742 715 paginam
756 638 882 698 nostrae
897 634 1016 697 coudr-
1069 638 1155 699 reuti
1185 638 1271 716 quod
1300 638 1478 700 haereditas
1502 641 1577 715 ejus
1601 638 1643 700 ed
1670 638 1800 699 alienos
1816 639 1853 700 sit

222 737 380 800 metionis
398 735 594 811 intringere,
614 734 668 796 vel
683 734 714 796 ei
732 748 819 795 eusu
836 731 1014 795 temerario
1070 751 1179 811 versa,
1200 738 1233 798 et
1256 736 1298 797 ad
1318 737 1495 799 extraneos
1510 736 1667 813 templum
1681 739 1768 814 ejus,
1784 735 1854 797 sub-

222 834 400 899 contreire.
419 834 454 895 Si
464 833 538 909 quis
551 832 662 893 eutem
677 830 740 893 boc
756 831 920 892 attentare
933 844 1016 907 pres·
1069 834 1245 897 traxerunt
1270 831 1317 912 (i)
1346 834 1533 897 devotionis
1561 836 1596 896 et
1621 833 1853 911 compassionis

221 931 412 1008 sumpserit,
429 930 692 1005 indignationem
709 926 945 1004 omnipotentis
955 925 1016 988 Dei
1069 946 1274 1003 succursum,
1285 933 1320 994 et
1334 947 1400 993 non
1415 931 1586 1008 posuerint
1600 930 1749 1007 gladium
1764 944 1854 1007 super

222 1030 257 1090 et
278 1028 450 1090 beatorum
473 1027 564 1089 Petri
595 1027 629 1088 et
660 1025 757 1087 Pauli
782 1023 1016 1103 Apostolorum
1070 1028 1188 1101 lemur,
1213 1029 1368 1105 deporta
1390 1029 1595 1092 transeundo
1615 1029 1657 1090 ad
1677 1029 1806 1106 portam
1823 1028 1854 1088 in

220 1128 294 1203 ejus
318 1141 354 1187 se
375 1125 507 1189 noverit
531 1124 755 1187 incursurum.
777 1122 898 1184 Datum
922 1122 1017 1183 bele·
1070 1126 1230 1187 ultionem
1271 1125 1584 1204 blasphemantium·
1611 1142 1733 1189 nomen
1771 1127 1852 1203 eius!

221 1224 308 1296 rani,
320 1224 395 1287 XIV
406 1220 572 1285 liniendas
581 1220 674 1293 maii,
689 1219 900 1298 pontificatus
911 1217 1015 1281 nostri
1070 1224 1138 1301 qui,
1152 1223 1232 1286 licet
1244 1224 1406 1287 bonorum
1419 1227 1609 1291 nostrorum
1624 1240 1691 1287 non
1704 1223 1856 1300 egeatet

222 1335 312 1383 enno
325 1320 477 1398 septimo.
1070 1321 1142 1383 sclo
1171 1320 1274 1385 verbo
1299 1322 1404 1400 possit
1427 1325 1600 1387 conterere
1624 1322 1793 1394 inimicos,
1819 1319 1855 1382 ad

1071 1422 1134 1485 boc
1163 1424 1276 1487 nmen
1314 1422 1466 1484 nostrum
1503 1420 1686 1483 clementer
1724 1417 1857 1495 requint

1071 1522 1246 1594 auxilium,
1263 1519 1351 1598 quod
1366 1517 1527 1582 buculus
1540 1518 1663 1583 vestrm
1678 1516 1856 1581 devotionis

560 1584 681 1672 CXIV
1070 1619 1250 1691 accrescat,
1264 1617 1386 1696 quibus
1398 1619 1534 1681 aeternse
1557 1617 1637 1681 vite
1661 1613 1761 1681 nobis
1773 1629 1855 1691 pru·

1070 1719 1138 1782 mie
1152 1717 1326 1795 largiatur.

294 1770 344 1829 Ad
356 1768 555 1841 Philippum
571 1767 790 1826 Francorum
810 1774 940 1837 nepem.
1110 1818 1242 1882 uranus
1269 1815 1380 1878 autem
1408 1817 1488 1881 Deo,
1514 1813 1573 1890 qui
1605 1808 1856 1873 wllioitudmffl

491 1896 525 1953 ¹⁸
545 1893 642 1967 ⁸⁹⁸¹ss
660 1893 739 1952 ¹²²³·
1071 1916 1170 1994 butus
1193 1913 1318 1992 nogotii
1346 1913 1438 1977 dedit
1459 1912 1496 1973 iu
1521 1909 1621 1973 corde
1640 1906 1808 1971 carissimi
1825 1907 1855 1967 iu

267 2030 404 2096 [bouquet
419 2027 531 2081 uestes
547 2027 621 2085 uisi..
636 2029 655 2076 t.
667 2026 737 2085 xiil,
750 2041 776 2091 p.
788 2024 848 2083 lum
860 2025 968 2087 usgue,
1070 2014 1201 2077 Cbristo
1218 2011 1281 2073 tilii
1298 2010 1406 2073 nostri
1419 2004 1614 2090 [Fredericil
1636 2009 1856 2069 Romanorum

497 2106 541 2157 ¹³¹>-
554 2107 610 2165 vu,
622 2120 664 2171 ⁰1³·
676 2104 742 2167 ιΕΜ
1070 2111 1282 2190 imperatoris
1295 2109 1438 2172 illustris
1452 2121 1584 2183 semper
1597 2103 1733 2180 augusti
1753 2102 1855 2165 etre-

144 2282 148 2289 ,
221 2224 324 2283 Habito
347 2239 412 2282 cum
440 2222 592 2281 Frederico
620 2222 815 2279 Romanorum
844 2219 1016 2295 imperaturo
1070 2210 1121 2287 gis
1146 2207 1281 2279 Siciliae,
1312 2207 1359 2278 ui,
1389 2204 1623 2269 exhortatione
1650 2200 1771 2264 nostra
1803 2215 1856 2261 rc-

256 2319 377 2370 trnctatu
410 2310 446 2369 de
468 2307 652 2371 instaurando
681 2307 852 2367 interram
881 2309 1014 2366 &nomm
1070 2306 1177 2385 cepta,
1190 2305 1233 2368 ed
1255 2322 1318 2368 nos
1337 2302 1550 2382 propterhoc
1572 2298 1704 2362 venerit
1717 2298 1858 2359 inmu-

255 2399 448 2473 expeditione,
456 2398 732 2456 horteturllouorius
740 2395 913 2469 Philippum,
925 2398 1013 2455 Fren·
1070 2403 1215 2481 psniam,
1227 2403 1261 2464 pt
1274 2401 1444 2479 nogotium
1459 2396 1677 2476 assumpserit
1690 2397 1726 2458 in
1742 2386 1854 2472 seipso,

255 2502 354 2546 corum
383 2503 497 2561 regern,
523 2486 559 2544 ed
584 2500 685 2562 pacem
709 2499 775 2542 cum
808 2485 920 2557 Aegiis
945 2499 1015 2558 rege
1070 2501 1217 2580 praegttp,
1249 2499 1468 2576 corporaliter
1492 2496 1684 2574 jupamgnp)
1726 2490 1858 2570 pmmit.

255 2577 424 2648 iueundem,
440 2578 487 2634 vel
506 2577 653 2650 longiores
678 2589 744 2632 cum
763 2573 866 2632 eodem
885 2572 1016 2633 inducias
1070 2602 1144 2661 tens
1156 2597 1242 2676 quod
1258 2597 1299 2659 ab
1313 2596 1430 2660 ΒΜ)
1450 2594 1607 2672 praemfi
1628 2592 1673 2655 ad
1692 2590 1857 2655 biennium

254 2666 320 2727 bem
335 2665 556 2725 ⁰⁰⁰¹‘⁰¹¹⁰⁰d⁰⁸‘
1070 2697 1111 2759 ed
1126 2699 1237 2757 Temen
1263 2695 1393 2757 Sanctae
1416 2706 1623 2761 succursum,
1636 2690 1707 2751 rita
1731 2687 1854 2758 unite

261 2793 430 2854 Honorius
436 2789 833 2870 episcopus...carissimo
842 2789 1015 2850 incuristo
1070 2791 1309 2856 transfretabit.
1320 2794 1425 2862 Quum
1440 2805 1521 2866 ergo
1536 2788 1577 2850 ad
1590 2787 1741 2865 ejusdem
1752 2789 1856 2847 Terrae

221 2890 291 2952 tilio
306 2889 472 2968 Philippo,
494 2891 566 2966 regi
583 2891 787 2951 Frencmum
802 2886 938 2959 illustri,
954 2901 1015 2948 sa·
1071 2890 1255 2953 subsidium
1276 2888 1422 2966 undique
1441 2885 1697 2964 praeparandum
1717 2884 1762 2945 sit
1783 2898 1856 2960 per·

219 2986 334 3059 intem,
353 2988 415 3049 etc.
1070 2990 1214 3052 maxime
1234 2987 1470 3058 necessarium,
1495 2988 1532 3048 ut
1545 2985 1633 3045 inter
1647 2980 1857 3060 principesei

259 3084 461 3146 Haercditate
481 3099 636 3161 suprema
651 3100 687 3145 se
701 3082 812 3144 reddit
828 3080 1012 3158 indignum,
1070 3088 1208 3166 populos
1236 3085 1444 3148 Christianos
1469 3099 1536 3161 pan
1557 3081 1692 3143 interim
1725 3079 1857 3140 tirmiter

219 3182 253 3243 et
267 3182 509 3244 excludendum
524 3181 566 3242 eb
581 3196 620 3242 ea
636 3196 671 3241 se
687 3182 795 3257 potest
818 3195 885 3241 nou
897 3179 1016 3239 imme-
1070 3184 1275 3255 observetur,
1293 3184 1379 3245 sicut
1402 3182 1438 3243 in
1462 3180 1626 3257 colloquio
1651 3195 1726 3241 curn
1748 3176 1857 3238 eodem

219 3279 285 3341 rito
295 3279 486 3350 formidare,
501 3294 599 3355 quem
618 3277 709 3341 zelus
723 3277 921 3338 Christianae
937 3274 1016 3336 tidei
1069 3280 1269 3359 imperatore
1306 3279 1420 3341 habito
1447 3277 1604 3339 duximus
1631 3273 1854 3345 statuendum

219 3391 286 3437 uon
323 3376 486 3444 accendit,
517 3391 614 3453 quem
651 3391 718 3437 nou
754 3373 864 3436 mosel
890 3371 1015 3449 injurie
1069 3379 1284 3442 serenitatem
1318 3382 1412 3440 tuam
1438 3374 1622 3451 rogandam
1650 3372 1808 3433 duximus
1828 3371 1856 3430 et

220 3475 301 3536 Jesu
322 3473 456 3541 Christi»
484 3473 518 3534 0ss
546 3487 644 3548 quem
675 3487 743 3533 uon
772 3470 841 3531 ⁰?st
875 3469 1014 3547 pollutio
1069 3478 1268 3549 monendam
1292 3476 1327 3537 iu
1355 3473 1585 3536 remissionem
1610 3470 1670 3533 tibi
1698 3467 1856 3548 peccami-

220 3570 403 3632 flanoiuarii
427 3585 467 3631 ac
495 3569 695 3631 contumelia
720 3567 962 3645 mobilioris,
978 3567 1015 3628 in
1069 3591 1148 3637 num
1161 3574 1386 3652 injungentes,
1399 3571 1562 3649 quatenus
1577 3572 1650 3647 etus
1664 3568 1789 3629 intuitu
1805 3564 1855 3643 qui

220 3666 448 3729 noeoedintem
464 3666 569 3744 ipsius
584 3665 739 3743 gentibus
757 3664 967 3727 uenientibus
982 3666 1016 3727 et
1070 3673 1226 3751 pacificos
1241 3670 1328 3734 filios
1340 3670 1400 3735 liei
1411 3668 1532 3731 asserit
1546 3665 1773 3744 appellandos,
1787 3677 1854 3726 cum

219 3763 444 3842 polluentibus
459 3763 619 3840 templum
641 3766 725 3841 ejus,
746 3762 854 3839 posita
876 3764 1015 3825 Jerusa·
1069 3771 1243 3833 carissimo
1264 3769 1300 3831 in
1315 3768 1447 3831 cbristo
1468 3766 1538 3827 tilio
1555 3767 1672 3828 nostro
1688 3756 1855 3843 (ilenrico)

219 3869 284 3932 leni
311 3870 403 3933 velut
427 3885 599 3948 pomorum
625 3867 876 3939 custodiarium,
892 3869 925 3931 et
944 3867 1014 3929 tilia
1068 3869 1248 3945 Anglorum
1286 3881 1366 3942 rege
1393 3863 1529 3935 illustri,
1567 3863 1598 3923 si
1630 3861 1706 3924 fleri
1744 3858 1853 3939 potest,

221 3969 301 4029 Sion
320 3968 415 4045 quasi
430 3968 599 4044 tugurium
612 3967 648 4029 in
671 3965 902 4027 cucumerario
917 3964 1014 4026 deru-
1068 3966 1163 4027 iuees
1182 3965 1312 4027 tirmam
1336 3978 1463 4041 pacem,
1483 3960 1537 4024 uel
1562 3960 1679 4022 saltem
1702 3970 1854 4035 proroget

217 4062 746 4141 iicte.NumquidGhristipoterit
760 4079 835 4125 esse
850 4062 1011 4134 cohaeres,
1069 4064 1201 4139 inunges
1225 4062 1313 4125 iuter
1325 4064 1358 4124 te
1379 4077 1421 4122 ec
1439 4060 1548 4138 ipsum
1567 4058 1733 4121 hactenus
1747 4055 1856 4118 obser»

218 4162 275 4241 qui
288 4162 320 4223 ei
332 4177 525 4224 succursum
531 4163 629 4239 Juxta
638 4160 727 4223 vires
736 4160 890 4237 proprias
903 4175 1012 4236 pras·
1067 4163 1173 4233 vetas,
1189 4176 1233 4223 ne
1252 4159 1428 4222 occasione
1442 4155 1633 4234 huiusmodi
1645 4170 1778 4231 guemse
1791 4155 1854 4216 Re·

217 4260 290 4320 tare
304 4258 501 4335 neglexerit,
516 4274 536 4320 a
549 4260 641 4321 terre
655 4273 754 4336 quam
767 4257 808 4318 nd
822 4256 1012 4319 exhibenda
1066 4260 1118 4336 gis
1142 4257 1287 4321 cmiestis
1312 4257 1513 4333 impedietur
1538 4253 1669 4324 militie,
1687 4254 1724 4314 et
1741 4250 1852 4319 oaffis,

154 4364 158 4369 ’
217 4357 375 4434 mysteria
384 4357 506 4418 nostrae
516 4354 754 4432 redemptionis
763 4353 1012 4430 elegiteblas·
1067 4373 1141 4434 quee
1166 4355 1315 4434 preeliari
1342 4353 1459 4431 praelia
1484 4350 1617 4415 Domini
1651 4350 1854 4428 potissimum

218 4454 348 4532 phemis
359 4454 504 4515 nominis
517 4458 547 4531 ej
553 4469 591 4514 us
602 4452 740 4529 expulso
752 4452 804 4513 vel
819 4452 936 4513 saltem
946 4467 1011 4528 pa·
1066 4453 1248 4525 consuevit,
1264 4452 1390 4530 prmiiis
1403 4448 1595 4513 intrinsecis
1609 4449 1782 4525 occupata,
1795 4444 1853 4507 de-

216 4552 313 4614 tienti
341 4552 447 4613 eidem
474 4566 542 4611 uon
570 4548 792 4627 compatiatur
818 4564 862 4611 eu
887 4548 1009 4621 auimo,
1065 4551 1143 4613 bitae
1163 4550 1333 4613 seruitutis
1347 4551 1381 4611 et
1395 4547 1583 4610 dorononis
1602 4545 1763 4622 obsequia
1781 4540 1857 4604 sub-

217 4650 283 4722 cui,
309 4650 366 4727 qui
388 4648 645 4724 compatiuntur,
673 4648 709 4708 et
744 4646 1011 4723 conregnabunti
1065 4646 1177 4709 trabat
1199 4647 1283 4721 Regi
1300 4658 1428 4721 regum,
1449 4646 1483 4707 et
1505 4642 1722 4718 eademque
1741 4640 1776 4703 iu
1794 4637 1854 4697 boc

215 4746 336 4808 Nonne
348 4746 514 4807 vassallus
538 4744 718 4822 cujuslibet
736 4742 862 4807 domini
882 4745 1012 4819 tempo-
1065 4744 1210 4821 negmm,
1227 4743 1430 4819 usquemodo
1445 4744 1581 4805 strenue
1600 4740 1743 4802 Domino
1765 4737 1853 4799 mili-

215 4843 413 4921 relinquant
437 4841 636 4919 proditionis
651 4856 741 4913 reus,
756 4842 791 4902 et
810 4840 905 4901 ieodo
922 4839 1010 4917 quod
1065 4842 1158 4914 terit,
1183 4839 1357 4916 triumphi,
1374 4854 1471 4917 quem
1499 4839 1587 4900 idem
1613 4838 1768 4900 dominus
1790 4837 1852 4896 Sn-

216 4943 307 5005 tenet
326 4940 368 5001 ab
392 4955 431 5001 eo
454 4939 624 5016 judicetur
646 4938 860 5013 indignus,si
883 4937 1010 4999 domiui
1064 4938 1165 5001 beotii
1177 4954 1240 5000 suo
1253 4937 1393 4999 daturus
1404 4937 1456 4999 est
1468 4936 1643 5007 exercitui,
1653 4936 1714 4997 liat
1725 4946 1851 5011 expers·

217 5039 269 5100 sui
282 5039 406 5100 terram
420 5034 623 5097 intrantibus
635 5035 786 5096 hostibus
801 5049 863 5112 pro
882 5034 1010 5097 viribus
1104 5036 1240 5097 Monesi
1252 5035 1366 5112 itaque
1385 5034 1425 5096 ed
1448 5034 1525 5105 hoc,
1539 5033 1754 5095 serenissime
1770 5028 1853 5108 prin·

215 5152 282 5198 uon
296 5134 479 5201 resisteret,
496 5135 529 5195 et
544 5149 581 5194 se
592 5134 689 5210 Juxta
711 5147 810 5208 posse
830 5131 872 5193 ad
887 5131 1009 5209 erpul·
1064 5148 1155 5210 ceps,
1174 5132 1325 5209 aspersio
1347 5131 1521 5207 sanguinis
1545 5133 1627 5194 iesu
1647 5128 1780 5200 Christi,
1792 5138 1853 5202 per

216 5235 344 5295 sionem
362 5246 430 5293 non
444 5230 635 5308 accingeret
654 5229 866 5291 eorumdemt
880 5230 1009 5301 Quanto
1064 5244 1161 5307 quem
1181 5228 1416 5291 reconciliavit
1442 5230 1514 5306 nos',
1527 5226 1630 5300 Patri,
1647 5224 1852 5288 inimicitiam

215 5329 322 5407 magis
336 5329 372 5391 hi
384 5327 441 5407 qui
453 5328 637 5390 christiana
652 5326 860 5403 professione
874 5342 1010 5388 censen-
1063 5326 1098 5387 in
1124 5341 1226 5388 earne
1253 5341 1315 5388 sue
1340 5325 1475 5388 solvens
1502 5325 1535 5387 et
1557 5324 1623 5389 duo
1648 5324 1790 5387 condens
1818 5319 1851 5380 in

214 5428 280 5499 tur,
307 5444 327 5488 n
349 5426 476 5489 coelesti
506 5425 615 5502 putria
641 5440 679 5485 se
707 5424 826 5485 timere
853 5424 1010 5501 poterunt
1064 5440 1177 5499 unum,
1193 5439 1308 5502 pacem
1323 5423 1756 5500 incitinsemetipso‚quam
1766 5421 1851 5483 uas

250 5617 291 5690 (i)
312 5618 477 5691 tegendum
492 5618 691 5677 subtraxerint.

1005 5706 1059 5738 ka
