3916 6204
99 332 100 339 Ν
167 265 223 322 eut

163 421 212 482 tio
238 423 431 497 exposuerit
456 421 680 498 semetipsum,
711 436 773 481 nec
799 420 956 481 debemus

166 517 292 587 deesse,
308 534 368 578 nec
380 518 542 589 volumus,
559 533 705 593 congrue
726 517 906 588 deseratur,
923 516 956 577 id

167 614 263 675 nobis
279 632 344 675 nou
361 616 498 675 differas
517 615 683 685 intimare,
710 615 746 675 ut
761 615 789 674 si
812 630 886 675 cum
897 614 957 675 Dei

167 714 200 773 et
213 711 368 772 Ecclesiae
382 712 508 772 honore
521 711 553 770 id
569 712 642 770 lieri
654 726 751 787 posse
763 711 955 782 viderimus,

166 824 341 888 parcamus
364 807 545 883 dispendiis
563 824 673 868 rernm
694 810 726 868 et
740 823 957 884 personarum

166 905 324 985 periculis
353 921 437 980 quaa,
463 904 528 964 nisi
557 905 655 966 aliter
680 904 781 964 suerit
801 920 821 964 a
844 904 957 965 divina

165 1001 369 1077 benignitate
381 1004 561 1078 provisum,
579 1001 729 1062 videmus
741 1001 959 1077 exbocnego·

163 1097 957 1165 tioimminere,acadTerraesanctaesuhsidium

165 1194 303 1255 liberius
317 1195 490 1256 intendere
505 1195 687 1254 valeamus.

205 1292 348 1368 Ideoque
364 1307 422 1368 per
438 1291 628 1367 Apostolica
643 1291 702 1351 tibi
719 1291 842 1367 scripta
858 1306 957 1351 man-

164 1386 281 1447 damus
296 1389 472 1463 quatenus,
488 1401 563 1445 cum
583 1384 759 1461 prudentia
773 1386 831 1446 tua
846 1385 958 1445 excel-

165 1483 273 1545 lenter
302 1484 337 1543 10
371 1482 560 1560 hujusmodi
595 1482 759 1559 principio
790 1481 957 1554 enituerit,

202 1631 242 1702 (p)
261 1634 328 1701 Qum
349 1632 384 1689 ad
406 1629 613 1687 conciliandam
636 1631 770 1688 Amalrici
790 1630 826 1687 de
847 1632 955 1689 Monte·

166 1701 230 1759 lorti
243 1718 343 1774 pacem
358 1717 422 1758 curn
441 1700 599 1758 Raimuudo
611 1703 752 1758 ’10100000
766 1703 867 1773 egerit,
881 1716 960 1758 mau-

165 1773 232 1843 dato
244 1773 347 1829 summi
364 1773 507 1829 Pontiticis
519 1772 712 1829 Narbonensis
727 1771 959 1843 archiepiscopus

164 1845 336 1900 luculentam
353 1851 380 1898 et
395 1843 519 1913 amplam
535 1841 569 1897 nd
586 1856 684 1913 regem
698 1840 871 1898 Ludovicum
882 1844 960 1898 misit

165 1915 368 1975 narrationem,
383 1928 467 1983 quam
483 1912 611 1983 vulgavit
632 1915 664 1969 D.
681 1913 849 1983 Naissetius,
863 1918 883 1969 1.
907 1914 957 1980 lll,

165 1999 234 2111 pag.
248 1984 300 2040 286
316 1992 415 2054 etseq.
431 1998 437 2037 :
677 1986 688 2014 ³

222 2055 389 2127 eretrissiruo
409 2059 493 2123 atque
509 2051 637 2124 piissimo
652 2050 734 2119 Lud,
751 2053 802 2108 Dei
819 2053 911 2123 gratia
929 2051 959 2107 il·

164 2126 246 2181 lustri
267 2127 440 2180 Frarrcorum
462 2125 534 2194 regi,
555 2121 695 2178 Arnaldus
714 2120 901 2194 permissione
915 2121 957 2177 di·

165 2197 231 2252 vina
247 2193 442 2251 Narbonensis
454 2192 694 2264 archiepiscopus,
706 2200 735 2248 et
745 2194 959 2259 Nemausensis,

165 2266 321 2331 Uticensis,
351 2265 519 2319 biterrensis
549 2270 578 2320 et
607 2262 782 2334 agathensis
814 2263 960 2334 episcopi,

166 2336 323 2391 salutemet
333 2348 466 2404 sponsam
479 2333 580 2390 Christi
592 2334 619 2387 in
630 2348 682 2388 suo
694 2348 784 2405 regno
793 2342 959 2389 moerentem

168 2406 228 2462 suis
243 2405 355 2461 auxiliis
369 2404 504 2458 velociter
518 2403 669 2459 consolari.

203 2476 272 2533 Cum
289 2471 738 2531 nohilisvircomesblontislcrtis
749 2471 783 2528 ad
794 2486 960 2529 succursum

168 2545 350 2604 carcassona
374 2544 500 2599 obsessae
522 2558 587 2600 cunr
613 2543 708 2599 multis
731 2542 866 2599 militibus
888 2544 961 2599 ultra

167 2630 318 2672 numerum
340 2629 424 2686 quern
449 2613 590 2670 adducere
612 2620 805 2684 proposuerat,
827 2614 960 2683 quoniam

167 2685 297 2756 campale
320 2684 424 2741 bellum
449 2685 578 2740 invenire
598 2683 741 2750 credebat,
761 2684 887 2740 venisset
907 2682 962 2740 hoe

168 2755 364 2837 sanctitat),
384 2769 475 2824 neque
492 2755 606 2819 bellum,
627 2756 700 2810 sieut
719 2753 861 2835 sperabat,
880 2754 959 2809 inve·

168 2827 251 2893 uerit,
264 2840 324 2952 (ἕεθ
339 2824 516 2881 obsidionem
531 2825 656 2895 posuerit
667 2824 783 2880 virihter
794 2830 823 2881 et
833 2831 961 2896 potenter

168 2899 197 2953 in
212 2912 267 3023 qua
290 2911 336 2951 am
352 2896 415 2950 villa
434 2895 506 2959 lorti,
520 2894 567 2950 uhi
580 2895 660 2950 multi
676 2902 868 2950 couvenerant
883 2895 961 2966 pacis

169 2975 199 3024 et
228 2966 283 3023 idei
309 2966 427 3028 inimici,
451 2965 597 3021 conlidens
615 2964 651 3021 de
675 2965 749 3020 illius
768 2964 961 3021 misericordia

169 3039 217 3110 qui
234 3053 283 3108 per
298 3051 379 3092 suam
401 3038 556 3108 potentiam
572 3034 720 3091 humilium
743 3042 822 3091 actus
843 3050 959 3107 prospe·

170 3116 223 3175 rat,
238 3115 266 3164 et
280 3107 464 3178 superborum
478 3107 549 3162 colla
564 3106 675 3195 propria
689 3107 789 3161 virtute
804 3106 960 3170 conculcat,

169 3188 197 3236 01
212 3178 332 3235 eredens
347 3175 440 3233 100010
456 3190 505 3259 per
520 3175 594 3247 quod
609 3174 709 3233 christi
728 3178 874 3247 negotium
891 3189 959 3231 con·

169 3250 328 3307 valesceret
345 3255 374 3303 et
389 3253 546 3318 susciperet
564 3247 786 3313 incrementum3
801 3246 862 3314 sed,
880 3247 960 3301 inva-

170 3319 297 3376 lescente
310 3319 384 3373 acris
396 3318 564 3386 intemperie
574 3323 601 3372 01
613 3317 771 3386 pluviarum
786 3317 962 3384 inundantia,

170 3397 199 3444 et
214 3389 356 3460 praecipue
377 3387 540 3442 victualium
562 3386 667 3456 inopie,
685 3386 772 3442 immo
795 3385 870 3442 lame
891 3386 960 3442 vali·

165 3459 289 3515 dissima
312 3459 497 3522 increscente,
512 3464 610 3513 contra
634 3457 728 3527 ipsum
750 3462 777 3511 et
800 3470 868 3513 suos
894 3456 964 3512 nihil

171 3531 290 3586 omuino
305 3526 399 3583 lacere
420 3528 519 3597 potuit,
535 3527 600 3597 quia
620 3528 715 3581 omnia
731 3534 823 3583 castra
841 3534 869 3584 et
883 3528 964 3582 villas

171 3607 268 3656 centra
286 3598 377 3671 ipsum
392 3597 515 3653 munitas
528 3596 644 3659 invenit,
657 3611 707 3667 pro
720 3610 755 3653 00
769 3594 844 3667 quod
855 3596 963 3653 eisdem

171 3670 296 3726 inimicis
317 3665 481 3724 mandatum
508 3666 599 3723 luerat
622 3665 657 3722 de
679 3667 807 3734 Francia,
832 3674 863 3723 ut
889 3666 963 3723 lama

172 3748 243 3808 erat,
266 3738 340 3811 quod
366 3739 469 3795 milites
489 3736 536 3794 diu
561 3751 618 3793 non
641 3743 749 3808 poterat
775 3737 916 3805 retinere;
936 3746 965 3795 et

172 3826 237 3869 cunr
249 3809 284 3865 de
297 3808 444 3865 obsidione
456 3815 598 3882 oporteret
613 3807 756 3877 recedere,
768 3809 853 3864 vellet
867 3809 963 3871 nollet,

172 3882 377 3940 Carcassonam
391 3880 514 3935 intravit.
528 3880 562 3934 Et
572 3892 636 3934 cum
653 3892 705 3933 nec
717 3879 788 3950 ipse,
799 3892 851 3934 nec
861 3880 965 3935 milites

172 3954 299 4024 quicum
316 3965 350 4005 eo
366 3956 512 4011 venerant,
530 3957 644 4030 propter
660 3962 849 4020 expensarum
868 3948 918 4004 del
951 3979 961 3990 ·

173 4031 232 4079 tum
248 4029 276 4077 et
290 4020 408 4076 nimiam
425 4021 586 4076 victualium
602 4020 727 4090 inopiam
744 4025 859 4089 possent
873 4020 964 4092 ipsam

173 4092 316 4149 civitatem
341 4090 483 4147 custodire
511 4091 629 4146 ulterius
658 4097 756 4149 contra
785 4089 890 4151 hostes,
922 4091 965 4145 vel

173 4175 322 4219 remanere
344 4161 373 4216 in
395 4168 480 4228 terra,
501 4159 536 4215 ad
557 4173 655 4231 preces
679 4160 767 4230 ipsius
789 4160 902 4216 comitis
930 4159 965 4215 ad

173 4244 304 4304 treugam
320 4231 444 4302 aliquam
459 4232 503 4286 vel
516 4244 625 4302 pacem,
638 4230 702 4300 quia
716 4229 790 4286 aliud
801 4230 895 4286 lacere
908 4244 964 4285 non

193 4312 293 4368 oterat,
319 4302 392 4357 inter
416 4302 507 4372 ipsum
532 4309 560 4357 et
584 4301 704 4356 comites
728 4302 759 4357 u.
782 4300 918 4370 juvenem
938 4307 967 4356 et

173 4321 332 4433 burensem
348 4387 404 4443 ego
419 4371 652 4442 archiepiscopus
667 4377 695 4426 et
710 4370 797 4426 abhas
817 4368 966 4426 Fontislri-

172 4444 233 4518 gidi
254 4443 474 4513 interposuimus
492 4448 588 4512 partes
609 4448 720 4497 nostras
738 4458 744 4497 ε
763 4439 966 4514 propterquod

172 4514 326 4587 supradicti
339 4512 464 4584 episcopi
480 4526 495 4568 a
512 4526 558 4567 me
573 4511 793 4637 archiepiscopo.
800 4510 966 4567 festinanter

173 4587 265 4643 vocati
281 4585 403 4650 luerunt,
414 4591 445 4639 ut
454 4597 518 4639 cum
531 4583 656 4653 ipsorum
669 4583 747 4638 cousi
761 4583 787 4637 io
801 4581 837 4638 de
851 4589 965 4653 treuga,

170 4666 201 4715 ut
216 4656 321 4712 dietum
336 4662 388 4711 est.
406 4661 582 4720 tractaretur,
599 4652 642 4707 vel
659 4666 739 4723 pace.

205 4728 320 4785 interitu
331 4740 397 4781 vero
407 4723 529 4796 praedicti
542 4721 965 4793 000111001010010011110100010

170 4813 235 4857 eum
249 4798 334 4853 nobili
343 4798 404 4851 viro
414 4793 583 4866 ii[imerico]
597 4793 762 4848 vicecomite
774 4792 963 4859 Narbonensi,

171 4866 253 4926 nobis
268 4864 468 4932 nescientibus,
484 4866 511 4921 in
527 4862 653 4919 fraudem
665 4869 690 4917 et
704 4861 800 4918 dolum
813 4862 965 4919 100011100-

171 4947 245 5005 runt,
257 4939 284 4993 in
294 4946 401 4994 tantum
413 4935 487 5007 quod
502 4934 604 5007 comiti
608 4933 706 5003 juveni
719 4932 880 4989 fidelitatem
890 4932 965 5004 jura·

171 5012 212 5067 vit
228 5016 257 5067 et
274 5009 432 5066 hominium
476 5021 506 5061 ro
525 5003 639 5067 ducatu,
655 5004 824 5074 promittens
847 5003 965 5059 tirmiter

171 5082 246 5153 quod
257 5078 387 5135 redderet
398 5078 425 5133 ei
462 5075 608 5131 arbonam.
619 5073 698 5142 Quod
711 5088 775 5131 oum
787 5072 822 5129 ad
834 5074 963 5129 notitiam

170 5153 228 5209 0101
252 5149 457 5229 archiepiscopi
486 5146 673 5217 pervenisset,
698 5144 843 5200 civitatem
871 5145 963 5216 ipsam

169 5225 232 5279 sine
245 5235 323 5276 mora
339 5221 450 5275 intravi.
464 5216 626 5286 laetumque
639 5221 683 5270 est
696 5214 881 5286 pergratiam
896 5216 963 5270 lesu

169 5292 282 5358 Christi,
309 5288 468 5346 ministerio
494 5301 558 5341 meo
583 5293 612 5341 et
636 5285 782 5363 diligentia
810 5283 961 5355 proborum

169 5363 316 5420 hominum
333 5360 368 5416 de
386 5359 460 5424 villa,
477 5355 579 5428 quihus
601 5353 675 5427 quod
689 5363 837 5481 duraverat
852 5362 881 5409 et
896 5369 960 5424 pro·

98 5492 106 5503 ,
168 5432 498 5488 01100101Α.1’1000011100
536 5426 669 5482 1111101010
709 5423 864 5496 isplieebat,
888 5424 962 5494 quod

169 5502 312 5573 sepedicti
327 5501 447 5556 comites
461 5506 489 5554 et
504 5442 551 5553 apii
574 5495 662 5552 faiditi
684 5495 846 5566 predictam
861 5495 960 5551 civita·

170 5584 218 5645 sur
239 5571 357 5627 minime
379 5568 532 5625 habebunt.
550 5568 584 5623 Et
598 5581 662 5623 cum
680 5573 853 5621 memoratus
865 5579 962 5620 eomes

780 263 956 323 HONORII
978 262 1023 322 111
1043 263 1197 331 orant,

1748 262 1809 320 592

1011 421 1186 496 experiens
1201 419 1229 479 si
1245 417 1330 480 sorte
1351 419 1464 481 divina
1487 418 1712 495 providentia,
1734 433 1811 494 que

1011 517 1046 577 in
1070 516 1245 576 sacrificiis
1260 516 1410 591 praecipit
1429 517 1573 591 caputet
1593 513 1809 576 0001100101-

1013 614 1104 684 ferri,
1122 614 1157 673 in
1170 612 1358 687 hujusmodi
1374 612 1499 687 negotii
1513 611 1580 672 tine
1596 612 1683 671 velit
1694 611 1812 670 minis-

1012 711 1097 771 terio
1113 713 1176 771 tuae
1192 709 1426 769 sollicitudinis
1436 709 1495 780 uti,
1512 707 1810 784 superpraemissis

1013 807 1159 867 studiose
1175 808 1296 866 tractes
1320 822 1395 866 curn
1409 806 1512 865 nobili
1526 806 1726 874 memorato,
1744 804 1809 863 ad·

1008 904 1134 980 junctis
1153 903 1212 964 tibi
1227 902 1393 980 aliquibus
1411 918 1454 962 ex
1475 902 1642 978 episcopis
1662 900 1810 961 Provin-

1012 1000 1084 1072 cias,
1099 1001 1128 1060 si
1136 1001 1258 1061 videris
1271 999 1447 1075 expedire;
1459 1001 1492 1059 et
1504 1000 1534 1058 si
1548 1013 1625 1059 eum
1640 998 1810 1058 voraciter

1012 1098 1133 1158 0110110
1148 1097 1361 1173 conspexeris
1371 1094 1495 1173 quaeab
1509 1095 1703 1171 Apostolica
1724 1095 1812 1155 Sede

1013 1195 1079 1255 sint
1102 1194 1219 1254 merito
1244 1192 1457 1269 acceptanda,
1481 1193 1522 1254 ad
1537 1190 1811 1268 ipsumlegatum

1012 1289 1208 1352 festinanter
1222 1290 1372 1361 accedas,
1383 1292 1416 1350 et
1426 1305 1499 1367 quae
1510 1289 1684 1349 inveneris
1696 1288 1812 1350 sibiae

1013 1387 1150 1464 praelato
1164 1388 1234 1463 regi
1249 1387 1391 1448 fideliter
1405 1402 1445 1446 ac
1455 1386 1634 1461 diligenter
1645 1401 1809 1462 exponas,

1013 1500 1052 1545 ac
1072 1483 1166 1545 nobis
1187 1483 1287 1545 etiam
1315 1500 1381 1544 non
1405 1483 1540 1544 differas
1568 1480 1761 1559 intimare(
1782 1482 1810 1561 ),
1906 1492 1910 1501 ’

1013 1630 1210 1700 liontislortis,
1232 1633 1280 1704 qui
1303 1639 1371 1689 tunc
1391 1639 1451 1689 erat
1475 1630 1577 1705 [apud]
1601 1631 1811 1689 carcassonam

1013 1718 1076 1759 cum
1097 1705 1165 1769 suis,
1186 1703 1222 1759 ad
1241 1703 1346 1760 multos
1368 1702 1487 1759 nuncios
1509 1703 1565 1758 mei
1587 1700 1810 1775 archiepiscopi,

1013 1781 1040 1829 et
1060 1774 1168 1830 litteras
1184 1787 1256 1855 quas
1268 1774 1296 1829 ei
1311 1771 1414 1829 devote
1431 1771 1594 1843 frequenter
1614 1771 1724 1837 direxi,
1746 1787 1811 1829 eum

1014 1844 1147 1899 militibus
1158 1858 1217 1899 sura
1231 1841 1362 1899 eamdem
1377 1843 1538 1899 Narbonem
1554 1842 1693 1909 venisset,
1711 1842 1807 1913 probi·

1014 1914 1098 1970 bente
1112 1913 1265 1985 sepedicto
1281 1914 1458 1981 vicecomite,
1478 1927 1528 1983 per
1541 1910 1659 1968 biduum
1676 1926 1736 1968 non
1757 1911 1812 1969 luit

1014 1985 1086 2040 intra
1108 1986 1270 2040 Narbonem
1291 1990 1430 2055 receptus.
1447 1982 1631 2039 Postmodum
1653 1989 1752 2038 tamen
1775 1981 1812 2039 ad

1014 2055 1179 2110 instantiam
1201 2054 1257 2109 mei
1276 2052 1482 2124 archiepiscopi
1497 2059 1526 2109 et
1539 2052 1679 2107 dictorum
1697 2054 1810 2124 episco-

1015 2139 1114 2196 porum
1140 2132 1168 2180 et
1212 2124 1343 2179 roborum
1367 2122 1526 2190 homiuum,
1550 2121 1717 2179 Narbonem
1741 2138 1808 2179 cum

1014 2196 1074 2250 suis
1084 2139 1246 2250 hominibus
1261 2194 1394 2250 introivit.
1415 2195 1456 2249 Es
1467 2201 1535 2249 tuno
1548 2207 1614 2249 eum
1628 2206 1689 2264 ego
1703 2200 1732 2248 et
1748 2208 1810 2249 me·

1015 2266 1115 2320 morati
1141 2264 1267 2335 episcopi
1291 2270 1320 2319 et
1344 2264 1437 2320 clerus
1463 2264 1551 2335 ipsius
1573 2263 1648 2318 villa
1670 2263 1813 2334 caepimus

1015 2336 1156 2404 inquirere
1191 2333 1341 2406 diligenter
1374 2341 1467 2389 utrum
1499 2334 1651 2404 pecuniam
1685 2335 1813 2403 aliquam

1016 2405 1143 2460 invenire
1167 2419 1325 2476 possemus,
1352 2419 1403 2476 per
1425 2417 1510 2475 quam
1532 2403 1635 2463 civitas
1656 2405 1809 2461 Careamu-

1015 2476 1112 2535 uensis
1123 2473 1257 2530 custodiri
1270 2474 1385 2541 valeret,
1397 2481 1425 2530 01
1436 2488 1534 2530 eomes
1547 2473 1686 2543 usquead
1701 2473 1813 2530 Pascha

1016 2546 1059 2601 vel
1075 2560 1125 2616 per
1137 2543 1250 2615 aliquod
1268 2551 1378 2615 tempus
1400 2558 1465 2599 eum
1486 2542 1622 2599 militibus
1636 2552 1812 2600 remaneret

1016 2616 1094 2672 Licet
1109 2615 1195 2686 igitur
1207 2628 1343 2685 personas
1356 2620 1467 2670 nostras
1479 2614 1616 2669 vellemus
1629 2614 1658 2669 in
1674 2612 1813 2686 hostagia

1015 2693 1044 2741 et
1058 2686 1254 2756 possessiones
1268 2684 1380 2756 pignori
1393 2683 1532 2755 obligare,
1546 2682 1709 2754 praestando
1723 2685 1812 2740 etiam

1016 2756 1087 2811 alias
1110 2757 1257 2811 cautiones
1282 2762 1310 2810 et
1332 2754 1500 2810 securitates
1523 2768 1574 2824 pro
1599 2754 1721 2825 pecunia
1749 2756 1812 2825 ipsa

1016 2823 1812 2896 creditoribusquascumqueposssemus,sicquaerentes

1016 2904 1144 2952 mutuum
1158 2910 1213 2950 000
1249 2895 1373 2950 01010100
1383 2896 1517 2965 reperire.
1529 2894 1664 2950 Similiter
1680 2902 1708 2951 et
1719 2894 1814 2951 dietus

1016 2981 1113 3022 comes
1128 2909 1312 3022 110011οΡ0111(
1326 2966 1458 3035 esposuit
1468 2971 1572 3020 terram
1582 2979 1665 3021 suam
1678 2964 1715 3020 de
1727 2967 1816 3022 Fran·

1016 3038 1070 3101 eia,
1086 3044 1114 3090 et
1130 3050 1279 3107 personam
1296 3035 1408 3106 pignori
1427 3032 1622 3106 obligandam,
1639 3041 1670 3090 ut
1685 3033 1720 3090 ad
1744 3037 1811 3090 reti·

1017 3105 1126 3162 nendos
1143 3107 1247 3161 milites
1266 3120 1337 3175 quos
1355 3104 1484 3176 iamper
1506 3104 1612 3175 aliquot
1635 3105 1815 3177 septimanas

1017 3192 1101 3248 super
1111 3176 1350 3247 impignoratione
1362 3182 1444 3230 terre
1453 3188 1512 3230 sue
1524 3189 1574 3245 pro
1585 3174 1676 3231 trihus
1688 3176 1815 3232 millibus

1017 3247 1151 3302 librarum
1177 3247 1341 3312 retinuerat,
1367 3252 1398 3300 ut
1423 3242 1544 3311 dicebat,
1572 3252 1669 3316 posset
1696 3244 1813 3317 aliquod

1017 3318 1168 3373 consilium
1194 3315 1344 3383 adhihere;
1373 3321 1402 3370 et
1429 3314 1545 3385 insuper
1573 3314 1712 3373 offerebat
1736 3315 1814 3387 quod

1017 3388 1095 3443 solus
1104 3393 1261 3442 remaneret
1271 3385 1423 3451 Narbone,
1433 3384 1564 3454 quamvis
1575 3384 1811 3450 aliirecederent,

1018 3457 1084 3514 dnm
1105 3464 1201 3513 tamen
1218 3458 1310 3527 ipsum
1326 3456 1404 3511 cives
1418 3455 1447 3510 in
1462 3469 1513 3511 sua
1528 3452 1584 3511 ilde
1599 3456 1772 3527 reciperent,
1784 3464 1815 3512 et

1018 3527 1110 3584 dictus
1133 3528 1167 3583 Α.
1192 3527 1363 3591 vicecomes,
1388 3525 1436 3595 qui
1459 3531 1504 3581 est
1523 3526 1655 3595 capitalis
1678 3526 1812 3582 iuimicus

1019 3598 1090 3671 ejus,
1106 3598 1247 3653 civitatem
1262 3610 1318 3651 non
1334 3596 1450 3650 intraret
1464 3609 1530 3651 cum
1543 3596 1615 3666 ipso.

1054 3670 1089 3724 Et
1102 3668 1167 3739 quia
1184 3667 1270 3722 nimia
1290 3665 1370 3721 ruina
1391 3664 1477 3720 nimis
1496 3665 1595 3736 paucis
1617 3666 1744 3737 reliquiis
1763 3681 1810 3723 ec·

1018 3739 1184 3809 etesiaeque
1196 3738 1223 3792 in
1240 3737 1343 3792 nostris
1355 3735 1482 3806 partibus
1494 3745 1703 3803 remanserant,
1715 3738 1810 3793 immi·

1019 3808 1118 3875 nebat,
1147 3817 1175 3863 et
1206 3805 1375 3878 sepedictus
1402 3819 1501 3861 comes
1532 3804 1718 3863 Norrtisiortis
1750 3808 1813 3862 siue

1019 3892 1126 3949 magno
1147 3877 1310 3934 discrimine
1338 3876 1416 3931 exire
1446 3889 1503 3931 non
1537 3883 1649 3946 poterat
1674 3876 1711 3934 de
1738 3885 1811 3933 terra

1020 3956 1133 4021 propter
1146 3947 1353 4003 multitudinem
1367 3945 1515 4001 mulierum
1526 3953 1555 4001 et
1564 3947 1748 4016 parvulorum
1763 3946 1810 4018 qui

1019 4018 1227 4075 cantitabantur
1245 4032 1310 4073 eum
1329 4031 1374 4084 eo,
1391 4023 1418 4071 et
1433 4016 1499 4086 quia
1514 4022 1583 4072 tunc
1603 4018 1739 4088 temporis
1757 4018 1808 4074 hu·

1021 4090 1096 4145 mina
1113 4102 1168 4144 non
1184 4094 1313 4159 poterant
1333 4084 1522 4153 transvadari,
1544 4101 1599 4142 uec
1621 4096 1718 4158 posset
1737 4087 1810 4143 idern

1019 4174 1117 4215 000100
1132 4174 1196 4213 0001
1210 4158 1279 4221 suis,
1291 4155 1505 4227 prohibentibus
1518 4155 1648 4213 hostibus
1663 4159 1711 4228 qui
1725 4165 1810 4213 totam

1022 4228 1078 4285 lere
1100 4237 1204 4284 terram
1227 4232 1446 4297 occupaverant.
1468 4228 1601 4282 victualia
1627 4226 1812 4295 10100110,οθ

1019 4300 1138 4356 consitio
1156 4297 1353 4369 praedictorum
1373 4298 1571 4368 episcoporum
1589 4302 1619 4352 01
1632 4299 1748 4369 capituli
1763 4312 1807 4353 ec·

1020 4371 1113 4425 etesiae
1128 4367 1331 4434 Narbonensis,
1347 4381 1403 4438 ego
1421 4369 1454 4422 h.
1475 4365 1710 4439 archiepiscopus
1728 4381 1808 4424 unam

1020 4440 1055 4495 de
1070 4438 1234 4495 rudioribus
1246 4436 1473 4508 possessionibus
1487 4438 1570 4504 meis,
1584 4452 1672 4507 quam
1688 4447 1808 4510 tempore

1020 4508 1272 4566 administrationis
1284 4523 1355 4563 mea
1372 4507 1560 4577 acquisieram
1572 4522 1624 4577 pro
1637 4508 1740 4580 viginti
1750 4508 1807 4563 ruil-

1020 4582 1092 4636 iihus
1111 4578 1275 4645 solidorum,
1291 4577 1427 4658 obligavi,
1442 4583 1471 4631 et
1486 4590 1522 4632 01(
1538 4577 1592 4632 0110
1617 4587 1699 4649 parte
1717 4585 1807 4635 mutuo

1020 4651 1156 4707 ducentas
1165 4649 1369 4719 libras‘aceepr,
1381 4646 1542 4702 molendina
1557 4662 1622 4728 mea
1635 4657 1665 4705 et
1675 4647 1806 4775 q'uasdam

1020 4722 1089 4777 alias
1104 4720 1300 4791 possessiones
1345 4732 1375 4772 ro
1397 4724 1512 4772 centum
1535 4716 1614 4773 libris
1631 4718 1690 4775 uilu
1703 4718 1806 4775 ominus

1020 4793 1082 4847 aliis
1102 4789 1288 4847 oreditoribus
1305 4733 1478 4867 ossligaudoj
1492 4802 1578 4857 quam
1595 4791 1747 4858 pecuniam
1768 4795 1804 4843 te·

1019 4870 1076 4918 tam
1091 4861 1144 4933 ipsi
1154 4860 1250 4916 comiti
1261 4867 1288 4915 et
1298 4858 1334 4915 sti
1356 4856 1805 4924 001110111000101101110101110110,

1018 4932 1119 4988 saltem
1135 4946 1185 5015 per
1204 4931 1311 5054 aliquot
1345 4929 1395 4990 ies,
1413 4933 1529 4998 possent
1550 4928 1580 4982 10
1601 4935 1677 4985 10110
1698 4927 1805 4990 morari,

1018 5010 1045 5059 et
1060 5004 1172 5057 interim
1186 4999 1220 5056 ad
1236 5001 1358 5071 siquam
1374 4996 1578 5053 relevationem
1594 5000 1706 5070 negotii
1719 5003 1806 5071 posset

1018 5073 1054 5129 ali
1076 5071 1131 5127 uod
1147 5069 1301 5126 remedium
1318 5068 1448 5124 10100111.

1053 5088 1191 5199 greterea
1207 5155 1271 5197 cum
1286 5144 1443 5194 memorato
1458 5139 1491 5192 d.
1505 5137 1611 5193 comite
1626 5136 1804 5195 honustatus

1017 5220 1045 5269 et
1068 5210 1259 5283 stipendiariis
1287 5208 1423 5265 militibus
1446 5221 1503 5278 ego
1525 5206 1759 5279 archiepiscopus
1780 5212 1805 5261 01

1017 5282 1165 5339 meurcrati
1206 5281 1332 5353 episcopi
1369 5280 1574 5336 carcassonam
1619 5279 1803 5359 perreximus,

1017 5353 1108 5409 daturi
1122 5366 1248 5422 operam,
1265 5351 1289 5406 si
1302 5363 1451 5474 possemus
1466 5347 1560 5473 010ὲο0
1573 5354 1736 5428 1011000,οι
1750 5361 1804 5418 pos

1017 5430 1060 5479 set
1072 5437 1163 5492 usque
1178 5420 1213 5476 ad
1229 5423 1300 5478 l’asc
1323 5434 1337 5474 a
1357 5420 1457 5474 saltem
1475 5431 1508 5472 00
1531 5432 1577 5473 010
1597 5419 1700 5473 crvitas
1718 5423 1802 5473 custo·

1017 5492 1081 5560 diri,
1105 5493 1152 5549 uhi
1180 5492 1283 5547 iterum
1308 5488 1400 5545 dictus
1426 5501 1523 5543 comcs
1552 5486 1750 5553 hlautislortis,
1771 5484 1802 5540 de

1017 5562 1256 5619 exterminatione
1280 5560 1388 5632 negotii
1410 5557 1497 5614 tristis
1513 5564 1541 5614 et
1556 5555 1666 5627 dolens,
1683 5557 1803 5629 0111100011
