3930 6206
88 326 145 387 029
687 326 916 388 EPIS'IOLAE.
944 328 1020 389 LIB.
1043 330 1129 390 VIII.
1673 333 1734 393 630

88 486 122 547 in
137 485 281 547 Domino
303 485 583 557 commendantes,
608 483 669 547 tibi
685 485 882 548 anctoritate
938 487 1033 550 bonae
1044 488 1213 550 memoriae
1225 488 1419 552 Ambianen.
1437 489 1639 568 episcopum,
1653 492 1729 561 etc„

87 581 303 659 praesentium
319 582 538 654 declaramus,
558 582 644 659 quod
671 582 758 643 idem
773 582 882 659 impe·
938 586 1089 660 rttsupru
1104 601 1211 660 usque
1226 589 1480 663 procederenon
1493 591 1732 667 curante,prae·

86 680 179 740 rator
194 679 236 739 ad
247 678 354 756 ipsius
379 680 478 740 terrae
494 679 726 740 liberationem
739 695 881 755 magna·
938 682 1019 743 dicti
1033 681 1134 743 abbas
1145 686 1177 744 et
1192 687 1374 746 conventus
1389 686 1595 749 attendentes
1610 703 1653 747 ex
1667 686 1731 748 boc

86 774 223 837 nimiter
247 792 287 836 ac
312 776 488 851 magnifice
512 792 548 836 se
574 777 729 852 accingit,
754 791 774 836 a
798 776 883 838 festo
937 794 1039 854 grave
1054 779 1355 857 sibipraejudicium
1369 783 1535 859 generari,
1552 784 1728 860 petierunt,

87 874 119 933 S.
135 870 303 934 Iohannis
329 874 488 949 Baptistae
518 874 670 949 proximo
690 872 730 933 ad
758 889 883 933 annum
937 878 974 937 ut
988 891 1088 951 quum
1106 878 1482 953 nonsolumbiennium,
1498 881 1729 942 verumetiam

84 985 202 1041 unum,
217 986 276 1045 pro
289 969 461 1030 liberanda
477 970 517 1030 de
532 969 685 1031 manibus
698 969 882 1030 infidelium
937 971 1007 1033 iere
1031 974 1286 1049 quadriennuim
1297 978 1367 1052 jam
1387 981 1466 1039 tunc
1489 978 1684 1049 effluxisset,
1709 994 1730 1039 a

82 1068 176 1128 terra
191 1066 276 1143 ipsa,
294 1082 370 1127 cum
382 1068 558 1127 innumera
570 1067 716 1128 fidelium
728 1067 881 1129 multitu·
937 1070 1084 1146 tempore
1096 1073 1269 1133 sententiae
1283 1074 1493 1149 supradictae,
1517 1073 1663 1151 ejusdem
1678 1077 1732 1136 te·

82 1163 175 1233 dine,
193 1163 310 1224 etalio
332 1165 506 1240 apparatu,
533 1164 700 1240 imperiali
727 1163 884 1240 magnid-
937 1182 1018 1227 nore
1034 1167 1158 1229 dictum
1182 1170 1420 1231 monasterium
1440 1171 1730 1248 pronuntiaremus

82 1260 196 1321 centia
210 1260 322 1335 digno,
336 1260 467 1322 dbristo
483 1261 620 1322 ductore
635 1261 778 1323 feliciter
788 1264 883 1322 tran·
937 1264 1078 1325 liberum
1093 1266 1126 1327 et
1140 1268 1339 1343 exemptum.
1359 1268 1451 1328 Licet
1463 1268 1584 1340 autem,
1599 1270 1674 1340 etc„
1690 1269 1731 1330 att

81 1357 223 1418 siturus.
234 1359 407 1418 Mouemns
418 1358 742 1434 igiturserenitatem
751 1361 883 1420 tuamet
936 1375 1163 1436 capreasque
1177 1362 1398 1425 absolventes.
1424 1364 1590 1436 Quocirca·
1600 1365 1729 1427 discre-

81 1454 260 1516 hortamur
274 1455 308 1516 in
324 1457 649 1531 Domin0‚qnatenus
658 1457 755 1534 juxta
770 1456 883 1517 lauda·
936 1458 1019 1519 tioni
1046 1460 1167 1521 restrae
1189 1476 1249 1536 per
1266 1461 1456 1537 Apostolica
1481 1462 1604 1537 scripta
1635 1478 1732 1522 man-

79 1551 185 1612 bilem
213 1550 471 1628 promissionem
496 1555 603 1625 tuam,
630 1554 724 1614 tuum
749 1552 881 1614 studeas
936 1556 1064 1628 damus,
1078 1559 1336 1635 quatenusquod
1349 1559 1514 1635 superbis
1532 1559 1581 1620 est
1599 1574 1619 1619 a
1634 1558 1729 1620 nobis

80 1648 266 1711 exseritum
280 1650 393 1712 taliter
402 1666 604 1728 praeparare,
619 1651 704 1727 quod
716 1652 883 1726 tuncpos-
936 1654 1179 1715 sententialiter
1193 1654 1381 1727 disdnltum,
1403 1656 1534 1717 faciatis
1546 1642 1730 1718 inviolabiss

81 1746 129 1806 sis
143 1747 287 1807 Domino
305 1751 323 1808 J
327 1764 385 1808 esu
400 1747 532 1810 Christo
554 1747 689 1823 dignum
709 1748 879 1824 magnitu-
935 1750 1012 1811 liter
1026 1749 1210 1819 observari,
1224 1753 1497 1825 contradictores,
1514 1756 1575 1815 etc.
1593 1752 1730 1824 Quodsi

81 1843 160 1905 dine
171 1846 231 1904 tua
246 1844 418 1905 servitium
432 1844 602 1905 exhibere.
614 1846 659 1907 Ut
673 1847 783 1906 autem
798 1847 834 1907 tu
849 1846 881 1906 et
936 1862 1001 1908 non
1027 1862 1152 1919 omnes,
1169 1850 1230 1910 etc.
1250 1838 1369 1911 Datum
1393 1851 1560 1921 Laterani,
1582 1853 1628 1910 Ili
1654 1848 1730 1910 idus

81 1940 209 2001 subditi
228 1941 278 2001 tui
289 1941 330 2001 ad
353 1944 421 2002 tam
438 1945 588 2004 sanctum
609 1957 692 2018 opus
710 1958 769 2003 vos
788 1943 880 2003 tauto
936 1944 1027 2016 maii,
1042 1959 1132 2005 anno
1148 1946 1276 2008 octavo.

78 2037 244 2099 libentius
260 2041 292 2099 et
304 2038 455 2101 devotius
468 2039 674 2115 praeparetis,
692 2041 815 2116 quanto
838 2056 881 2100 en

79 2135 145 2196 boc
157 2139 289 2213 majora
301 2135 395 2196 robis
408 2136 496 2212 apud
508 2139 611 2197 Deum
633 2137 771 2212 praemia
786 2151 880 2197 com-

77 2234 221 2309 paratis,
239 2233 448 2294 notificamus
479 2230 647 2295 devotioni
681 2234 758 2305 tuae,
793 2232 878 2310 quod

78 2346 210 2402 omnes,
227 2332 284 2407 qui
300 2331 447 2391 laborem
462 2331 561 2393 istum
581 2330 777 2407 inpropriis
803 2345 881 2407 per-

78 2429 174 2489 sonis
192 2427 356 2489 subierint
380 2430 414 2491 et
428 2429 601 2504 expensis3
630 2428 664 2490 et
686 2428 737 2487 illi
766 2428 877 2499 etiam,

78 2525 137 2602 qni
165 2540 234 2586 non
258 2525 293 2585 in
314 2526 467 2602 personis
497 2526 641 2602 propriis
663 2525 743 2587 illuc
761 2540 879 2586 acces-

78 2623 189 2684 serint
202 2622 259 2683 sed
276 2622 309 2682 in
325 2623 396 2683 suis
410 2623 568 2700 expensis
590 2623 688 2701 Juxta
702 2622 879 2683 facultates

77 2734 160 2780 snas
187 2720 279 2780 viros
309 2719 450 2781 idoneos
483 2720 737 2795 destinaverint5
772 2721 806 2781 et
827 2719 879 2779 illi

78 2816 249 2889 similiter,
266 2816 323 2893 qui
337 2816 416 2878 licet
439 2817 474 2877 in
498 2817 618 2878 alienis
644 2817 812 2894 expensis
843 2817 878 2876 in

76 2913 227 2991 propriis
235 2915 347 2974 tamen
361 2915 513 2990 personis
521 2915 733 2986 accesserint,
747 2915 877 2991 plenam

76 3013 294 3088 peccatorum
307 3026 454 3083 suorum,
471 3013 511 3072 de
524 3011 643 3088 quibus
654 3027 732 3073 vere
743 3012 878 3073 contriti

76 3110 207 3168 inerint
219 3108 417 3180 etconsessi,
433 3108 567 3169 veniam
583 3109 669 3170 dono
679 3108 877 3185 apostoncae

76 3204 299 3281 indulgentiae
318 3207 600 3281 consequuntur...
619 3207 667 3265 Tu
684 3221 762 3283 ergo
791 3221 878 3282 prae·

76 3305 193 3364 sentes
207 3301 337 3362 litteras
365 3301 470 3363 facias
493 3303 561 3364 tuis
587 3302 727 3363 subditis
753 3302 876 3363 Cbristi

1255 2196 1413 2283 CCXIII

1048 2346 1100 2405 Ad
1111 2348 1304 2407 Heremias
1318 2347 1425 2420 foratis
1435 2350 1616 2408 Accitana.

1229 2476 1261 2532 13
1276 2476 1344 2533 maii
1358 2476 1436 2534 itit.

1017 2588 1170 2653 [mittarelli.
1183 2590 1277 2641 Annal.
1288 2591 1441 2651 camaldul,
1451 2591 1494 2650 IV,
1507 2606 1566 2656 app.
1583 2591 1652 2656 4334

934 2706 1049 2763 Heremi
1064 2706 1162 2763 Fontis
1179 2706 1326 2764 Atellanas
1345 2709 1464 2765 tutelam
1478 2708 1597 2780 suscipit
1617 2721 1731 2766 omncs·

969 2809 1024 2865 quc
1043 2794 1105 2867 ejus
1124 2796 1333 2868 possessiones,
1348 2795 1413 2868 jura
1433 2811 1468 2854 ac
1488 2796 1638 2869 privilegia
1657 2810 1726 2855 con·

969 2881 1073 2939 ssrmat.

972 2999 1647 3075 Honoriusepiscopus,serrusservorum
1655 3002 1727 3073 Dei,

932 3095 1062 3157 dilectis
1086 3096 1165 3158 tiliis
1192 3097 1313 3173 priori,
1346 3096 1379 3158 et
1402 3096 1560 3159 fratribus
1592 3099 1728 3159 Heremi

932 3194 1046 3254 Fontis
1068 3193 1249 3265 avellanae,
1278 3209 1459 3271 eorumque
1478 3194 1728 3256 successoribus

931 3290 1131 3365 regulariter
1142 3290 1381 3353 substituendis
1393 3291 1429 3351 in
1441 3293 1647 3369 perpetuum.
1701 3302 1708 3317 '

75 3397 236 3460 fidelibus
257 3399 403 3470 recitari,
423 3397 543 3476 quibus
560 3401 657 3476 juxta
679 3399 878 3475 postulatio·
973 3391 1131 3465 superna
1157 3388 1382 3450 miserationis
1416 3391 1569 3467 respectu
1595 3388 1636 3449 ad
1664 3389 1728 3451 1100

75 3511 155 3557 nem
198 3499 303 3566 tuam,
346 3494 613 3556 benedictionem
653 3496 876 3572 Apostolicam
932 3485 1133 3548 universalis
1153 3485 1310 3547 Ecclesiae
1326 3488 1533 3563 suscepimus
1546 3502 1671 3558 curam,
1694 3488 1728 3549 et

75 3592 274 3668 elargimur,
297 3592 526 3668 promittentes
545 3592 605 3653 tibi
620 3593 653 3654 et
673 3593 722 3653 eis
744 3593 779 3652 in
799 3592 876 3670 qni-
930 3583 1626 3659 Apostolicimoderaminissollicitudinem
1635 3584 1727 3660 geri-

75 3691 285 3765 buscumque
298 3690 481 3765 oportuerit
500 3689 533 3750 et
554 3689 713 3761 decuerit,
729 3691 875 3766 Aposto-
931 3696 1015 3751 mus,
1036 3681 1073 3742 ut
1091 3681 1194 3757 iustis
1212 3681 1393 3756 petentium
1415 3683 1501 3744 votis
1520 3681 1726 3757 benignitate

74 3787 153 3848 licae
167 3786 265 3847 Sedis
275 3786 418 3861 gratiam
433 3788 466 3846 et
482 3784 641 3847 favorem.
659 3788 777 3847 Datum
806 3787 874 3847 La·
930 3775 1118 3848 faveamus,
1152 3778 1276 3838 ἃῖῖθῐὶϊθ
1307 3793 1347 3839 30
1368 3778 1534 3854 ae(iustitis
1549 3777 1726 3838 libramine

74 3883 253 3961 terani,lV
264 3882 338 3944 idus
349 3883 440 3955 maii,
449 3883 661 3959 pontificatus
673 3883 875 3944 nostriauno
930 3873 1108 3943 debeamus
1124 3874 1289 3946 omnibus,
1301 3875 1461 3950 quantum
1475 3890 1550 3936 cum
1566 3877 1632 3935 Deo
1647 3890 1726 3950 pos-

75 3984 209 4044 octavo.
930 3987 1054 4043 sumus,
1090 3970 1279 4034 subvenire.
1314 3973 1508 4047 Eapropter,
1546 3971 1659 4032 dilecti
1688 3971 1724 4033 in

930 4068 1068 4129 Domino
1081 4069 1154 4137 iiiii,
1177 4068 1298 4129 vestris
1318 4068 1420 4145 iustis
1442 4067 1722 4146 postulationibus

929 4153 1304 4238 clamenteraunnimus,
1316 4166 1350 4226 et
1362 4165 1535 4242 praelatum
1545 4168 1723 4227 Heremum

929 4263 1043 4324 FoutIs
1052 4263 1234 4335 Avellanae,
1246 4278 1320 4338 quae
1330 4260 1418 4323 beati
1432 4264 1523 4325 Petri
1532 4264 1620 4340 juris
1631 4263 1723 4325 exis-

927 4361 979 4429 tit,
995 4359 1037 4420 ad
1052 4358 1222 4435 exemplar
1245 4358 1353 4421 felicis
1377 4360 1617 4422 recordationis
1639 4364 1723 4422 Gre-

851 4447 862 4459 ’
929 4457 1016 4533 gorii
1032 4460 1132 4534 Papae
1149 4457 1291 4533 septimi,
1320 4457 1575 4534 praedecessoris
1603 4458 1720 4530 nostri,

929 4554 989 4615 sub
1003 4553 1093 4615 beati
1107 4555 1198 4616 Petri
1213 4555 1246 4615 et
1260 4555 1373 4615 nostra
1388 4556 1592 4631 protectione
1609 4556 1720 4616 susci-

928 4652 1049 4727 pimus,
1062 4653 1096 4713 et
1110 4651 1284 4728 praesentis
1300 4652 1414 4727 scripti
1429 4652 1615 4728 patrocimo
1630 4667 1722 4713 com·

928 4749 1108 4821 munimus,
1136 4749 1331 4819 statuentes,
1352 4751 1389 4810 ut
1402 4764 1628 4826 quascumque
1637 4765 1719 4826 pos-

927 4846 1104 4918 sessiones
1122 4861 1339 4923 quaecumque
1364 4846 1452 4907 bona
1478 4848 1594 4910 domus
1608 4848 1720 4908 vestra

410 4192 546 4280 CCXII

116 4339 170 4396 nd
186 4338 347 4410 priorem
361 4336 395 4394 s.
413 4336 605 4408 Gcaooafae,
621 4335 655 4394 ei
667 4337 835 4396 damaim

248 4435 283 4493 S.
301 4435 455 4493 Marcelli
472 4434 698 4493 parisiensis.

372 4560 406 4619 {3
420 4562 487 4619 maii
502 4560 579 4619 tait.

88 4690 216 4753 mazaei„
228 4685 275 4736 lib.
286 4684 354 4745 vul,
365 4685 438 4750 epist.
447 4684 502 4734 lla.
513 4687 570 4737 biss.
586 4685 623 4735 La
632 4686 707 4735 Porta
717 4685 751 4735 du
761 4685 855 4747 Tbeil.]

151 4811 234 4871 Idem
252 4816 455 4883 argumentum
468 4809 543 4882 quod
557 4809 684 4883 epistolae
697 4810 789 4869 CCXI.

110 4945 297 5017 Honorius,
321 4945 397 5017 etc„
424 4943 555 5007 dilectis
590 4945 669 5005 filiis
702 4944 813 5006 abbati
840 4946 874 5006 et
927 4942 961 5002 in
975 4943 1228 5020 praesentiarum
1242 4944 1332 5019 juste
1345 4944 1378 5005 et
1388 4945 1547 5005 canonice
1561 4944 1717 5021 possidet,

66 5045 180 5122 priori
192 5044 325 5104 Sauctae
343 5042 530 5111 denotatae,
553 5045 586 5104 et
611 5042 737 5103 decano
757 5043 871 5104 Sancti
926 5041 984 5102 aut
995 5041 1031 5100 in
1043 5039 1191 5102 futurum
1207 5041 1422 5102 concessione
1436 5041 1640 5118 pontificum,
1656 5040 1721 5102 lar·

65 5142 226 5203 Marcelli
237 5139 418 5211 Parisios,
435 5138 628 5201 salutem-at
648 5140 870 5215 apostoticam
925 5138 1051 5212 gitione
1066 5153 1181 5213 regum
1200 5138 1253 5199 vel
1280 5138 1478 5215 principum,
1495 5138 1660 5200 oblatione
1674 5139 1719 5198 d-

62 5238 350 5300 benedictionem.
926 5235 1060 5306 delium,
1088 5250 1148 5296 sen
1173 5235 1250 5296 aliis
1274 5235 1515 5311 justismodis,
1540 5222 1719 5311 praestante

108 5338 204 5396 inter
215 5336 339 5395 castere
349 5334 472 5395 dirime
487 5334 586 5410 plena
601 5333 780 5411 mysteriis,
793 5334 868 5403 etc,
925 5333 1076 5405 Domine,
1090 5333 1211 5409 poterit
1234 5332 1385 5409 adipisci,
1413 5334 1508 5392 drma
1528 5331 1623 5394 vobis
1639 5349 1718 5395 ves-

60 5434 105 5495 ut
129 5436 168 5493 itt
190 5434 262 5492 atio
272 5445 379 5504 usque
401 5431 533 5507 gladius
561 5431 617 5492 bic
636 5431 752 5502 exivit,
770 5446 870 5507 quum
924 5429 1716 5507 trisquesuccessoribusetillibatapermaneant

59 5527 302 5611 insanientis,
327 5543 426 5605 quam
449 5529 527 5589 tulit
549 5528 638 5590 inter
659 5526 811 5589 abbatem
837 5531 870 5589 et
926 5528 1107 5604 inquibus
1145 5528 1217 5589 baec
1243 5527 1388 5603 propriis
1415 5527 1571 5588 duximus
1599 5529 1718 5605 expri-

58 5629 276 5689 conventum
292 5626 404 5687 Sancti
429 5626 579 5688 Ricbarii
607 5627 641 5685 in
663 5625 814 5693 Pontivo,
837 5625 870 5686 et
926 5624 1364 5687 mendavocabuliszlocum
1378 5624 1497 5699 ipsum,
1510 5625 1620 5703 inquo
1633 5642 1720 5702 prae·
