3972 6204
114 296 174 363 877

115 455 222 534 tigris,
233 455 410 521 abbatibus
421 457 652 521 Passaviensis
665 459 908 537 ultrasylvanae

112 554 148 615 et
160 553 378 617 cenadiensis
391 554 556 626 dioecesis,
572 571 631 633 per
645 556 776 619 nostras
791 556 907 621 damus

111 649 242 723 litteras
257 651 293 713 ln
307 651 483 723 mandatis,
499 654 536 714 ut
550 653 591 717 ad
607 653 680 716 looa
702 653 775 732 ipsa
787 668 906 731 perso·

110 747 236 811 naliter
249 748 456 821 accedentes,
474 748 596 811 limites
610 750 646 810 in
659 750 795 826 praelato
808 749 908 826 privi-

110 842 201 921 legio
213 844 270 907 tuo
280 860 456 921 expressos
471 845 651 923 inspiciant
662 847 857 923 diligentem
874 847 908 909 et

110 941 142 1000 si
156 941 305 1007 viderint
317 941 408 1018 ipsos
430 942 550 1009 fratres
566 942 691 1020 aliquid
717 946 813 1020 entra
827 958 907 1004 eos-

110 1036 187 1101 dem
203 1038 362 1101 terminos
375 1040 501 1101 temere
521 1054 714 1115 occupasse,
728 1041 842 1103 nostra
856 1040 906 1105 eis

109 1135 310 1201 auctiritate
325 1136 511 1213 injungant,
529 1137 566 1198 ut
583 1152 624 1199 ea
635 1136 695 1199 tibi
709 1136 814 1199 libere
827 1152 905 1197 res·

108 1231 246 1307 tituant,
260 1232 333 1295 sine
348 1248 452 1305 mora,
469 1232 628 1310 quidquid
645 1233 835 1295 invenerint
846 1249 907 1293 su-

108 1344 172 1405 per
186 1328 411 1405 praemissiset
424 1328 577 1402 fecerint,
590 1330 686 1392 nobis
700 1330 844 1395 fideliter
855 1345 906 1391 re-

107 1424 231 1501 laturi;
259 1427 296 1488 ut
321 1426 442 1504 siquid
473 1429 671 1490 remanserit
698 1428 902 1505 questionis,

107 1522 235 1587 nostrae
249 1523 451 1601 provisionis
466 1523 575 1587 studio
588 1525 748 1602 sopiatur.
765 1528 814 1586 Tu
824 1540 903 1602 ergo

107 1620 144 1681 et
156 1620 248 1697 ipsos
259 1619 418 1696 praedicta
430 1619 534 1682 libere
548 1622 752 1699 investigare
766 1623 905 1700 permit·-

106 1717 171 1789 tas,
189 1716 222 1779 et
236 1717 265 1777 si
279 1716 339 1779 tibi
353 1717 478 1787 videris
501 1719 670 1797 expedire,
697 1721 772 1783 tuos
791 1720 902 1785 mittas

105 1812 244 1877 nuntios
257 1828 332 1877 cum
344 1814 480 1887 eisdem,
498 1815 765 1893 investigationis
779 1816 903 1893 tritius-¹

104 1908 198 1973 modi
212 1910 333 1973 seriem
347 1911 555 1988 inspecturos
567 1935 575 1989 i
592 1915 702 1975 oenus
715 1914 802 1991 quod
816 1914 903 1976 siout

104 2006 233 2085 injusta
258 2008 509 2084 saepedictorum
542 2012 738 2086 gravamina
761 2010 902 2073 fratrum

104 2104 274 2167 sustinere
286 2106 322 2169 in
335 2107 495 2184 patientia
517 2108 682 2180 nolumus,
696 2109 829 2187 sicjura
843 2110 901 2171 tua

103 2200 215 2263 illaesa
238 2201 300 2267 tibi
323 2203 476 2266 volumus
503 2221 703 2268 conservare
720 2228 728 2266 ε
745 2222 845 2283 quum
868 2207 902 2268 te

102 2298 266 2376 munnam
280 2301 451 2377 egregium
465 2302 499 2363 et
508 2302 706 2367 catholicum
718 2304 900 2380 principem

10 2472 12 2479 4
104 2393 290 2461 habeamus
318 2398 354 2459 in
380 2398 566 2461 visceribus
593 2400 754 2463 caritatis.
782 2403 900 2467 Datum

104 2491 243 2561 Tibure,
261 2495 291 2555 ll
306 2494 380 2555 idus
391 2495 491 2574 junii,
508 2511 596 2558 anno
611 2511 710 2558 nono.
795 2571 800 2580 ¹

224 2894 278 2955 Ad
291 2894 446 2955 montem
463 2896 778 2993 trenorchiensem.

397 3022 431 3081 lt
440 3022 513 3097 junii
529 3022 608 3083 liat.

149 3144 265 3209 [luania
275 3145 338 3197 llist.
350 3146 381 3197 de
390 3142 506 3213 l'abbaye
515 3147 546 3199 de
554 3150 680 3211 Tuumne,
688 3163 776 3214 prens,
785 3147 851 3213 raa]

103 3271 139 3329 Ei
151 3270 285 3328 concedit
297 3279 329 3328 nt
339 3271 459 3330 abbates
472 3279 501 3329 et
516 3274 624 3345 priores
638 3274 811 3332 monasterio
827 3275 895 3331 Bre-

139 3358 306 3416 norebiensl
317 3358 549 3432 subiectosanuis
563 3362 684 3434 siugulis
698 3361 734 3419 ad
741 3362 895 3434 capitulum

139 3446 217 3520 apud
235 3446 309 3507 idem
325 3450 530 3509 monesterium
541 3449 742 3515 celebrandurn
758 3458 897 3517 convocet

138 3541 168 3592 et
182 3549 249 3592 cum
263 3536 306 3592 eis
320 3535 356 3593 de
374 3537 551 3599 correctione
574 3551 611 3597 ae
623 3537 825 3601 reformatione
848 3554 894 3596 or-

138 3622 216 3680 dinis
229 3623 386 3685 secundum
404 3624 479 3683 beati
507 3623 652 3685 Benedicti
671 3626 801 3701 regulam
816 3628 893 3691 salu·

137 3708 227 3769 briter
241 3718 352 3772 nectet.

142 3832 813 3918 Honoriusepiscopusservusservorum
822 3840 893 3909 Dei,

98 3932 225 3994 dilecto
244 3933 313 3996 illio
332 3934 443 3997 abbati
458 3936 727 4008 trenorchiensi,
754 3936 895 4001 salutem

97 4030 137 4093 et
148 4030 375 4107 apostolicam
386 4031 661 4097 benedictionem.

142 4128 226 4189 cnm
247 4128 377 4191 anobis
390 4129 514 4206 petitur
531 4130 617 4207 quod
636 4130 763 4209 justum
789 4131 841 4193 est
862 4132 895 4201 et

97 4223 291 4299 honestum,
310 4226 494 4303 tamvigor
519 4227 685 4304 aeqmnns
699 4244 798 4306 quam
812 4227 894 4293 ordo

96 4323 210 4399 exigit
221 4324 372 4394 rationis,
384 4325 421 4393 ut
431 4323 465 4385 id
477 4339 537 4401 per
552 4323 810 4389 sollicitudinem
819 4325 895 4387 ofli-

96 4418 148 4482 cii
161 4421 269 4482 nostri
290 4421 332 4483 ad
347 4420 493 4487 debitum
507 4421 710 4499 perducatur
727 4422 892 4487 effectum.

96 4518 185 4579 Cum
197 4516 312 4593 igitur,
327 4517 415 4585 siout
436 4533 479 4583 ex
503 4518 598 4596 parte
622 4518 679 4581 tua
693 4518 756 4583 suit
771 4535 895 4599 propo-

95 4614 204 4679 snum
216 4629 327 4679 coram
340 4615 446 4687 nobis,
463 4614 503 4677 de
515 4615 697 4693 approbata
715 4619 895 4681 consuetu·

95 4712 181 4779 dine
194 4710 367 4785 habeatur,
379 4711 416 4775 ut
424 4711 560 4777 abbates
570 4713 603 4774 et
616 4712 745 4790 priores
759 4730 894 4775 monas·

93 4808 188 4881 tario
195 4807 449 4873 'trenorchiensi
457 4807 636 4887 subjectos,
646 4811 743 4871 aunis
751 4811 893 4887 singulis

95 4919 266 4969 convoces
287 4903 329 4966 ad
342 4903 523 4981 capitulum
543 4905 629 4981 apud
647 4905 736 4967 idem
758 4922 895 4969 monas-

93 5001 222 5067 terium
230 4999 477 5070 celebrandum,
488 5016 564 5062 cum
576 5001 893 5066 eisdeoorrectione

94 5101 133 5167 et
154 5097 390 5163 reformatione
411 5097 549 5171 ordinis,
566 5099 747 5163 secundum
776 5103 891 5174 Deum,

94 5199 132 5262 et
145 5195 237 5257 beati
250 5194 420 5259 Benedicti
439 5196 590 5272 regulam
605 5196 786 5260 salubriter
798 5201 892 5260 trao-

695 300 959 391 nrisrouvn.
987 299 1065 371 nia
1089 299 1144 369 nv.
1259 340 1268 349 ,

1696 298 1757 367 878

962 457 1096 529 inore,
1121 457 1228 519 livill
1246 455 1410 527 kalendas
1426 456 1527 534 iunii,
1544 456 1753 534 noanneane

962 554 1068 623 nostri
1080 568 1169 619 anno
1178 568 1278 621 nono.

1266 776 1453 862 CLXXXI

961 927 1012 993 Ad
1019 927 1229 999 priorissam
1239 926 1273 989 ci
1282 927 1488 991 conveniam
1497 927 1753 995 matascense

1275 1027 1437 1087 Arrianae.

1250 1152 1285 1210 28
1296 1153 1369 1223 junii
1384 1153 1463 1210 laad.
1584 1192 1588 1197 -

1022 1275 1133 1340 filistini,
1141 1276 1204 1327 (lad.
1218 1276 1280 1342 dipl.
1292 1276 1585 1339 amnueni.,itli11,ll‚
1599 1292 1625 1327 n.
1636 1278 1689 1353 ab]

959 1401 1008 1457 Eis
1033 1400 1161 1474 indulget
1182 1408 1213 1458 ut
1235 1416 1300 1458 cum
1317 1401 1455 1475 generale
1470 1400 1649 1467 interdictum
1668 1410 1750 1463 terrm

993 1487 1086 1558 luerit,
1101 1490 1187 1549 liceat
1200 1491 1242 1549 ela
1260 1490 1365 1548 clausis
1381 1490 1487 1569 janue,
1503 1496 1570 1563 ete,
1586 1489 1681 1551 divina
1706 1489 1748 1548 ol·
1805 1522 1810 1527 -

994 1576 1057 1634 licia
1072 1577 1227 1634 celebrare.

997 1703 1165 1767 Honorius
1174 1703 1359 1785 episcopus,
1371 1718 1487 1767 servus
1496 1718 1667 1767 servorum
1678 1702 1748 1775 Dei,

958 1798 1087 1865 dilectis
1101 1800 1275 1867 incuriam
1292 1800 1422 1865 filiabus
1437 1801 1605 1878 priorissae
1621 1815 1660 1861 ao
1670 1816 1752 1861 con-

956 1897 1070 1959 ventui
1078 1897 1271 1960 monasterii
1286 1896 1488 1969 dedrnesse,
1497 1897 1623 1961 ordinis
1638 1896 1751 1961 Sancti

955 1994 1137 2069 Benedicti,
1165 1994 1345 2057 verdensis
1369 1994 1535 2067 dioecesis,
1563 1994 1752 2059 salutemet

956 2091 1179 2169 apostolicam
1194 2091 1467 2153 benedictionem.

997 2188 1088 2250 Solet
1102 2204 1251 2252 annuere
1267 2187 1368 2251 Sedes
1379 2187 1568 2265 Apostollca
1584 2187 1648 2265 piis
1663 2187 1748 2250 votis

955 2284 989 2346 et
1023 2285 1173 2349 honestis
1202 2285 1386 2362 petentium
1422 2284 1577 2362 precihus
1601 2285 1748 2349 favorem

955 2381 1144 2443 benivolum
1166 2381 1342 2458 impertiri.
1359 2383 1552 2457 Bapropter,
1569 2380 1697 2442 dilectae
1712 2382 1747 2442 in

956 2479 1086 2541 Christo
1110 2478 1200 2550 llliae,
1217 2477 1337 2539 vestris
1352 2478 1454 2555 justis
1469 2477 1747 2554 postulationibus

955 2576 1049 2651 grato
1086 2575 1323 2637 concurrentes
1363 2590 1514 2646 assensu,
1551 2574 1747 2637 auctoritate

954 2673 1048 2734 vobis
1059 2672 1275 2750 praesentium
1290 2670 1515 2747 indulgemus,
1537 2673 1583 2744 ut,
1601 2688 1675 2733 oum
1687 2687 1748 2748 ge-

954 2770 1069 2832 nerale
1081 2768 1293 2833 interdictum
1304 2770 1404 2831 terrae
1413 2768 1523 2841 aierit,
1537 2768 1638 2831 liceat
1651 2768 1745 2831 vobis

954 2864 1077 2926 clausis
1103 2863 1229 2942 janctis,
1257 2864 1552 2926 excommunicatis
1576 2866 1610 2925 et
1633 2864 1744 2926 inter-

954 2960 1050 3022 dictis
1065 2961 1220 3032 exclusis,
1238 2976 1304 3021 non
1316 2960 1456 3037 pulsatis
1482 2960 1664 3037 campanis,
1679 2960 1745 3021 nisi

953 3058 1066 3119 forsan
1090 3073 1224 3119 oausam
1253 3055 1410 3118 dederitis
1441 3057 1629 3125 interdicto,
1658 3073 1742 3135 sup-

952 3170 1069 3232 pressa
1083 3169 1165 3215 voce
1189 3153 1302 3215 divina
1315 3153 1425 3215 officia
1450 3152 1630 3214 celebrare.
1650 3152 1744 3215 Nulli

952 3268 1032 3329 ergo
1045 3252 1179 3314 omnino
1194 3251 1364 3313 bominum
1379 3251 1478 3315 liceat
1488 3251 1574 3313 banc
1588 3251 1744 3328 paginam

951 3351 1074 3414 nostrae
1093 3348 1317 3419 morosioris
1333 3347 1527 3424 infringere,
1543 3347 1596 3409 vel
1610 3348 1640 3410 ei
1658 3364 1743 3409 ausu

950 3447 1129 3511 temerario
1142 3445 1321 3509 contraire.
1339 3446 1373 3507 Si
1391 3446 1466 3523 quis
1480 3448 1591 3509 autem
1608 3446 1673 3508 lroc
1686 3447 1742 3509 at·-

950 3546 1078 3606 tentare
1103 3543 1362 3621 praesumpserit,
1379 3543 1642 3619 indignationem
1665 3559 1741 3609 om·

950 3640 1130 3723 utpotentis
1144 3639 1204 3703 Ilei
1226 3642 1259 3701 et
1285 3639 1457 3703 beatorum
1484 3641 1574 3713 Petri
1597 3641 1630 3703 et
1644 3641 1742 3705 Pauli

950 3737 1174 3827 apostolorum
1203 3738 1275 3813 ejus
1299 3751 1336 3798 se
1362 3738 1494 3803 noverit
1516 3737 1739 3801 incursurum.

989 3835 1107 3899 Datum
1122 3834 1236 3903 Reate,
1262 3834 1306 3897 IV
1318 3832 1578 3921 kalendasjulii,
1603 3834 1740 3915 pontill-

949 3929 1370 3997 catusnostrianoonono.

1240 4169 1449 4265 CLXXXII

948 4321 1000 4382 Act
1013 4323 1203 4397 capadoces
1214 4325 1424 4399 omeliarum
1438 4324 1474 4383 B.
1495 4325 1630 4386 Ttomoe
1641 4338 1742 4387 mar-

989 4416 1088 4491 ipris,
1101 4415 1136 4477 et
1150 4418 1186 4481 S.
1201 4415 1398 4483 catanae
1412 4421 1574 4501 otrpiota,
1588 4421 1740 4484 ntorum

987 4516 1025 4581 tn
1033 4512 1142 4591 portu
1149 4514 1185 4575 S.
1201 4514 1369 4577 Vincentia
1382 4516 1658 4587 Matisconcnsts.

1248 4644 1264 4701 l
1280 4643 1344 4717 julii
1358 4645 1437 4703 liat.

974 4767 1094 4832 magunt,
1103 4766 1148 4818 lib.
1162 4766 1356 4831 mersissent.
1371 4769 1713 4838 sustentaturum]

947 4892 1077 4964 Ipsarum
1091 4889 1266 4963 capellarum
1292 4889 1487 4951 fundationem
1509 4894 1739 4955 annotationem

983 4977 1266 5051 mognuocelumoo
1273 4979 1738 5045 nadsmneusinnootooncnn

984 5065 1151 5125 ancwrltato
1162 5067 1325 5140 aposolics
1339 5068 1500 5128 conflrmat.

987 5201 1167 5269 Honorius,
1194 5203 1270 5274 eto,
1300 5203 1430 5265 dilectis
1455 5204 1535 5266 illlis
1557 5207 1739 5283 capellanis

94 5296 242 5361 taturus.
267 5293 337 5353 Nos
352 5291 583 5369 tuisprecibus
611 5293 791 5369 benignum
806 5310 895 5372 prae·
948 5297 1150 5375 capellarum
1190 5298 1302 5361 Sancti
1336 5300 1470 5364 Thomas
1504 5304 1671 5381 martyris,
1706 5307 1740 5369 et

94 5391 216 5455 henim
239 5404 424 5460 assensum,
437 5388 471 5450 id
486 5390 596 5451 ratum
616 5394 650 5455 et
671 5393 803 5467 gratum
831 5392 895 5455 ba-

94 5487 210 5552 bendo
237 5485 436 5548 auctontate
461 5487 651 5564 apostoliea
681 5489 911 5566 praecipimus*

949 5396 1079 5459 Sanctae
1119 5394 1307 5459 catherinae
1340 5397 1493 5473 virginis,
1528 5400 1667 5462 sitarum
1702 5402 1738 5475 in

947 5493 1046 5569 portu
1071 5491 1185 5552 Banctl
1204 5491 1372 5554 Vincentli
1393 5494 1657 5570 Matisconensis,
1678 5514 1738 5562 sa-

96 5581 437 5650 tlrmiterobservarl.
464 5584 556 5645 Nulll
577 5600 669 5661 ergo,
685 5586 747 5647 eto.
775 5588 893 5649 Datum
948 5589 1051 5653 lutam
1065 5588 1099 5650 at
1112 5588 1334 5666 Apostollcam
1349 5589 1623 5657 benedictionem.
