3916 6204
270 338 331 401 583
886 345 1061 408 HONORII
1083 347 1128 406 111
1151 347 1299 409 OPERA·
1807 356 1850 417 bit

269 512 367 575 quam
380 498 467 561 idem
491 499 604 561 tulerit
624 499 660 560 in
674 499 816 562 rebelles
831 503 938 564 ratam
952 504 985 566 et
1002 503 1061 564 ilr-
1114 506 1147 565 te
1161 505 1295 582 pienum
1308 505 1468 567 sortiatur
1480 505 1639 578 effectum,
1648 523 1704 569 nec
1714 509 1850 574 minum

269 610 357 656 mam
373 594 568 657 habebimus
591 597 624 658 et
642 596 810 659 iaciamus
833 601 969 661 auctore
995 603 1062 662 Do-
1114 601 1223 663 solvat
1233 601 1418 663 liberalitas
1427 604 1851 681 quampromisitmpeualm

268 693 359 753 mino
375 691 615 755 inviolabiliter
627 691 811 756 observari.
1115 698 1401 760 mansuetudinem
1416 715 1583 775 rogamus,
1599 716 1750 762 monemus
1758 706 1785 764 et
1794 704 1851 765 hor·

1115 797 1225 858 tamur
1234 797 1357 857 attente
1366 796 1700 874 omniaffectionequa
1708 814 1850 874 possumus,

1117 893 1280 968 quatenus
1295 893 1483 968 recogitans
1497 894 1739 969 magnanimiter
1753 897 1852 972 quodid
1923 926 1924 975 p

569 1013 758 1099 CLXXIV
1115 989 1268 1050 donando
1283 990 1316 1052 et
1339 990 1373 1049 in
1397 991 1563 1067 parcendo
1587 990 1771 1052 immensitas
1788 995 1853 1055 lauto
1923 990 1924 1001 ’

1115 1086 1258 1163 principi
1269 1087 1392 1163 optima
1402 1088 1454 1148 est
1468 1102 1632 1158 mensura,
1642 1088 1752 1149 dictum
1758 1090 1853 1150 mulis

387 1174 438 1231 Ad
461 1173 681 1233 Fridertcum
703 1176 942 1234 Romcmrnm
1116 1182 1221 1242 illium
1235 1182 1420 1245 liberaliter
1433 1183 1530 1245 nobis
1545 1184 1679 1256 donans,
1693 1200 1757 1245 eum
1769 1185 1802 1245 ad
1813 1201 1854 1246 ms

533 1270 792 1341 imperatorem·
1114 1278 1264 1341 absolute
1276 1281 1438 1351 remittas
1453 1280 1531 1357 quia
1543 1297 1603 1358 pro
1614 1282 1695 1343 dicto
1706 1282 1854 1343 mmitsnos

461 1404 541 1479 (sine
553 1414 619 1463 nota
635 1407 863 1481 chronologica.)
1114 1374 1337 1484 fideiussiorie
1352 1377 1634 1486 obligamusquod
1646 1378 1855 1487 contratenibii
1923 1414 1924 1455 p

301 1614 304 1627 Ι
358 1536 633 1599 [Husslard-Brdbollss,
645 1538 708 1590 ltist.
721 1540 839 1606 diplom,
854 1541 884 1599 11,
897 1540 965 1606 dii]
1113 1474 1245 1646 ξῗέἓέἓ
1259 1473 1769 1648 ztgggqfflkgegpgssnpsffiffl
1778 1475 1856 1632 ἓξὲξ

266 1661 408 1720 Honorius
424 1678 496 1735 papa
517 1663 668 1722 Frederico
684 1666 877 1724 Romanorum
892 1666 1058 1740 imperatori
1113 1667 1257 1727 maxime
1274 1668 1462 1730 interventu
1488 1670 1729 1745 propensiorem
1751 1667 1855 1743 gratim
1923 1704 1924 1741 4

300 1751 410 1822 Βΐθῑῑθθ
425 1752 485 1824 ⁸81⁸
501 1751 577 1825 l¹¹0d
592 1752 628 1810 ed
646 1754 837 1812 interventum
851 1770 935 1812 ⁸¹¹¹¹¹¹1
950 1755 1057 1828 (¹¹⁰80·
1112 1764 1274 1826 invenire.
1288 1767 1409 1826 Preces
1420 1766 1530 1826 autem
1545 1767 1676 1826 nostras
1687 1766 1744 1825 bac
1754 1764 1857 1825 vireta-
1923 1772 1924 1797 ³

298 1838 384 1912 rium)
400 1840 534 1897 comitem
559 1840 727 1899 medanum
747 1841 897 1912 dimiserit,
917 1851 1058 1916 rogatque
1112 1861 1189 1923 liter
1198 1861 1380 1938 adimpleas
1395 1861 1482 1939 quod
1497 1863 1671 1924 mendaces
1684 1861 1814 1923 osenlas
1825 1859 1856 1919 fl.

297 1934 328 1984 ut
341 1927 522 1999 superaddita
533 1929 626 2001 gratia
639 1929 728 1987 iillum
741 1930 871 2002 eiusdem
883 1946 997 2004 quoqne
1012 1931 1055 1989 di·
1111 1958 1162 2021 103
1176 1959 1232 2035 qui
1247 1973 1290 2020 ΘΧ
1304 1958 1366 2020 hoc
1381 1961 1497 2021 contra
1520 1961 1553 2021 te
1579 1958 1771 2020 mendaciter
1791 1971 1858 2017 mur.

298 2015 501 2088 mittat,quum
521 2031 573 2090 pro
592 2016 694 2073 eodem
717 2018 821 2075 comite
842 2018 1058 2092 seobligaverit
1113 2057 1255 2123 maran„
1270 2057 1305 2117 et
1318 2071 1380 2117 nos
1390 2055 1616 2119 sinceritatem
1632 2057 1718 2117 tuam
1731 2067 1859 2115 comm,
1923 2064 1924 2077 r

298 2102 373 2175 qnod
388 2103 458 2160 nibil
473 2110 569 2162 ΜΗ
583 2104 611 2176 ip
612 2119 677 2162 Μ’
690 2105 848 2164 attentabit.
1112 2152 1229 2214 dantes
1243 2152 1279 2213 in
1294 2153 1433 2215 Domino
1456 2152 1577 2215 reddas
1602 2154 1717 2216 merito
1739 2151 1859 2212 latiores
1923 2148 1924 2157 ²

302 2239 470 2301 Honorius
481 2239 666 2316 episcopus,
677 2256 794 2303 servus
803 2257 975 2303 servorum
985 2242 1054 2314 Dei,

1923 2272 1924 2313 t

261 2333 438 2395 Frederico
452 2337 675 2397 Romanorum
690 2338 895 2414 imperatori,
915 2339 1056 2402 salutem

261 2431 294 2491 et
307 2431 530 2507 apostolicam
540 2432 813 2496 benedictionem.
1425 2456 1592 2543 CLXXV
1923 2434 1924 2525 t

301 2528 469 2604 Imperiali
480 2531 727 2592 mansuetudini
738 2532 923 2607 gratiarum
937 2532 1056 2610 dignas
1923 2546 1924 2583 v

261 2624 436 2686 referimus
448 2628 598 2688 actiones
612 2628 699 2704 quod
710 2628 867 2691 dilectum
880 2630 985 2692 tilium
999 2646 1057 2692 no·
1279 2607 1531 2679 Mammam
1543 2610 1740 2668 Bremem·

159 2742 173 2767 ι
261 2721 361 2783 bilem
376 2724 522 2785 virum...
539 2726 693 2787 comitem
707 2726 904 2788 Fundanum
914 2743 975 2805 pro
990 2744 1055 2805 quo
1399 2737 1412 2793 l
1426 2736 1524 2809 aprilis
1539 2737 1620 2794 liii.

219 2816 224 2831 ’
264 2820 455 2897 specialiter
469 2822 502 2883 et
527 2822 694 2899 praecipue
715 2824 910 2900 magistrum
925 2826 1054 2888 Roffri-
1188 2858 1371 2923 [mmm
1389 2859 1523 2924 neuburg.
1537 2860 1594 2917 ub„
1608 2861 1629 2918 1,
1644 2859 1699 2919 tm,
1717 2848 1809 2917 nm]

261 2916 338 2977 dum
354 2917 553 2979 familiarem
574 2922 725 2982 nostrum
745 2921 786 2981 ad
800 2923 834 2983 te
857 2937 932 2983 eum
952 2922 1055 2984 multa
1366 2927 1371 2936 '

260 3014 383 3076 fiducia
403 3015 657 3085 destinavimus,
671 3017 713 3077 ad
734 3018 882 3080 nostram
902 3034 1053 3096 praesen-

259 3112 342 3173 tiam
364 3113 534 3175 remisisti.
550 3116 673 3175 Verum
689 3114 718 3174 si
736 3117 793 3176 tua
813 3116 1056 3178 rememinisset
1849 3197 1854 3208 ¹
1923 3188 1924 3209 ,

261 3209 424 3270 serenitas
454 3225 528 3272 oum
557 3213 681 3286 quanto
707 3211 829 3274 affectu
867 3214 1055 3291 quantaque
1149 3203 1863 3283 HonoriuseiiSCOPubserVUSSeWOPUfflDffl'

260 3304 422 3366 instantia
439 3307 472 3367 te
488 3306 714 3383 quampluries
729 3323 795 3369 non
813 3308 919 3369 solum
934 3310 1055 3371 litteris
1110 3303 1239 3364 dilectis
1255 3303 1344 3376 filiis,
1361 3304 1505 3380 capitulo
1519 3305 1706 3376 Bremensi,
1720 3292 1866 3363 salienti

259 3401 318 3462 sed
329 3402 406 3462 viva
416 3417 498 3463 voce
512 3418 572 3479 pro
584 3403 657 3479 ipso
672 3405 874 3479 rogavimus,
886 3407 920 3468 et
932 3408 1055 3484 quanta
1110 3400 1332 3477 Apostolicam
1346 3399 1623 3462 benedictionem.

261 3497 502 3575 pollicitatione
516 3501 550 3560 te
570 3501 694 3561 uostris
718 3501 872 3576 precibus
896 3504 1055 3579 annuisse
1149 3500 1195 3558 Ea
1210 3512 1283 3575 quae
1298 3513 1357 3573 pro
1372 3498 1589 3559 ecclesiarum
1607 3490 1830 3574 tranquillitate
1844 3484 1867 3547 el

260 3610 352 3672 spem
381 3595 522 3665 dederis,
553 3611 761 3673 nequaquam
794 3597 908 3659 forsan
938 3601 1054 3662 contra
1110 3610 1191 3672 pace
1212 3594 1348 3671 provide
1370 3595 1571 3666 statuuntur,
1595 3594 1779 3672 apostolico
1800 3583 1867 3691 dccet

259 3692 368 3768 ipsum
384 3691 419 3751 in
440 3692 552 3769 aliquo
565 3687 1054 3774 processisses,'sedeumspe-
1110 3690 1292 3753 munimine
1312 3689 1476 3762 roborari,
1496 3707 1539 3752 ne
1560 3708 1721 3769 processu
1743 3691 1868 3787 tempere
1923 3726 1924 3791 j

261 3789 392 3851 cialiter
412 3792 526 3851 nostro
552 3790 752 3853 honorasses
778 3792 928 3866 obtentu;
955 3796 987 3856 et
1007 3795 1056 3854 sic
1110 3789 1145 3849 in
1183 3784 1361 3849 oblivionis
1392 3788 1563 3850 interitum
1600 3790 1656 3850 vel
1688 3783 1868 3849 dubitatione
1923 3794 1924 3871 p

261 3885 345 3947 salsa
360 3888 449 3948 esset
466 3888 684 3963 quorumdam
699 3889 812 3964 opinio
834 3890 1055 3951 asserentium
1110 3886 1303 3961 scrupulum
1324 3885 1524 3946 dilabantur.
1543 3887 1631 3946 Sane
1653 3884 1766 3962 petitio
1785 3876 1870 3942 vestra
1923 3900 1924 3969 ζ

261 3982 346 4058 qrrod
362 3983 403 4042 ad
419 3983 482 4059 boc
496 3984 604 4061 ipsum
620 3984 739 4046 leceris
753 3985 895 4047 detineri
909 3987 945 4047 ut
959 3987 1055 4048 nobis
1110 3980 1206 4043 nobis
1219 3981 1366 4043 exhibita
1381 3981 1580 4053 continebat,
1597 3982 1687 4058 q11⁰d
1699 3994 1793 4057 quum
1805 3987 1867 4035 ⁰⁸¹¹*
1923 3976 1924 4013 ¹

261 4077 404 4140 donares
417 4080 579 4141 eumdem.
594 4083 757 4143 Caeterum
767 4097 808 4143 ne
821 4081 1055 4145 liberalitatem
1110 4093 1181 4138 sam
1196 4094 1280 4154 quae,
1295 4078 1454 4140 intervos
1473 4094 1517 4139 0¹
1530 4080 1625 4154 pario
1643 4093 1714 4139 una
1727 4079 1759 4138 θῑ
1771 4070 1871 4149 ΜΡΝ·

261 4177 353 4237 tuam
368 4176 609 4254 quaestionibus
633 4177 842 4255 impugnare,
863 4176 921 4240 sed
945 4180 1055 4257 potius
1110 4174 1339 4236 lumecclesiae
1352 4174 1871 4250 Hamburgensisexalterasnpcr

1110 2984 1350 3056 Compromissum
1369 2999 1454 3056 super
1475 2984 1540 3057 jure
1562 2984 1691 3059 eligendi
1710 2977 1864 3056 pasturen'n

1163 3073 1309 3130 bremensi
1325 3073 1445 3130 ecclesia
1465 3080 1493 3130 et
1509 3072 1573 3130 aliis
1586 3073 1674 3131 rebus
1689 3070 1828 3129 condrust
1923 3116 1924 3183 ἶ

261 4272 494 4334 commendare
509 4273 662 4350 precibus
677 4274 881 4347 deberemus,
893 4276 1056 4338 vellemus
1106 4275 1183 4349 jure
1204 4271 1349 4348 eligendi
1363 4273 1530 4348 pastorem
1551 4272 1587 4332 in
1606 4270 1779 4334 Bremensi
1791 4261 1873 4329 erate·

245 4372 299 4433 ,ut
320 4369 510 4447 prudenter,
531 4371 617 4432 sicut
640 4372 744 4444 decet,
770 4373 943 4434 attendens
969 4374 1055 4451 quod
1111 4369 1162 4430 sia
1176 4369 1209 4430 et
1230 4368 1306 4430 aliis
1328 4368 1427 4430 rebus
1449 4368 1654 4441 vertebatur,
1672 4370 1715 4431 ab
1733 4357 1872 4472 audentia

262 4467 411 4528 Christus
440 4483 505 4529 non
530 4468 714 4541 dimidium,
738 4469 795 4531 sed
814 4470 919 4532 totum
947 4471 1056 4531 bomi-
1110 4465 1278 4527 scolastici
1293 4465 1526 4527 ildesemensis
1538 4467 1572 4527 et
1590 4466 1799 4544 conjudicum
1809 4468 1872 4535 etde

261 4663 343 4739 priae
357 4660 569 4723 liberalitatis
579 4662 630 4724 est
641 4663 812 4739 proprium
824 4663 920 4740 plura
935 4678 1056 4725 couce-
1109 4659 1194 4735 ipsa,
1208 4659 1249 4720 ad
1268 4674 1330 4719 nos
1350 4675 1410 4735 per
1423 4660 1683 4736 appellationem
1702 4656 1873 4721 devolutam,

261 4759 340 4820 dere
352 4774 451 4834 quam
465 4761 612 4834 rogetur,
640 4775 680 4819 eo
703 4758 789 4836 quod
808 4760 992 4837 semiplena
1006 4765 1056 4822 est
1110 4756 1390 4817 commisissemus
1410 4757 1588 4833 praeposito
1618 4759 1736 4819 Sancti
1754 4749 1838 4817 Pauli
1852 4746 1875 4804 et

261 4578 336 4625 nem
361 4563 489 4626 salvum
509 4564 599 4637 iecit,
619 4565 652 4626 et
666 4565 842 4627 advertens
866 4567 953 4644 quod
974 4582 1055 4642 pro·
1110 4562 1166 4640 qui
1181 4577 1225 4623 ex
1244 4561 1452 4637 delegatione
1471 4567 1585 4624 nostra
1600 4558 1834 4639 cognoscebant
1845 4551 1873 4610 le

261 4855 369 4932 gratia
385 4856 440 4917 cui
455 4855 580 4932 aliquid
594 4872 660 4917 non
676 4857 842 4933 adjicitur,
857 4857 899 4918 ad
914 4857 1057 4919 nosdic·
1110 4855 1180 4914 suis
1217 4852 1445 4930 conjudicibus
1482 4854 1740 4925 terminandam,
1769 4845 1876 4913 tandem
1923 4888 1924 4921 ,

260 4956 330 5015 tum
356 4951 510 5014 comitem
536 4954 640 5015 totum
676 4953 815 5014 liberum
850 4954 1053 5028 remisisses;
1110 4950 1329 5011 mediantibus
1352 4950 1436 5026 ipsis
1459 4951 1494 5010 in
1518 4951 1747 5012 venerabilem
1767 4947 1875 5009 tranen

261 5050 340 5127 quia
355 5066 429 5111 cum
450 5049 583 5111 fictione
591 5050 679 5127 juris
693 5051 788 5126 pater
799 5051 832 5112 et
845 5050 935 5111 filius
956 5050 1056 5112 intel·
1109 5048 1270 5119 nostrum,
1303 5050 1515 5108 Bremensem
1543 5047 1835 5125 arehiepiscopum,
1850 5036 1878 5147 '0⁸
1923 5062 1924 5115 l

262 5148 410 5223 ligantur
420 5162 487 5207 nna
499 5161 652 5223 persona,
666 5163 874 5224 nequaquam
884 5149 988 5209 totum
1002 5148 1056 5225 ip·
1109 5145 1254 5221 collegas
1282 5148 1355 5221 ejus
1380 5142 1443 5205 fuit
1470 5144 1667 5221 apartibus
1694 5150 1879 5219 comprendis·

261 5262 333 5307 sum
347 5245 475 5306 retento
488 5244 557 5304 illio
572 5260 632 5305 suo
649 5243 744 5305 nobis
758 5242 942 5306 reddidisse
957 5243 1053 5306 vide·
1110 5258 1193 5312 sum,
1215 5257 1354 5318 quorum
1381 5239 1554 5303 arbitrium
1582 5242 1697 5318 partes
1719 5241 1799 5317 ipsae
1818 5245 1879 5296 cou-

261 5343 320 5414 ris‚
331 5341 516 5419 praesertim
528 5356 627 5418 quum
636 5356 873 5417 nonnunquam
882 5341 1054 5403 nobiscum
1109 5339 1255 5400 corditer
1268 5337 1474 5414 receperunt.
1488 5338 1557 5399 Nos
1575 5337 1681 5413 igitur
1690 5336 1809 5400 vestris
1822 5342 1879 5408 pre·

262 5439 384 5499 affectu
398 5437 546 5499 naturali
570 5437 717 5508 fallente,
741 5439 836 5514 pater
854 5453 921 5500 non
945 5439 1055 5499 minus
1109 5435 1202 5496 cibus
1224 5435 1388 5505 inclinati,
1402 5433 1576 5495 arbitrium
1599 5434 1725 5509 ipsum,
1747 5432 1828 5495 sicut
1844 5422 1881 5485 est
1923 5448 1924 5485 t

262 5535 298 5594 in
314 5533 382 5594 illio
407 5549 504 5610 quam
529 5533 564 5594 in
588 5534 697 5610 seipso
721 5534 827 5595 soleat
840 5534 996 5595 cruciari.
1013 5535 1055 5596 Ut
1110 5548 1251 5609 aequum,
1267 5531 1300 5592 et
1316 5531 1432 5608 sponte
1446 5529 1488 5590 ab
1514 5533 1653 5607 utraque
1671 5532 1769 5606 parte
1782 5537 1879 5597 recog·

263 5629 365 5704 igitur
376 5629 425 5689 tot
435 5630 612 5692 inculcatio
623 5647 758 5707 precum
768 5630 1055 5707 nostrarumapud
1109 5630 1189 5699 tum,
1214 5629 1247 5689 et
1263 5628 1297 5687 in
1314 5628 1461 5703 ipsorum
1477 5627 1677 5689 arbitrorum
1695 5619 1882 5698 litterisple·
