<?xml version="1.0" encoding="UTF-8"?>
<!DOCTYPE html PUBLIC "-//W3C//DTD XHTML 1.0 Transitional//EN"
    "http://www.w3.org/TR/xhtml1/DTD/xhtml1-transitional.dtd">
<html xmlns="http://www.w3.org/1999/xhtml" xml:lang="en" lang="en">
 <head>
  <title>
</title>
<meta http-equiv="Content-Type" content="text/html;charset=utf-8" />
  <meta name='ocr-system' content='tesseract 3.04.00' />
  <meta name='ocr-capabilities' content='ocr_page ocr_carea ocr_par ocr_line ocrx_word'/>
</head>
<body>
  <div class='ocr_page' id='page_1' title='image "./mediiaevibiblio04bottgoog_0443.png"; bbox 0 0 3972 6204; ppageno 0'>
   <div class='ocr_carea' id='block_1_1' title="bbox 230 347 1896 409">
    <p class='ocr_par' dir='ltr' id='par_1_1' title="bbox 230 347 1896 409">
     <span class='ocr_line' id='line_1_1' title="bbox 230 347 1896 409; baseline -0.002 0"><span class='ocrx_word' id='word_1_1' title='bbox 230 370 243 381; x_wconf 54' lang='lat'><strong>⁴</strong></span> <span class='ocrx_word' id='word_1_2' title='bbox 261 352 327 409; x_wconf 70' lang='lat'>843</span> <span class='ocrx_word' id='word_1_3' title='bbox 886 347 1061 409; x_wconf 86' lang='lat' dir='ltr'>HONORII</span> <span class='ocrx_word' id='word_1_4' title='bbox 1084 347 1127 407; x_wconf 90' lang='lat' dir='ltr'>lll</span> <span class='ocrx_word' id='word_1_5' title='bbox 1149 348 1296 408; x_wconf 78' lang='lat' dir='ltr'>OPERA.</span> <span class='ocrx_word' id='word_1_6' title='bbox 1421 366 1427 385; x_wconf 82' lang='lat'><strong><em>¹</em></strong></span> <span class='ocrx_word' id='word_1_7' title='bbox 1841 349 1896 406; x_wconf 74' lang='lat'>844</span> 
     </span>
    </p>
   </div>
   <div class='ocr_carea' id='block_1_2' title="bbox 264 503 1897 1460">
    <p class='ocr_par' dir='ltr' id='par_1_2' title="bbox 265 503 1897 766">
     <span class='ocr_line' id='line_1_2' title="bbox 266 503 1896 585; baseline -0.003 -15"><span class='ocrx_word' id='word_1_8' title='bbox 266 508 467 572; x_wconf 88' lang='lat' dir='ltr'>dilectofllio</span> <span class='ocrx_word' id='word_1_9' title='bbox 477 506 581 570; x_wconf 91' lang='lat' dir='ltr'>nobili</span> <span class='ocrx_word' id='word_1_10' title='bbox 591 504 1018 585; x_wconf 73' lang='lat' dir='ltr'>viron(zoni)nnconitano</span> <span class='ocrx_word' id='word_1_11' title='bbox 1028 506 1062 567; x_wconf 92' lang='lat' dir='ltr'>et</span> <span class='ocrx_word' id='word_1_12' title='bbox 1114 506 1198 567; x_wconf 89' lang='lat' dir='ltr'>tium</span> <span class='ocrx_word' id='word_1_13' title='bbox 1223 505 1318 567; x_wconf 83' lang='lat' dir='ltr'>vobis</span> <span class='ocrx_word' id='word_1_14' title='bbox 1345 503 1557 567; x_wconf 79' lang='lat' dir='ltr'><strong>concedimus</strong></span> <span class='ocrx_word' id='word_1_15' title='bbox 1585 504 1762 581; x_wconf 87' lang='lat' dir='ltr'>postulata.</span> <span class='ocrx_word' id='word_1_16' title='bbox 1787 505 1896 565; x_wconf 83' lang='lat' dir='ltr'>batum</span> 
     </span>
     <span class='ocr_line' id='line_1_3' title="bbox 266 600 1897 682; baseline -0.003 -15"><span class='ocrx_word' id='word_1_17' title='bbox 266 606 397 669; x_wconf 84' lang='lat' dir='ltr'>Estensi</span> <span class='ocrx_word' id='word_1_18' title='bbox 413 605 608 678; x_wconf 87' lang='lat' dir='ltr'>marchioni,</span> <span class='ocrx_word' id='word_1_19' title='bbox 626 606 768 667; x_wconf 87' lang='lat' dir='ltr'>salutem</span> <span class='ocrx_word' id='word_1_20' title='bbox 785 606 817 667; x_wconf 90' lang='lat' dir='ltr'>et</span> <span class='ocrx_word' id='word_1_21' title='bbox 836 604 1060 682; x_wconf 69' lang='lat' dir='ltr'>apostolicam</span> <span class='ocrx_word' id='word_1_22' title='bbox 1114 602 1247 674; x_wconf 88' lang='lat' dir='ltr'>Tibure,</span> <span class='ocrx_word' id='word_1_23' title='bbox 1270 604 1299 661; x_wconf 88' lang='lat' dir='ltr'>V</span> <span class='ocrx_word' id='word_1_24' title='bbox 1320 617 1426 663; x_wconf 91' lang='lat' dir='ltr'>nonas</span> <span class='ocrx_word' id='word_1_25' title='bbox 1451 601 1542 673; x_wconf 88' lang='lat' dir='ltr'>maii,</span> <span class='ocrx_word' id='word_1_26' title='bbox 1566 600 1777 678; x_wconf 85' lang='lat' dir='ltr'>pontificatus</span> <span class='ocrx_word' id='word_1_27' title='bbox 1800 601 1897 662; x_wconf 79' lang='lat' dir='ltr'><strong>nostri</strong></span> 
     </span>
     <span class='ocr_line' id='line_1_4' title="bbox 265 704 1318 766; baseline -0.007 0"><span class='ocrx_word' id='word_1_28' title='bbox 265 704 542 766; x_wconf 79' lang='lat' dir='ltr'>benedictionem.</span> <span class='ocrx_word' id='word_1_29' title='bbox 1117 714 1206 760; x_wconf 89' lang='lat' dir='ltr'>anno</span> <span class='ocrx_word' id='word_1_30' title='bbox 1221 714 1318 760; x_wconf 86' lang='lat' dir='ltr'>nono.</span> 
     </span>
    </p>

    <p class='ocr_par' dir='ltr' id='par_1_3' title="bbox 264 797 1893 1460">
     <span class='ocr_line' id='line_1_5' title="bbox 306 797 1062 876; baseline -0.008 -14"><span class='ocrx_word' id='word_1_31' title='bbox 306 802 452 876; x_wconf 83' lang='lat' dir='ltr'>Benigne</span> <span class='ocrx_word' id='word_1_32' title='bbox 475 800 672 876; x_wconf 83' lang='lat' dir='ltr'>recepimus,</span> <span class='ocrx_word' id='word_1_33' title='bbox 699 801 732 861; x_wconf 92' lang='lat' dir='ltr'>et</span> <span class='ocrx_word' id='word_1_34' title='bbox 759 798 938 874; x_wconf 86' lang='lat' dir='ltr'>diligenter</span> <span class='ocrx_word' id='word_1_35' title='bbox 962 797 1062 859; x_wconf 91' lang='lat' dir='ltr'>intel-</span> 
     </span>
     <span class='ocr_line' id='line_1_6' title="bbox 266 896 1588 1025; baseline -0.003 -67"><span class='ocrx_word' id='word_1_36' title='bbox 266 898 409 958; x_wconf 90' lang='lat' dir='ltr'>leximus</span> <span class='ocrx_word' id='word_1_37' title='bbox 429 897 569 968; x_wconf 90' lang='lat' dir='ltr'>litteras,</span> <span class='ocrx_word' id='word_1_38' title='bbox 594 911 677 973; x_wconf 90' lang='lat' dir='ltr'>quas</span> <span class='ocrx_word' id='word_1_39' title='bbox 696 912 799 972; x_wconf 90' lang='lat' dir='ltr'>super</span> <span class='ocrx_word' id='word_1_40' title='bbox 814 896 948 971; x_wconf 90' lang='lat' dir='ltr'>negotio</span> <span class='ocrx_word' id='word_1_41' title='bbox 969 896 1061 956; x_wconf 88' lang='lat' dir='ltr'>Mar·</span> <span class='ocrx_word' id='word_1_42' title='bbox 1436 938 1588 1025; x_wconf 69' lang='lat' dir='ltr'>CXLIX</span> 
     </span>
     <span class='ocr_line' id='line_1_7' title="bbox 265 991 1061 1056; baseline -0.004 -1"><span class='ocrx_word' id='word_1_43' title='bbox 265 995 350 1055; x_wconf 87' lang='lat' dir='ltr'>cbiae</span> <span class='ocrx_word' id='word_1_44' title='bbox 365 996 581 1056; x_wconf 74' lang='lat' dir='ltr'>anconitana</span> <span class='ocrx_word' id='word_1_45' title='bbox 599 996 656 1056; x_wconf 89' lang='lat' dir='ltr'>tna</span> <span class='ocrx_word' id='word_1_46' title='bbox 672 993 793 1054; x_wconf 91' lang='lat' dir='ltr'>nobilis</span> <span class='ocrx_word' id='word_1_47' title='bbox 813 992 969 1055; x_wconf 88' lang='lat' dir='ltr'>discretio</span> <span class='ocrx_word' id='word_1_48' title='bbox 984 991 1061 1052; x_wconf 92' lang='lat' dir='ltr'>des-</span> 
     </span>
     <span class='ocr_line' id='line_1_8' title="bbox 264 1088 1893 1168; baseline -0.002 -15"><span class='ocrx_word' id='word_1_49' title='bbox 264 1093 395 1153; x_wconf 89' lang='lat' dir='ltr'>tinavit.</span> <span class='ocrx_word' id='word_1_50' title='bbox 412 1092 555 1153; x_wconf 90' lang='lat' dir='ltr'>Noveris</span> <span class='ocrx_word' id='word_1_51' title='bbox 570 1092 683 1168; x_wconf 91' lang='lat' dir='ltr'>igitur,</span> <span class='ocrx_word' id='word_1_52' title='bbox 706 1089 791 1168; x_wconf 89' lang='lat' dir='ltr'>qnod</span> <span class='ocrx_word' id='word_1_53' title='bbox 813 1105 982 1166; x_wconf 82' lang='lat' dir='ltr'>nunquam</span> <span class='ocrx_word' id='word_1_54' title='bbox 999 1088 1061 1149; x_wconf 91' lang='lat' dir='ltr'>fnit</span> <span class='ocrx_word' id='word_1_55' title='bbox 1116 1094 1168 1152; x_wconf 75' lang='lat' dir='ltr'>Aa</span> <span class='ocrx_word' id='word_1_56' title='bbox 1187 1093 1369 1152; x_wconf 69' lang='lat' dir='ltr'>metallicos</span> <span class='ocrx_word' id='word_1_57' title='bbox 1387 1091 1422 1151; x_wconf 86' lang='lat' dir='ltr'>S.</span> <span class='ocrx_word' id='word_1_58' title='bbox 1442 1092 1570 1152; x_wconf 76' lang='lat' dir='ltr'>Murice</span> <span class='ocrx_word' id='word_1_59' title='bbox 1589 1091 1893 1164; x_wconf 72' lang='lat' dir='ltr'>bllddclburoensrs.</span> 
     </span>
     <span class='ocr_line' id='line_1_9' title="bbox 265 1186 1608 1278; baseline -0.004 -29"><span class='ocrx_word' id='word_1_60' title='bbox 265 1188 370 1251; x_wconf 89' lang='lat' dir='ltr'>nostri</span> <span class='ocrx_word' id='word_1_61' title='bbox 396 1189 567 1265; x_wconf 92' lang='lat' dir='ltr'>propositi,</span> <span class='ocrx_word' id='word_1_62' title='bbox 595 1189 625 1249; x_wconf 91' lang='lat' dir='ltr'>te</span> <span class='ocrx_word' id='word_1_63' title='bbox 645 1188 794 1249; x_wconf 89' lang='lat' dir='ltr'>Marcbia</span> <span class='ocrx_word' id='word_1_64' title='bbox 816 1188 889 1264; x_wconf 89' lang='lat' dir='ltr'>ipsa</span> <span class='ocrx_word' id='word_1_65' title='bbox 914 1186 1058 1263; x_wconf 90' lang='lat' dir='ltr'>privare,</span> <span class='ocrx_word' id='word_1_66' title='bbox 1415 1220 1516 1277; x_wconf 59' lang='lat' dir='ltr'>mii</span> <span class='ocrx_word' id='word_1_67' title='bbox 1529 1220 1608 1278; x_wconf 37' lang='grc' dir='ltr'>Μ.</span> 
     </span>
     <span class='ocr_line' id='line_1_10' title="bbox 265 1282 1061 1361; baseline -0.005 -14"><span class='ocrx_word' id='word_1_68' title='bbox 265 1303 339 1349; x_wconf 87' lang='lat' dir='ltr'>curn</span> <span class='ocrx_word' id='word_1_69' title='bbox 355 1302 417 1348; x_wconf 90' lang='lat' dir='ltr'>nec</span> <span class='ocrx_word' id='word_1_70' title='bbox 436 1287 627 1361; x_wconf 79' lang='lat' dir='ltr'>ignoremus</span> <span class='ocrx_word' id='word_1_71' title='bbox 648 1285 741 1345; x_wconf 89' lang='lat' dir='ltr'>illam</span> <span class='ocrx_word' id='word_1_72' title='bbox 761 1284 821 1346; x_wconf 90' lang='lat' dir='ltr'>tibi</span> <span class='ocrx_word' id='word_1_73' title='bbox 837 1299 911 1346; x_wconf 89' lang='lat' dir='ltr'>esse</span> <span class='ocrx_word' id='word_1_74' title='bbox 930 1284 964 1344; x_wconf 95' lang='lat' dir='ltr'>in</span> <span class='ocrx_word' id='word_1_75' title='bbox 986 1282 1061 1344; x_wconf 90' lang='lat' dir='ltr'>feu-</span> 
     </span>
     <span class='ocr_line' id='line_1_11' title="bbox 264 1379 1058 1460; baseline -0.003 -17"><span class='ocrx_word' id='word_1_76' title='bbox 264 1384 342 1445; x_wconf 89' lang='lat' dir='ltr'>dum</span> <span class='ocrx_word' id='word_1_77' title='bbox 357 1382 398 1445; x_wconf 94' lang='lat' dir='ltr'>ab</span> <span class='ocrx_word' id='word_1_78' title='bbox 411 1383 600 1460; x_wconf 74' lang='lat' dir='ltr'>apostolica</span> <span class='ocrx_word' id='word_1_79' title='bbox 620 1382 704 1444; x_wconf 84' lang='lat' dir='ltr'>Sede</span> <span class='ocrx_word' id='word_1_80' title='bbox 719 1396 922 1453; x_wconf 81' lang='lat' dir='ltr'>concessam,</span> <span class='ocrx_word' id='word_1_81' title='bbox 941 1395 1003 1442; x_wconf 90' lang='lat' dir='ltr'>nec</span> <span class='ocrx_word' id='word_1_82' title='bbox 1017 1379 1058 1441; x_wconf 89' lang='lat' dir='ltr'>ad</span> 
     </span>
    </p>
   </div>
   <div class='ocr_carea' id='block_1_3' title="bbox 241 1465 1894 1558">
    <p class='ocr_par' dir='ltr' id='par_1_4' title="bbox 241 1465 1894 1558">
     <span class='ocr_line' id='line_1_12' title="bbox 241 1465 1894 1558; baseline -0.01 -16"><span class='ocrx_word' id='word_1_83' title='bbox 241 1532 244 1537; x_wconf 94' lang='lat'>.</span> <span class='ocrx_word' id='word_1_84' title='bbox 264 1483 366 1551; x_wconf 91' lang='lat' dir='ltr'>tuam,</span> <span class='ocrx_word' id='word_1_85' title='bbox 383 1482 435 1542; x_wconf 93' lang='lat' dir='ltr'>vel</span> <span class='ocrx_word' id='word_1_86' title='bbox 454 1481 624 1558; x_wconf 89' lang='lat' dir='ltr'>cujusdam</span> <span class='ocrx_word' id='word_1_87' title='bbox 643 1478 780 1540; x_wconf 90' lang='lat' dir='ltr'>alterius</span> <span class='ocrx_word' id='word_1_88' title='bbox 796 1478 952 1554; x_wconf 76' lang='lat' dir='ltr'>iniuriam</span> <span class='ocrx_word' id='word_1_89' title='bbox 968 1476 1061 1553; x_wconf 88' lang='lat' dir='ltr'>aspi·</span> <span class='ocrx_word' id='word_1_90' title='bbox 1114 1466 1227 1526; x_wconf 87' lang='lat' dir='ltr'>lnblbet</span> <span class='ocrx_word' id='word_1_91' title='bbox 1252 1481 1289 1524; x_wconf 75' lang='lat'>110</span> <span class='ocrx_word' id='word_1_92' title='bbox 1316 1468 1380 1539; x_wconf 74' lang='lat' dir='ltr'>(luis</span> <span class='ocrx_word' id='word_1_93' title='bbox 1404 1467 1447 1525; x_wconf 69' lang='lat' dir='ltr'>eil</span> <span class='ocrx_word' id='word_1_94' title='bbox 1471 1482 1523 1540; x_wconf 81' lang='lat' dir='ltr'>nro</span> <span class='ocrx_word' id='word_1_95' title='bbox 1547 1466 1749 1525; x_wconf 88' lang='lat' dir='ltr'>benedictione</span> <span class='ocrx_word' id='word_1_96' title='bbox 1773 1465 1894 1523; x_wconf 78' lang='lat' dir='ltr'>abbana</span> 
     </span>
    </p>
   </div>
   <div class='ocr_carea' id='block_1_4' title="bbox 264 1554 1895 1734">
    <p class='ocr_par' dir='ltr' id='par_1_5' title="bbox 264 1554 1895 1734">
     <span class='ocr_line' id='line_1_13' title="bbox 264 1554 1895 1654; baseline -0.021 -16"><span class='ocrx_word' id='word_1_97' title='bbox 264 1594 386 1639; x_wconf 89' lang='lat' dir='ltr'>remus.</span> <span class='ocrx_word' id='word_1_98' title='bbox 403 1581 526 1638; x_wconf 85' lang='lat' dir='ltr'>Verum</span> <span class='ocrx_word' id='word_1_99' title='bbox 542 1577 620 1654; x_wconf 81' lang='lat' dir='ltr'>qivia</span> <span class='ocrx_word' id='word_1_100' title='bbox 632 1577 743 1637; x_wconf 82' lang='lat' dir='ltr'>Tisius</span> <span class='ocrx_word' id='word_1_101' title='bbox 757 1576 799 1636; x_wconf 91' lang='lat' dir='ltr'>de</span> <span class='ocrx_word' id='word_1_102' title='bbox 812 1577 934 1651; x_wconf 86' lang='lat' dir='ltr'>Campo</span> <span class='ocrx_word' id='word_1_103' title='bbox 946 1574 1056 1636; x_wconf 86' lang='lat' dir='ltr'>Sanct&#39;</span> <span class='ocrx_word' id='word_1_104' title='bbox 1148 1570 1265 1613; x_wconf 88' lang='lat' dir='ltr'>suorum</span> <span class='ocrx_word' id='word_1_105' title='bbox 1279 1554 1393 1628; x_wconf 78' lang='lat' dir='ltr'>aliquod</span> <span class='ocrx_word' id='word_1_106' title='bbox 1404 1563 1503 1613; x_wconf 84' lang='lat' dir='ltr'>cenna</span> <span class='ocrx_word' id='word_1_107' title='bbox 1518 1562 1622 1613; x_wconf 86' lang='lat' dir='ltr'>statuta</span> <span class='ocrx_word' id='word_1_108' title='bbox 1633 1554 1751 1614; x_wconf 71' lang='lat' dir='ltr'>maelii</span> <span class='ocrx_word' id='word_1_109' title='bbox 1765 1554 1895 1628; x_wconf 67' lang='lat' dir='ltr'>generalla</span> 
     </span>
     <span class='ocr_line' id='line_1_14' title="bbox 846 1651 1498 1734; baseline -0.041 -1"><span class='ocrx_word' id='word_1_110' title='bbox 846 1671 1058 1734; x_wconf 88' lang='lat' dir='ltr'>marchianos</span> <span class='ocrx_word' id='word_1_111' title='bbox 1149 1652 1317 1717; x_wconf 79' lang='lat' dir='ltr'>extorquere</span> <span class='ocrx_word' id='word_1_112' title='bbox 1335 1651 1498 1717; x_wconf 69' lang='lat' dir='ltr'>llllfflumet</span> 
     </span>
    </p>
   </div>
   <div class='ocr_carea' id='block_1_5' title="bbox 1218 1342 1799 1407">
    <p class='ocr_par' dir='ltr' id='par_1_6' title="bbox 1218 1342 1799 1407">
     <span class='ocr_line' id='line_1_15' title="bbox 1218 1342 1799 1407; baseline -0.003 -14"><span class='ocrx_word' id='word_1_113' title='bbox 1218 1342 1311 1407; x_wconf 65' lang='lat' dir='ltr'>[Ruga</span> <span class='ocrx_word' id='word_1_114' title='bbox 1321 1342 1415 1394; x_wconf 77' lang='lat' dir='ltr'>dunel.</span> <span class='ocrx_word' id='word_1_115' title='bbox 1428 1343 1591 1400; x_wconf 69' lang='lat' dir='ltr'>Prienensi„</span> <span class='ocrx_word' id='word_1_116' title='bbox 1603 1343 1635 1400; x_wconf 89' lang='lat' dir='ltr'>ll,</span> <span class='ocrx_word' id='word_1_117' title='bbox 1648 1342 1722 1407; x_wconf 88' lang='lat' dir='ltr'>prob.</span> <span class='ocrx_word' id='word_1_118' title='bbox 1735 1342 1799 1407; x_wconf 69' lang='lat' dir='ltr'>lm]</span> 
     </span>
    </p>
   </div>
   <div class='ocr_carea' id='block_1_6' title="bbox 170 1673 1896 3114">
    <p class='ocr_par' dir='ltr' id='par_1_7' title="bbox 265 1673 1412 1848">
     <span class='ocr_line' id='line_1_16' title="bbox 265 1673 810 1752; baseline -0.004 -16"><span class='ocrx_word' id='word_1_119' title='bbox 265 1676 366 1747; x_wconf 89' lang='lat' dir='ltr'>Petri,</span> <span class='ocrx_word' id='word_1_120' title='bbox 393 1690 488 1752; x_wconf 84' lang='lat' dir='ltr'>quern</span> <span class='ocrx_word' id='word_1_121' title='bbox 517 1674 567 1735; x_wconf 92' lang='lat' dir='ltr'>illi</span> <span class='ocrx_word' id='word_1_122' title='bbox 600 1673 810 1750; x_wconf 76' lang='lat' dir='ltr'>praefeceras,</span> 
     </span>
     <span class='ocr_line' id='line_1_17' title="bbox 265 1767 1412 1848; baseline 0 -15"><span class='ocrx_word' id='word_1_123' title='bbox 265 1772 495 1834; x_wconf 80' lang='lat' dir='ltr'>exactionibus</span> <span class='ocrx_word' id='word_1_124' title='bbox 531 1771 730 1848; x_wconf 83' lang='lat' dir='ltr'>importunis</span> <span class='ocrx_word' id='word_1_125' title='bbox 766 1770 812 1831; x_wconf 90' lang='lat' dir='ltr'>ita</span> <span class='ocrx_word' id='word_1_126' title='bbox 847 1767 1056 1846; x_wconf 83' lang='lat' dir='ltr'>gravaverat,</span> <span class='ocrx_word' id='word_1_127' title='bbox 1154 1772 1333 1843; x_wconf 86' lang='lat' dir='ltr'>Honorius,</span> <span class='ocrx_word' id='word_1_128' title='bbox 1350 1773 1412 1833; x_wconf 85' lang='lat' dir='ltr'>etc.</span> 
     </span>
    </p>

    <p class='ocr_par' dir='ltr' id='par_1_8' title="bbox 170 1864 1896 3016">
     <span class='ocr_line' id='line_1_18' title="bbox 265 1864 1896 1947; baseline -0.001 -18"><span class='ocrx_word' id='word_1_129' title='bbox 265 1871 351 1947; x_wconf 90' lang='lat' dir='ltr'>quod</span> <span class='ocrx_word' id='word_1_130' title='bbox 376 1870 410 1930; x_wconf 90' lang='lat' dir='ltr'>in</span> <span class='ocrx_word' id='word_1_131' title='bbox 436 1870 546 1929; x_wconf 93' lang='lat' dir='ltr'>odium</span> <span class='ocrx_word' id='word_1_132' title='bbox 567 1872 639 1946; x_wconf 76' lang='lat' dir='ltr'>eJus</span> <span class='ocrx_word' id='word_1_133' title='bbox 662 1884 699 1930; x_wconf 92' lang='lat' dir='ltr'>se</span> <span class='ocrx_word' id='word_1_134' title='bbox 719 1867 814 1928; x_wconf 91' lang='lat' dir='ltr'>nobis</span> <span class='ocrx_word' id='word_1_135' title='bbox 838 1870 871 1928; x_wconf 91' lang='lat' dir='ltr'>et</span> <span class='ocrx_word' id='word_1_136' title='bbox 893 1865 953 1927; x_wconf 92' lang='lat' dir='ltr'>tibi</span> <span class='ocrx_word' id='word_1_137' title='bbox 978 1864 1059 1925; x_wconf 90' lang='lat' dir='ltr'>sub·</span> <span class='ocrx_word' id='word_1_138' title='bbox 1154 1871 1235 1929; x_wconf 85' lang='lat' dir='ltr'>Cum</span> <span class='ocrx_word' id='word_1_139' title='bbox 1254 1885 1275 1930; x_wconf 89' lang='lat' dir='ltr'>a</span> <span class='ocrx_word' id='word_1_140' title='bbox 1294 1868 1390 1930; x_wconf 90' lang='lat' dir='ltr'>nobis</span> <span class='ocrx_word' id='word_1_141' title='bbox 1411 1869 1536 1945; x_wconf 89' lang='lat' dir='ltr'>petitur</span> <span class='ocrx_word' id='word_1_142' title='bbox 1551 1868 1639 1946; x_wconf 83' lang='lat' dir='ltr'>quod</span> <span class='ocrx_word' id='word_1_143' title='bbox 1654 1871 1783 1946; x_wconf 82' lang='lat' dir='ltr'>justum</span> <span class='ocrx_word' id='word_1_144' title='bbox 1803 1868 1851 1929; x_wconf 87' lang='lat' dir='ltr'>est</span> <span class='ocrx_word' id='word_1_145' title='bbox 1868 1870 1896 1927; x_wconf 91' lang='lat' dir='ltr'>et</span> 
     </span>
     <span class='ocr_line' id='line_1_19' title="bbox 263 1961 1895 2043; baseline -0.002 -15"><span class='ocrx_word' id='word_1_146' title='bbox 263 1969 447 2038; x_wconf 82' lang='lat' dir='ltr'>traxerant,</span> <span class='ocrx_word' id='word_1_147' title='bbox 463 1970 495 2028; x_wconf 88' lang='lat' dir='ltr'>et</span> <span class='ocrx_word' id='word_1_148' title='bbox 506 1966 637 2043; x_wconf 90' lang='lat' dir='ltr'>imperii</span> <span class='ocrx_word' id='word_1_149' title='bbox 647 1968 728 2042; x_wconf 89' lang='lat' dir='ltr'>jngo</span> <span class='ocrx_word' id='word_1_150' title='bbox 740 1963 963 2024; x_wconf 88' lang='lat' dir='ltr'>submiserant</span> <span class='ocrx_word' id='word_1_151' title='bbox 973 1961 1059 2024; x_wconf 92' lang='lat' dir='ltr'>colla</span> <span class='ocrx_word' id='word_1_152' title='bbox 1114 1966 1302 2038; x_wconf 85' lang='lat' dir='ltr'>honestum,</span> <span class='ocrx_word' id='word_1_153' title='bbox 1317 1967 1385 2027; x_wconf 90' lang='lat' dir='ltr'>tam</span> <span class='ocrx_word' id='word_1_154' title='bbox 1405 1967 1501 2041; x_wconf 89' lang='lat' dir='ltr'>vigor</span> <span class='ocrx_word' id='word_1_155' title='bbox 1517 1966 1695 2043; x_wconf 76' lang='lat' dir='ltr'>aequitatis,</span> <span class='ocrx_word' id='word_1_156' title='bbox 1712 1981 1811 2042; x_wconf 85' lang='lat' dir='ltr'>quam</span> <span class='ocrx_word' id='word_1_157' title='bbox 1823 1963 1895 2026; x_wconf 89' lang='lat' dir='ltr'>ordo</span> 
     </span>
     <span class='ocr_line' id='line_1_20' title="bbox 264 2060 1894 2140; baseline -0.002 -15"><span class='ocrx_word' id='word_1_158' title='bbox 264 2082 341 2140; x_wconf 82' lang='lat' dir='ltr'>sua3</span> <span class='ocrx_word' id='word_1_159' title='bbox 364 2080 424 2125; x_wconf 88' lang='lat' dir='ltr'>nos</span> <span class='ocrx_word' id='word_1_160' title='bbox 444 2064 650 2125; x_wconf 88' lang='lat' dir='ltr'>attendentes</span> <span class='ocrx_word' id='word_1_161' title='bbox 673 2061 835 2139; x_wconf 88' lang='lat' dir='ltr'>puerilem</span> <span class='ocrx_word' id='word_1_162' title='bbox 858 2061 1001 2132; x_wconf 86' lang='lat' dir='ltr'>aetatem,</span> <span class='ocrx_word' id='word_1_163' title='bbox 1024 2060 1058 2121; x_wconf 91' lang='lat' dir='ltr'>in</span> <span class='ocrx_word' id='word_1_164' title='bbox 1115 2063 1220 2140; x_wconf 82' lang='lat' dir='ltr'>exigit</span> <span class='ocrx_word' id='word_1_165' title='bbox 1233 2064 1387 2136; x_wconf 89' lang='lat' dir='ltr'>rationis,</span> <span class='ocrx_word' id='word_1_166' title='bbox 1404 2067 1440 2126; x_wconf 93' lang='lat' dir='ltr'>ut</span> <span class='ocrx_word' id='word_1_167' title='bbox 1454 2064 1487 2124; x_wconf 90' lang='lat' dir='ltr'>id</span> <span class='ocrx_word' id='word_1_168' title='bbox 1503 2079 1563 2140; x_wconf 89' lang='lat' dir='ltr'>per</span> <span class='ocrx_word' id='word_1_169' title='bbox 1577 2062 1834 2124; x_wconf 89' lang='lat' dir='ltr'>sollicitudiuem</span> <span class='ocrx_word' id='word_1_170' title='bbox 1846 2060 1894 2121; x_wconf 85' lang='lat' dir='ltr'>oi-</span> 
     </span>
     <span class='ocr_line' id='line_1_21' title="bbox 265 2158 1893 2239; baseline -0.004 -16"><span class='ocrx_word' id='word_1_171' title='bbox 265 2179 329 2239; x_wconf 90' lang='lat' dir='ltr'>qua</span> <span class='ocrx_word' id='word_1_172' title='bbox 344 2164 423 2223; x_wconf 90' lang='lat' dir='ltr'>tunc</span> <span class='ocrx_word' id='word_1_173' title='bbox 435 2161 594 2238; x_wconf 89' lang='lat' dir='ltr'>temporis</span> <span class='ocrx_word' id='word_1_174' title='bbox 609 2176 696 2232; x_wconf 90' lang='lat' dir='ltr'>eras,</span> <span class='ocrx_word' id='word_1_175' title='bbox 714 2161 746 2220; x_wconf 89' lang='lat' dir='ltr'>et</span> <span class='ocrx_word' id='word_1_176' title='bbox 759 2159 938 2235; x_wconf 89' lang='lat' dir='ltr'>pensantes</span> <span class='ocrx_word' id='word_1_177' title='bbox 952 2171 1061 2233; x_wconf 80' lang='lat' dir='ltr'>qllan-</span> <span class='ocrx_word' id='word_1_178' title='bbox 1114 2160 1180 2221; x_wconf 85' lang='lat' dir='ltr'>ficii</span> <span class='ocrx_word' id='word_1_179' title='bbox 1197 2161 1302 2222; x_wconf 90' lang='lat' dir='ltr'>nostri</span> <span class='ocrx_word' id='word_1_180' title='bbox 1315 2161 1355 2221; x_wconf 90' lang='lat' dir='ltr'>ad</span> <span class='ocrx_word' id='word_1_181' title='bbox 1370 2160 1516 2221; x_wconf 91' lang='lat' dir='ltr'>debitum</span> <span class='ocrx_word' id='word_1_182' title='bbox 1528 2161 1731 2237; x_wconf 88' lang='lat' dir='ltr'>perducatur</span> <span class='ocrx_word' id='word_1_183' title='bbox 1739 2158 1893 2219; x_wconf 83' lang='lat' dir='ltr'>effectum.</span> 
     </span>
     <span class='ocr_line' id='line_1_22' title="bbox 170 2253 1895 2343; baseline -0.005 -23"><span class='ocrx_word' id='word_1_184' title='bbox 170 2336 176 2343; x_wconf 26' lang='grc' dir='ltr'>ι</span> <span class='ocrx_word' id='word_1_185' title='bbox 263 2264 333 2321; x_wconf 84' lang='lat' dir='ltr'>tum</span> <span class='ocrx_word' id='word_1_186' title='bbox 353 2259 561 2336; x_wconf 86' lang='lat' dir='ltr'>dispendium</span> <span class='ocrx_word' id='word_1_187' title='bbox 581 2257 709 2328; x_wconf 80' lang='lat' dir='ltr'>fuisset,</span> <span class='ocrx_word' id='word_1_188' title='bbox 733 2256 761 2318; x_wconf 90' lang='lat' dir='ltr'>si</span> <span class='ocrx_word' id='word_1_189' title='bbox 785 2257 849 2317; x_wconf 81' lang='lat' dir='ltr'>hoo</span> <span class='ocrx_word' id='word_1_190' title='bbox 868 2253 1061 2315; x_wconf 81' lang='lat' dir='ltr'>dissimula·</span> <span class='ocrx_word' id='word_1_191' title='bbox 1114 2260 1161 2319; x_wconf 81' lang='lat' dir='ltr'>Ea</span> <span class='ocrx_word' id='word_1_192' title='bbox 1187 2260 1322 2334; x_wconf 85' lang='lat' dir='ltr'>propter</span> <span class='ocrx_word' id='word_1_193' title='bbox 1347 2257 1459 2319; x_wconf 83' lang='lat' dir='ltr'>dilecti</span> <span class='ocrx_word' id='word_1_194' title='bbox 1480 2258 1675 2319; x_wconf 78' lang='lat' dir='ltr'>innomine</span> <span class='ocrx_word' id='word_1_195' title='bbox 1697 2254 1895 2327; x_wconf 81' lang='lat' dir='ltr'>filli‚vestn&#39;s</span> 
     </span>
     <span class='ocr_line' id='line_1_23' title="bbox 263 2351 1894 2432; baseline -0.005 -13"><span class='ocrx_word' id='word_1_196' title='bbox 263 2374 387 2429; x_wconf 91' lang='lat' dir='ltr'>remus,</span> <span class='ocrx_word' id='word_1_197' title='bbox 413 2357 473 2417; x_wconf 88' lang='lat' dir='ltr'>tibi</span> <span class='ocrx_word' id='word_1_198' title='bbox 498 2358 530 2417; x_wconf 88' lang='lat' dir='ltr'>et</span> <span class='ocrx_word' id='word_1_199' title='bbox 556 2356 655 2417; x_wconf 89' lang='lat' dir='ltr'>eliam</span> <span class='ocrx_word' id='word_1_200' title='bbox 679 2354 875 2431; x_wconf 84' lang='lat' dir='ltr'>Apostolicae</span> <span class='ocrx_word' id='word_1_201' title='bbox 899 2351 995 2413; x_wconf 86' lang='lat' dir='ltr'>Sedis</span> <span class='ocrx_word' id='word_1_202' title='bbox 1017 2367 1061 2412; x_wconf 87' lang='lat' dir='ltr'>ex</span> <span class='ocrx_word' id='word_1_203' title='bbox 1109 2356 1210 2432; x_wconf 88' lang='lat' dir='ltr'>justis</span> <span class='ocrx_word' id='word_1_204' title='bbox 1241 2354 1519 2431; x_wconf 89' lang='lat' dir='ltr'>postulationibus</span> <span class='ocrx_word' id='word_1_205' title='bbox 1547 2356 1642 2429; x_wconf 90' lang='lat' dir='ltr'>grato</span> <span class='ocrx_word' id='word_1_206' title='bbox 1670 2353 1894 2414; x_wconf 87' lang='lat' dir='ltr'>concurrentes</span> 
     </span>
     <span class='ocr_line' id='line_1_24' title="bbox 264 2449 1892 2528; baseline -0.003 -14"><span class='ocrx_word' id='word_1_207' title='bbox 264 2454 530 2516; x_wconf 85' lang='lat' dir='ltr'>dissimulatione</span> <span class='ocrx_word' id='word_1_208' title='bbox 556 2452 747 2528; x_wconf 75' lang='lat' dir='ltr'>buJusmodi</span> <span class='ocrx_word' id='word_1_209' title='bbox 781 2450 933 2523; x_wconf 85' lang='lat' dir='ltr'>evenire;</span> <span class='ocrx_word' id='word_1_210' title='bbox 968 2450 1061 2509; x_wconf 83' lang='lat' dir='ltr'>Mar·</span> <span class='ocrx_word' id='word_1_211' title='bbox 1113 2449 1892 2528; x_wconf 78' lang='lat' dir='ltr'>assensu,auct0rnatepresenuumianlnenus,</span> 
     </span>
     <span class='ocr_line' id='line_1_25' title="bbox 264 2546 1894 2627; baseline -0.004 -16"><span class='ocrx_word' id='word_1_212' title='bbox 264 2552 374 2612; x_wconf 86' lang='lat' dir='ltr'>oniam</span> <span class='ocrx_word' id='word_1_213' title='bbox 390 2551 493 2612; x_wconf 89' lang='lat' dir='ltr'>multo</span> <span class='ocrx_word' id='word_1_214' title='bbox 509 2549 682 2627; x_wconf 90' lang='lat' dir='ltr'>dispendio</span> <span class='ocrx_word' id='word_1_215' title='bbox 701 2550 735 2609; x_wconf 89' lang='lat' dir='ltr'>et</span> <span class='ocrx_word' id='word_1_216' title='bbox 751 2547 865 2608; x_wconf 89' lang='lat' dir='ltr'>labore</span> <span class='ocrx_word' id='word_1_217' title='bbox 880 2561 1060 2624; x_wconf 92' lang='lat' dir='ltr'>recupera·</span> <span class='ocrx_word' id='word_1_218' title='bbox 1114 2565 1156 2610; x_wconf 93' lang='lat' dir='ltr'>ne</span> <span class='ocrx_word' id='word_1_219' title='bbox 1184 2549 1258 2626; x_wconf 87' lang='lat' dir='ltr'>quis</span> <span class='ocrx_word' id='word_1_220' title='bbox 1286 2549 1380 2610; x_wconf 93' lang='lat' dir='ltr'>vobis</span> <span class='ocrx_word' id='word_1_221' title='bbox 1404 2565 1464 2625; x_wconf 93' lang='lat' dir='ltr'>pro</span> <span class='ocrx_word' id='word_1_222' title='bbox 1491 2548 1723 2610; x_wconf 90' lang='lat' dir='ltr'>benedictione</span> <span class='ocrx_word' id='word_1_223' title='bbox 1750 2546 1894 2608; x_wconf 90' lang='lat' dir='ltr'>abbatum</span> 
     </span>
     <span class='ocr_line' id='line_1_26' title="bbox 262 2645 1893 2725; baseline -0.004 -16"><span class='ocrx_word' id='word_1_224' title='bbox 262 2650 373 2710; x_wconf 87' lang='lat' dir='ltr'>vimus</span> <span class='ocrx_word' id='word_1_225' title='bbox 388 2648 588 2710; x_wconf 84' lang='lat' dir='ltr'>antedictam</span> <span class='ocrx_word' id='word_1_226' title='bbox 612 2646 653 2725; x_wconf 15' lang='lat' dir='ltr'>and</span> <span class='ocrx_word' id='word_1_227' title='bbox 671 2645 829 2707; x_wconf 86' lang='lat' dir='ltr'>Ecclesiae</span> <span class='ocrx_word' id='word_1_228' title='bbox 849 2647 1007 2706; x_wconf 86' lang='lat' dir='ltr'>Romanae</span> <span class='ocrx_word' id='word_1_229' title='bbox 1027 2646 1059 2704; x_wconf 89' lang='lat' dir='ltr'>et</span> <span class='ocrx_word' id='word_1_230' title='bbox 1114 2646 1307 2709; x_wconf 90' lang='lat' dir='ltr'>monasterii</span> <span class='ocrx_word' id='word_1_231' title='bbox 1323 2647 1438 2717; x_wconf 86' lang='lat' dir='ltr'>vestri,</span> <span class='ocrx_word' id='word_1_232' title='bbox 1455 2646 1581 2723; x_wconf 84' lang='lat' dir='ltr'>aliquid</span> <span class='ocrx_word' id='word_1_233' title='bbox 1593 2646 1710 2707; x_wconf 87' lang='lat' dir='ltr'>contra</span> <span class='ocrx_word' id='word_1_234' title='bbox 1723 2645 1893 2706; x_wconf 73' lang='lat' dir='ltr'>statuentes</span> 
     </span>
     <span class='ocr_line' id='line_1_27' title="bbox 264 2738 1890 2820; baseline -0.006 -13"><span class='ocrx_word' id='word_1_235' title='bbox 264 2751 357 2807; x_wconf 89' lang='lat' dir='ltr'>tuum</span> <span class='ocrx_word' id='word_1_236' title='bbox 373 2746 579 2808; x_wconf 90' lang='lat' dir='ltr'>commodum</span> <span class='ocrx_word' id='word_1_237' title='bbox 595 2747 628 2807; x_wconf 90' lang='lat' dir='ltr'>et</span> <span class='ocrx_word' id='word_1_238' title='bbox 647 2744 819 2805; x_wconf 90' lang='lat' dir='ltr'>honorem.</span> <span class='ocrx_word' id='word_1_239' title='bbox 846 2744 895 2802; x_wconf 86' lang='lat' dir='ltr'>Tu</span> <span class='ocrx_word' id='word_1_240' title='bbox 917 2755 996 2817; x_wconf 91' lang='lat' dir='ltr'>ergo</span> <span class='ocrx_word' id='word_1_241' title='bbox 1017 2738 1058 2801; x_wconf 90' lang='lat' dir='ltr'>ad</span> <span class='ocrx_word' id='word_1_242' title='bbox 1114 2744 1252 2805; x_wconf 84' lang='lat' dir='ltr'>concilii</span> <span class='ocrx_word' id='word_1_243' title='bbox 1284 2743 1451 2820; x_wconf 85' lang='lat' dir='ltr'>generalis</span> <span class='ocrx_word' id='word_1_244' title='bbox 1482 2745 1683 2819; x_wconf 83' lang='lat' dir='ltr'>extorquere</span> <span class='ocrx_word' id='word_1_245' title='bbox 1716 2738 1890 2819; x_wconf 79' lang='lat' dir='ltr'>praesumat</span> 
     </span>
     <span class='ocr_line' id='line_1_28' title="bbox 265 2838 1891 2919; baseline -0.006 -13"><span class='ocrx_word' id='word_1_246' title='bbox 265 2861 326 2906; x_wconf 91' lang='lat' dir='ltr'>nos</span> <span class='ocrx_word' id='word_1_247' title='bbox 340 2845 455 2905; x_wconf 90' lang='lat' dir='ltr'>venire</span> <span class='ocrx_word' id='word_1_248' title='bbox 473 2858 538 2903; x_wconf 92' lang='lat' dir='ltr'>non</span> <span class='ocrx_word' id='word_1_249' title='bbox 559 2841 707 2913; x_wconf 86' lang='lat' dir='ltr'>differas,</span> <span class='ocrx_word' id='word_1_250' title='bbox 729 2856 803 2901; x_wconf 91' lang='lat' dir='ltr'>cum</span> <span class='ocrx_word' id='word_1_251' title='bbox 820 2838 920 2900; x_wconf 88' lang='lat' dir='ltr'>suerit</span> <span class='ocrx_word' id='word_1_252' title='bbox 938 2853 1061 2915; x_wconf 90' lang='lat' dir='ltr'>oppor—</span> <span class='ocrx_word' id='word_1_253' title='bbox 1114 2845 1234 2903; x_wconf 87' lang='lat' dir='ltr'>Datum</span> <span class='ocrx_word' id='word_1_254' title='bbox 1246 2841 1380 2913; x_wconf 88' lang='lat' dir='ltr'>Tibure,</span> <span class='ocrx_word' id='word_1_255' title='bbox 1393 2842 1422 2901; x_wconf 94' lang='lat' dir='ltr'>ll</span> <span class='ocrx_word' id='word_1_256' title='bbox 1436 2838 1477 2919; x_wconf 81' lang='lat' dir='ltr'>(l)</span> <span class='ocrx_word' id='word_1_257' title='bbox 1493 2841 1584 2911; x_wconf 89' lang='lat' dir='ltr'>maii,</span> <span class='ocrx_word' id='word_1_258' title='bbox 1594 2838 1804 2916; x_wconf 83' lang='lat' dir='ltr'>pontificatus</span> <span class='ocrx_word' id='word_1_259' title='bbox 1815 2851 1891 2898; x_wconf 87' lang='lat' dir='ltr'>anuo</span> 
     </span>
     <span class='ocr_line' id='line_1_29' title="bbox 266 2937 1213 3016; baseline -0.005 -13"><span class='ocrx_word' id='word_1_260' title='bbox 266 2945 393 3013; x_wconf 90' lang='lat' dir='ltr'>tnnum,</span> <span class='ocrx_word' id='word_1_261' title='bbox 421 2940 604 3001; x_wconf 90' lang='lat' dir='ltr'>Marcbiam</span> <span class='ocrx_word' id='word_1_262' title='bbox 632 2940 738 3016; x_wconf 89' lang='lat' dir='ltr'>ipsam</span> <span class='ocrx_word' id='word_1_263' title='bbox 771 2939 940 3014; x_wconf 88' lang='lat' dir='ltr'>tamquam</span> <span class='ocrx_word' id='word_1_264' title='bbox 965 2937 1058 2996; x_wconf 91' lang='lat' dir='ltr'>tuum</span> <span class='ocrx_word' id='word_1_265' title='bbox 1114 2955 1213 3001; x_wconf 92' lang='lat' dir='ltr'>nono.</span> 
     </span>
    </p>

    <p class='ocr_par' dir='ltr' id='par_1_9' title="bbox 264 3033 1056 3114">
     <span class='ocr_line' id='line_1_30' title="bbox 264 3033 1056 3114; baseline -0.011 -14"><span class='ocrx_word' id='word_1_266' title='bbox 264 3040 398 3101; x_wconf 87' lang='lat' dir='ltr'>feudum</span> <span class='ocrx_word' id='word_1_267' title='bbox 414 3038 519 3099; x_wconf 90' lang='lat' dir='ltr'>libere</span> <span class='ocrx_word' id='word_1_268' title='bbox 533 3042 738 3114; x_wconf 88' lang='lat' dir='ltr'>recepturus.</span> <span class='ocrx_word' id='word_1_269' title='bbox 755 3035 873 3097; x_wconf 85' lang='lat' dir='ltr'>Datum</span> <span class='ocrx_word' id='word_1_270' title='bbox 886 3033 1056 3093; x_wconf 81' lang='lat' dir='ltr'>Tibure...</span> 
     </span>
    </p>
   </div>
   <div class='ocr_carea' id='block_1_7' title="bbox 211 3130 1539 3296">
    <p class='ocr_par' dir='ltr' id='par_1_10' title="bbox 211 3130 1539 3296">
     <span class='ocr_line' id='line_1_31' title="bbox 211 3130 1539 3295; baseline -0.011 -96"><span class='ocrx_word' id='word_1_271' title='bbox 211 3212 226 3233; x_wconf 69' lang='lat'><em>‚</em></span> <span class='ocrx_word' id='word_1_272' title='bbox 264 3138 426 3295; x_wconf 43' lang='lat' dir='ltr'>kalendas</span> <span class='ocrx_word' id='word_1_273' title='bbox 461 3136 552 3204; x_wconf 89' lang='lat' dir='ltr'>maii,</span> <span class='ocrx_word' id='word_1_274' title='bbox 589 3134 800 3212; x_wconf 75' lang='lat' dir='ltr'>pontificatus</span> <span class='ocrx_word' id='word_1_275' title='bbox 833 3130 937 3192; x_wconf 89' lang='lat' dir='ltr'>nostri</span> <span class='ocrx_word' id='word_1_276' title='bbox 970 3145 1058 3191; x_wconf 90' lang='lat' dir='ltr'>anno</span> <span class='ocrx_word' id='word_1_277' title='bbox 1479 3170 1539 3259; x_wconf 70' lang='lat' dir='ltr'>CL</span> 
     </span>
     <span class='ocr_line' id='line_1_32' title="bbox 266 3252 366 3296; baseline -0.01 0"><span class='ocrx_word' id='word_1_278' title='bbox 266 3253 287 3296; x_wconf 92' lang='lat' dir='ltr'>n</span> <span class='ocrx_word' id='word_1_279' title='bbox 312 3252 366 3295; x_wconf 89' lang='lat' dir='ltr'>no.</span> 
     </span>
    </p>
   </div>
   <div class='ocr_carea' id='block_1_8' title="bbox 564 3308 1884 3514">
    <p class='ocr_par' dir='ltr' id='par_1_11' title="bbox 564 3308 1884 3514">
     <span class='ocr_line' id='line_1_33' title="bbox 1115 3308 1884 3375; baseline -0.008 0"><span class='ocrx_word' id='word_1_280' title='bbox 1115 3308 1884 3375; x_wconf 69' lang='lat' dir='ltr'>coenantemetcoaveatnmaenocosnarla.</span> 
     </span>
     <span class='ocr_line' id='line_1_34' title="bbox 564 3426 1606 3514; baseline -0.014 0"><span class='ocrx_word' id='word_1_281' title='bbox 564 3426 759 3514; x_wconf 75' lang='lat' dir='ltr'>CXLVIII</span> <span class='ocrx_word' id='word_1_282' title='bbox 1414 3442 1606 3500; x_wconf 73' lang='lat' dir='ltr'>amalraus.</span> 
     </span>
    </p>
   </div>
   <div class='ocr_carea' id='block_1_9' title="bbox 265 3563 1797 3634">
    <p class='ocr_par' dir='ltr' id='par_1_12' title="bbox 265 3563 1797 3634">
     <span class='ocr_line' id='line_1_35' title="bbox 265 3563 1797 3634; baseline -0.013 -1"><span class='ocrx_word' id='word_1_283' title='bbox 265 3577 314 3634; x_wconf 79' lang='lat' dir='ltr'>Ab</span> <span class='ocrx_word' id='word_1_284' title='bbox 333 3572 487 3633; x_wconf 77' lang='lat' dir='ltr'>subolem</span> <span class='ocrx_word' id='word_1_285' title='bbox 507 3570 541 3631; x_wconf 84' lang='lat' dir='ltr'>cl</span> <span class='ocrx_word' id='word_1_286' title='bbox 562 3572 767 3630; x_wconf 72' lang='lat' dir='ltr'>coracesium</span> <span class='ocrx_word' id='word_1_287' title='bbox 787 3570 846 3628; x_wconf 85' lang='lat' dir='ltr'>SS.</span> <span class='ocrx_word' id='word_1_288' title='bbox 869 3567 1012 3628; x_wconf 74' lang='lat' dir='ltr'>Mallum</span> <span class='ocrx_word' id='word_1_289' title='bbox 1026 3565 1059 3626; x_wconf 86' lang='lat' dir='ltr'>el</span> <span class='ocrx_word' id='word_1_290' title='bbox 1223 3565 1469 3631; x_wconf 79' lang='lat' dir='ltr'>[llitrelrneinlsehes</span> <span class='ocrx_word' id='word_1_291' title='bbox 1484 3564 1597 3624; x_wconf 82' lang='lat' dir='ltr'>ub.,n1‚</span> <span class='ocrx_word' id='word_1_292' title='bbox 1614 3564 1670 3624; x_wconf 76' lang='lat' dir='ltr'>nos,</span> <span class='ocrx_word' id='word_1_293' title='bbox 1688 3578 1715 3614; x_wconf 86' lang='lat' dir='ltr'>n.</span> <span class='ocrx_word' id='word_1_294' title='bbox 1732 3563 1797 3628; x_wconf 79' lang='lat' dir='ltr'>na]</span> 
     </span>
    </p>
   </div>
   <div class='ocr_carea' id='block_1_10' title="bbox 571 3665 1886 3771">
    <p class='ocr_par' dir='ltr' id='par_1_13' title="bbox 571 3665 1886 3771">
     <span class='ocr_line' id='line_1_36' title="bbox 571 3665 1886 3771; baseline -0.011 -15"><span class='ocrx_word' id='word_1_295' title='bbox 571 3665 748 3728; x_wconf 57' lang='lat' dir='ltr'><strong><em>mnam·</em></strong></span> <span class='ocrx_word' id='word_1_296' title='bbox 1113 3692 1268 3753; x_wconf 64' lang='lat' dir='ltr'>&amp;adimat</span> <span class='ocrx_word' id='word_1_297' title='bbox 1291 3689 1430 3771; x_wconf 78' lang='lat' dir='ltr'>quasdam</span> <span class='ocrx_word' id='word_1_298' title='bbox 1454 3690 1652 3764; x_wconf 65' lang='lat' dir='ltr'>passessiws</span> <span class='ocrx_word' id='word_1_299' title='bbox 1669 3704 1757 3762; x_wconf 89' lang='lat' dir='ltr'>super</span> <span class='ocrx_word' id='word_1_300' title='bbox 1773 3686 1886 3746; x_wconf 82' lang='lat' dir='ltr'>llistrian</span> 
     </span>
    </p>
   </div>
   <div class='ocr_carea' id='block_1_11' title="bbox 263 3778 1891 5349">
    <p class='ocr_par' dir='ltr' id='par_1_14' title="bbox 565 3778 1584 3865">
     <span class='ocr_line' id='line_1_37' title="bbox 565 3778 1584 3865; baseline -0.013 -1"><span class='ocrx_word' id='word_1_301' title='bbox 565 3805 760 3865; x_wconf 69' lang='lat' dir='ltr'>annilina.</span> <span class='ocrx_word' id='word_1_302' title='bbox 1435 3778 1584 3852; x_wconf 75' lang='lat' dir='ltr'>majorem.</span> 
     </span>
    </p>

    <p class='ocr_par' dir='ltr' id='par_1_15' title="bbox 386 3890 1888 4161">
     <span class='ocr_line' id='line_1_38' title="bbox 386 3890 1886 3996; baseline -0.005 -29"><span class='ocrx_word' id='word_1_303' title='bbox 386 3932 630 3996; x_wconf 52' lang='lat' dir='ltr'>[pppgpmmfflm</span> <span class='ocrx_word' id='word_1_304' title='bbox 641 3931 698 3988; x_wconf 54' lang='lat' dir='ltr'>pb„</span> <span class='ocrx_word' id='word_1_305' title='bbox 711 3931 753 3988; x_wconf 88' lang='lat' dir='ltr'>lli,</span> <span class='ocrx_word' id='word_1_306' title='bbox 768 3928 824 3986; x_wconf 53' lang='grc' dir='ltr'>ως,</span> <span class='ocrx_word' id='word_1_307' title='bbox 837 3944 862 3981; x_wconf 84' lang='lat' dir='ltr'>a.</span> <span class='ocrx_word' id='word_1_308' title='bbox 879 3927 947 3991; x_wconf 74' lang='lat' dir='ltr'>aon]</span> <span class='ocrx_word' id='word_1_309' title='bbox 1153 3895 1320 3959; x_wconf 87' lang='lat' dir='ltr'>Honorius</span> <span class='ocrx_word' id='word_1_310' title='bbox 1331 3895 1519 3973; x_wconf 90' lang='lat' dir='ltr'>episcopus,</span> <span class='ocrx_word' id='word_1_311' title='bbox 1531 3911 1647 3957; x_wconf 89' lang='lat' dir='ltr'>servus</span> <span class='ocrx_word' id='word_1_312' title='bbox 1655 3890 1886 3959; x_wconf 75' lang='lat' dir='ltr'>servornnlleb</span> 
     </span>
     <span class='ocr_line' id='line_1_39' title="bbox 508 3992 1888 4079; baseline -0.009 -16"><span class='ocrx_word' id='word_1_313' title='bbox 508 4067 514 4079; x_wconf 61' lang='grc'>,</span> <span class='ocrx_word' id='word_1_314' title='bbox 812 4066 816 4073; x_wconf 54' lang='grc'>,</span> <span class='ocrx_word' id='word_1_315' title='bbox 1114 3995 1244 4057; x_wconf 88' lang='lat' dir='ltr'>dilectis</span> <span class='ocrx_word' id='word_1_316' title='bbox 1272 3994 1351 4055; x_wconf 88' lang='lat' dir='ltr'>tiliis</span> <span class='ocrx_word' id='word_1_317' title='bbox 1372 3993 1485 4055; x_wconf 86' lang='lat' dir='ltr'>abbati</span> <span class='ocrx_word' id='word_1_318' title='bbox 1506 3995 1540 4055; x_wconf 87' lang='lat' dir='ltr'>et</span> <span class='ocrx_word' id='word_1_319' title='bbox 1560 3993 1738 4055; x_wconf 89' lang='lat' dir='ltr'>conventui</span> <span class='ocrx_word' id='word_1_320' title='bbox 1759 3992 1799 4053; x_wconf 90' lang='lat' dir='ltr'>de</span> <span class='ocrx_word' id='word_1_321' title='bbox 1816 3992 1888 4051; x_wconf 84' lang='lat' dir='ltr'>Loco</span> 
     </span>
     <span class='ocr_line' id='line_1_40' title="bbox 483 4061 1888 4161; baseline -0.014 5"><span class='ocrx_word' id='word_1_322' title='bbox 483 4069 531 4124; x_wconf 48' lang='grc' dir='ltr'>ΕΝ</span> <span class='ocrx_word' id='word_1_323' title='bbox 546 4066 685 4138; x_wconf 65' lang='lat'>⁹⁰⁸¹¹¹¹³¹⁸</span> <span class='ocrx_word' id='word_1_324' title='bbox 701 4061 840 4122; x_wconf 68' lang='lat' dir='ltr'>⁰⁰⁰⁰⁴³d¹¹‘</span> <span class='ocrx_word' id='word_1_325' title='bbox 1115 4095 1245 4154; x_wconf 83' lang='lat' dir='ltr'>Sanctae</span> <span class='ocrx_word' id='word_1_326' title='bbox 1254 4091 1369 4152; x_wconf 76' lang='lat' dir='ltr'>Mariae</span> <span class='ocrx_word' id='word_1_327' title='bbox 1379 4090 1609 4153; x_wconf 74' lang='lat' dir='ltr'>CistercIensis</span> <span class='ocrx_word' id='word_1_328' title='bbox 1617 4090 1757 4161; x_wconf 88' lang='lat' dir='ltr'>ordinis,</span> <span class='ocrx_word' id='word_1_329' title='bbox 1766 4088 1888 4150; x_wconf 77' lang='lat' dir='ltr'>salutm</span> 
     </span>
    </p>

    <p class='ocr_par' dir='ltr' id='par_1_16' title="bbox 263 4187 1891 5349">
     <span class='ocr_line' id='line_1_41' title="bbox 307 4187 1673 4273; baseline -0.009 -14"><span class='ocrx_word' id='word_1_330' title='bbox 307 4197 473 4259; x_wconf 90' lang='lat' dir='ltr'>Honorius</span> <span class='ocrx_word' id='word_1_331' title='bbox 483 4194 669 4270; x_wconf 87' lang='lat' dir='ltr'>episcopus,</span> <span class='ocrx_word' id='word_1_332' title='bbox 680 4207 796 4252; x_wconf 89' lang='lat' dir='ltr'>servus</span> <span class='ocrx_word' id='word_1_333' title='bbox 806 4203 977 4250; x_wconf 90' lang='lat' dir='ltr'>servorum</span> <span class='ocrx_word' id='word_1_334' title='bbox 987 4189 1056 4258; x_wconf 85' lang='lat' dir='ltr'>Dei,</span> <span class='ocrx_word' id='word_1_335' title='bbox 1114 4193 1147 4252; x_wconf 91' lang='lat' dir='ltr'>et</span> <span class='ocrx_word' id='word_1_336' title='bbox 1160 4188 1384 4273; x_wconf 70' lang='lat' dir='ltr'>apostolicam</span> <span class='ocrx_word' id='word_1_337' title='bbox 1399 4187 1673 4249; x_wconf 90' lang='lat' dir='ltr'>benedictionem.</span> 
     </span>
     <span class='ocr_line' id='line_1_42' title="bbox 267 4278 1888 4362; baseline -0.011 -5"><span class='ocrx_word' id='word_1_338' title='bbox 267 4295 396 4357; x_wconf 90' lang='lat' dir='ltr'>dilectis</span> <span class='ocrx_word' id='word_1_339' title='bbox 410 4293 487 4354; x_wconf 86' lang='lat' dir='ltr'>liliis</span> <span class='ocrx_word' id='word_1_340' title='bbox 502 4290 614 4352; x_wconf 88' lang='lat' dir='ltr'>abbati</span> <span class='ocrx_word' id='word_1_341' title='bbox 626 4292 659 4352; x_wconf 90' lang='lat' dir='ltr'>et</span> <span class='ocrx_word' id='word_1_342' title='bbox 671 4288 848 4350; x_wconf 89' lang='lat' dir='ltr'>conventui</span> <span class='ocrx_word' id='word_1_343' title='bbox 863 4288 1059 4348; x_wconf 83' lang='lat' dir='ltr'>Sanctorum</span> <span class='ocrx_word' id='word_1_344' title='bbox 1153 4286 1345 4362; x_wconf 81' lang='lat' dir='ltr'>Eapropter,</span> <span class='ocrx_word' id='word_1_345' title='bbox 1362 4283 1475 4345; x_wconf 92' lang='lat' dir='ltr'>dilecti</span> <span class='ocrx_word' id='word_1_346' title='bbox 1490 4284 1524 4345; x_wconf 91' lang='lat' dir='ltr'>in</span> <span class='ocrx_word' id='word_1_347' title='bbox 1539 4284 1679 4345; x_wconf 84' lang='lat' dir='ltr'>Domino</span> <span class='ocrx_word' id='word_1_348' title='bbox 1699 4282 1773 4355; x_wconf 86' lang='lat' dir='ltr'>tilii,</span> <span class='ocrx_word' id='word_1_349' title='bbox 1787 4278 1888 4344; x_wconf 85' lang='lat' dir='ltr'>vestris</span> 
     </span>
     <span class='ocr_line' id='line_1_43' title="bbox 267 4380 1889 4462; baseline -0.01 -7"><span class='ocrx_word' id='word_1_350' title='bbox 267 4393 402 4455; x_wconf 85' lang='lat' dir='ltr'>Matbiae</span> <span class='ocrx_word' id='word_1_351' title='bbox 426 4391 459 4451; x_wconf 91' lang='lat' dir='ltr'>et</span> <span class='ocrx_word' id='word_1_352' title='bbox 478 4387 634 4450; x_wconf 82' lang='lat' dir='ltr'>Eucherii</span> <span class='ocrx_word' id='word_1_353' title='bbox 657 4386 871 4447; x_wconf 87' lang='lat' dir='ltr'>Treverensis</span> <span class='ocrx_word' id='word_1_354' title='bbox 893 4382 1058 4453; x_wconf 84' lang='lat' dir='ltr'>diaecesis,</span> <span class='ocrx_word' id='word_1_355' title='bbox 1110 4385 1210 4462; x_wconf 90' lang='lat' dir='ltr'>justis</span> <span class='ocrx_word' id='word_1_356' title='bbox 1223 4382 1377 4459; x_wconf 90' lang='lat' dir='ltr'>precibus</span> <span class='ocrx_word' id='word_1_357' title='bbox 1390 4380 1554 4452; x_wconf 88' lang='lat' dir='ltr'>inclinati,</span> <span class='ocrx_word' id='word_1_358' title='bbox 1565 4381 1796 4458; x_wconf 87' lang='lat' dir='ltr'>possessiones</span> <span class='ocrx_word' id='word_1_359' title='bbox 1806 4388 1889 4454; x_wconf 87' lang='lat' dir='ltr'>super</span> 
     </span>
     <span class='ocr_line' id='line_1_44' title="bbox 267 4472 1888 4564; baseline -0.012 -13"><span class='ocrx_word' id='word_1_360' title='bbox 267 4492 407 4552; x_wconf 88' lang='lat' dir='ltr'>salutem</span> <span class='ocrx_word' id='word_1_361' title='bbox 423 4488 455 4550; x_wconf 92' lang='lat' dir='ltr'>et</span> <span class='ocrx_word' id='word_1_362' title='bbox 468 4485 690 4564; x_wconf 76' lang='lat' dir='ltr'>apostolicam</span> <span class='ocrx_word' id='word_1_363' title='bbox 705 4482 979 4544; x_wconf 88' lang='lat' dir='ltr'>benedictionem.</span> <span class='ocrx_word' id='word_1_364' title='bbox 1115 4481 1274 4543; x_wconf 87' lang='lat' dir='ltr'>Nistriam</span> <span class='ocrx_word' id='word_1_365' title='bbox 1289 4482 1449 4556; x_wconf 89' lang='lat' dir='ltr'>majorem</span> <span class='ocrx_word' id='word_1_366' title='bbox 1459 4480 1557 4540; x_wconf 89' lang='lat' dir='ltr'>etres</span> <span class='ocrx_word' id='word_1_367' title='bbox 1569 4478 1711 4555; x_wconf 84' lang='lat' dir='ltr'>aliquas,</span> <span class='ocrx_word' id='word_1_368' title='bbox 1724 4472 1888 4554; x_wconf 83' lang='lat' dir='ltr'>qnasvnbis</span> 
     </span>
     <span class='ocr_line' id='line_1_45' title="bbox 306 4570 1888 4665; baseline -0.012 -16"><span class='ocrx_word' id='word_1_369' title='bbox 306 4592 356 4649; x_wconf 76' lang='lat' dir='ltr'>lix</span> <span class='ocrx_word' id='word_1_370' title='bbox 370 4587 463 4665; x_wconf 91' lang='lat' dir='ltr'>parte</span> <span class='ocrx_word' id='word_1_371' title='bbox 476 4586 587 4646; x_wconf 87' lang='lat' dir='ltr'>vestra</span> <span class='ocrx_word' id='word_1_372' title='bbox 602 4582 663 4644; x_wconf 88' lang='lat' dir='ltr'>suit</span> <span class='ocrx_word' id='word_1_373' title='bbox 678 4580 773 4642; x_wconf 88' lang='lat' dir='ltr'>nobis</span> <span class='ocrx_word' id='word_1_374' title='bbox 793 4579 964 4640; x_wconf 90' lang='lat' dir='ltr'>humiliter</span> <span class='ocrx_word' id='word_1_375' title='bbox 976 4594 1058 4654; x_wconf 88' lang='lat' dir='ltr'>sup-</span> <span class='ocrx_word' id='word_1_376' title='bbox 1114 4577 1300 4639; x_wconf 89' lang='lat' dir='ltr'>nobilisvir</span> <span class='ocrx_word' id='word_1_377' title='bbox 1314 4576 1477 4638; x_wconf 88' lang='lat' dir='ltr'>Henricus</span> <span class='ocrx_word' id='word_1_378' title='bbox 1499 4590 1609 4637; x_wconf 91' lang='lat' dir='ltr'>comes</span> <span class='ocrx_word' id='word_1_379' title='bbox 1630 4575 1671 4636; x_wconf 89' lang='lat' dir='ltr'>de</span> <span class='ocrx_word' id='word_1_380' title='bbox 1694 4575 1795 4636; x_wconf 86' lang='lat' dir='ltr'>Saine</span> <span class='ocrx_word' id='word_1_381' title='bbox 1812 4570 1888 4634; x_wconf 83' lang='lat' dir='ltr'>elif.</span> 
     </span>
     <span class='ocr_line' id='line_1_46' title="bbox 266 4668 1889 4764; baseline -0.01 -19"><span class='ocrx_word' id='word_1_382' title='bbox 266 4687 439 4764; x_wconf 90' lang='lat' dir='ltr'>plicatum,</span> <span class='ocrx_word' id='word_1_383' title='bbox 468 4685 505 4744; x_wconf 87' lang='lat' dir='ltr'>ut</span> <span class='ocrx_word' id='word_1_384' title='bbox 530 4682 565 4741; x_wconf 90' lang='lat' dir='ltr'>in</span> <span class='ocrx_word' id='word_1_385' title='bbox 591 4679 679 4742; x_wconf 87' lang='lat' dir='ltr'>beati</span> <span class='ocrx_word' id='word_1_386' title='bbox 707 4677 843 4739; x_wconf 89' lang='lat' dir='ltr'>Mathiae</span> <span class='ocrx_word' id='word_1_387' title='bbox 864 4674 1005 4752; x_wconf 89' lang='lat' dir='ltr'>aposloli</span> <span class='ocrx_word' id='word_1_388' title='bbox 1028 4677 1061 4735; x_wconf 90' lang='lat' dir='ltr'>et</span> <span class='ocrx_word' id='word_1_389' title='bbox 1115 4691 1199 4737; x_wconf 87' lang='lat' dir='ltr'>uxor</span> <span class='ocrx_word' id='word_1_390' title='bbox 1222 4677 1295 4752; x_wconf 78' lang='lat' dir='ltr'>eJus</span> <span class='ocrx_word' id='word_1_391' title='bbox 1316 4673 1372 4750; x_wconf 89' lang='lat' dir='ltr'>pia</span> <span class='ocrx_word' id='word_1_392' title='bbox 1392 4672 1592 4735; x_wconf 85' lang='lat' dir='ltr'>liberalitate</span> <span class='ocrx_word' id='word_1_393' title='bbox 1614 4672 1793 4744; x_wconf 90' lang='lat' dir='ltr'>donarunt,</span> <span class='ocrx_word' id='word_1_394' title='bbox 1812 4668 1889 4731; x_wconf 88' lang='lat' dir='ltr'>utin</span> 
     </span>
     <span class='ocr_line' id='line_1_47' title="bbox 265 4764 1889 4858; baseline -0.007 -13"><span class='ocrx_word' id='word_1_395' title='bbox 265 4785 409 4845; x_wconf 90' lang='lat' dir='ltr'>aliarum</span> <span class='ocrx_word' id='word_1_396' title='bbox 433 4779 676 4858; x_wconf 85' lang='lat' dir='ltr'>praecipuarum</span> <span class='ocrx_word' id='word_1_397' title='bbox 701 4775 917 4838; x_wconf 81' lang='lat' dir='ltr'>festivitatum</span> <span class='ocrx_word' id='word_1_398' title='bbox 941 4787 1059 4833; x_wconf 90' lang='lat' dir='ltr'>novem</span> <span class='ocrx_word' id='word_1_399' title='bbox 1113 4788 1229 4834; x_wconf 90' lang='lat' dir='ltr'>eorum</span> <span class='ocrx_word' id='word_1_400' title='bbox 1262 4770 1383 4833; x_wconf 90' lang='lat' dir='ltr'>litteris</span> <span class='ocrx_word' id='word_1_401' title='bbox 1416 4770 1540 4831; x_wconf 89' lang='lat' dir='ltr'>dicitur</span> <span class='ocrx_word' id='word_1_402' title='bbox 1569 4769 1701 4847; x_wconf 90' lang='lat' dir='ltr'>plenius</span> <span class='ocrx_word' id='word_1_403' title='bbox 1732 4764 1889 4833; x_wconf 73' lang='lat' dir='ltr'>contineri.</span> 
     </span>
     <span class='ocr_line' id='line_1_48' title="bbox 265 4861 1890 4944; baseline -0.014 -1"><span class='ocrx_word' id='word_1_404' title='bbox 265 4882 442 4943; x_wconf 89' lang='lat' dir='ltr'>lectionum</span> <span class='ocrx_word' id='word_1_405' title='bbox 466 4873 731 4938; x_wconf 82' lang='lat' dir='ltr'>solemnitatibus</span> <span class='ocrx_word' id='word_1_406' title='bbox 744 4874 779 4935; x_wconf 94' lang='lat' dir='ltr'>in</span> <span class='ocrx_word' id='word_1_407' title='bbox 792 4870 932 4933; x_wconf 87' lang='lat' dir='ltr'>ecclesia</span> <span class='ocrx_word' id='word_1_408' title='bbox 948 4870 1058 4931; x_wconf 90' lang='lat' dir='ltr'>vestra</span> <span class='ocrx_word' id='word_1_409' title='bbox 1114 4869 1201 4931; x_wconf 91' lang='lat' dir='ltr'>sicut</span> <span class='ocrx_word' id='word_1_410' title='bbox 1214 4884 1272 4930; x_wconf 88' lang='lat' dir='ltr'>eas</span> <span class='ocrx_word' id='word_1_411' title='bbox 1282 4869 1371 4944; x_wconf 86' lang='lat' dir='ltr'>jnste</span> <span class='ocrx_word' id='word_1_412' title='bbox 1393 4869 1426 4929; x_wconf 92' lang='lat' dir='ltr'>et</span> <span class='ocrx_word' id='word_1_413' title='bbox 1447 4866 1585 4943; x_wconf 86' lang='lat' dir='ltr'>pacifice</span> <span class='ocrx_word' id='word_1_414' title='bbox 1606 4866 1795 4944; x_wconf 90' lang='lat' dir='ltr'>possidetis,</span> <span class='ocrx_word' id='word_1_415' title='bbox 1812 4861 1890 4925; x_wconf 86' lang='lat' dir='ltr'>vobis</span> 
     </span>
     <span class='ocr_line' id='line_1_49' title="bbox 266 4960 1891 5043; baseline -0.015 0"><span class='ocrx_word' id='word_1_416' title='bbox 266 4985 310 5042; x_wconf 83' lang='lat' dir='ltr'>Te</span> <span class='ocrx_word' id='word_1_417' title='bbox 331 4984 442 5041; x_wconf 83' lang='lat' dir='ltr'>Deum</span> <span class='ocrx_word' id='word_1_418' title='bbox 464 4978 645 5039; x_wconf 72' lang='lat' dir='ltr'>inridemus</span> <span class='ocrx_word' id='word_1_419' title='bbox 668 4988 707 5033; x_wconf 89' lang='lat' dir='ltr'>ac</span> <span class='ocrx_word' id='word_1_420' title='bbox 732 4975 849 5033; x_wconf 76' lang='lat' dir='ltr'>Gloria</span> <span class='ocrx_word' id='word_1_421' title='bbox 862 4974 900 5032; x_wconf 83' lang='lat' dir='ltr'>tn</span> <span class='ocrx_word' id='word_1_422' title='bbox 913 4971 1060 5029; x_wconf 72' lang='lat' dir='ltr'>encenia</span> <span class='ocrx_word' id='word_1_423' title='bbox 1114 4967 1148 5028; x_wconf 90' lang='lat' dir='ltr'>et</span> <span class='ocrx_word' id='word_1_424' title='bbox 1171 4981 1231 5043; x_wconf 89' lang='lat' dir='ltr'>per</span> <span class='ocrx_word' id='word_1_425' title='bbox 1250 4982 1311 5027; x_wconf 90' lang='lat' dir='ltr'>vos</span> <span class='ocrx_word' id='word_1_426' title='bbox 1334 4964 1536 5028; x_wconf 89' lang='lat' dir='ltr'>monasterio</span> <span class='ocrx_word' id='word_1_427' title='bbox 1566 4966 1679 5027; x_wconf 89' lang='lat' dir='ltr'>vestro</span> <span class='ocrx_word' id='word_1_428' title='bbox 1710 4960 1891 5025; x_wconf 85' lang='lat' dir='ltr'>auctoritate</span> 
     </span>
     <span class='ocr_line' id='line_1_50' title="bbox 263 5054 1890 5149; baseline -0.015 -10"><span class='ocrx_word' id='word_1_429' title='bbox 263 5083 335 5140; x_wconf 85' lang='lat' dir='ltr'>Deo</span> <span class='ocrx_word' id='word_1_430' title='bbox 366 5077 501 5136; x_wconf 89' lang='lat' dir='ltr'>cantare</span> <span class='ocrx_word' id='word_1_431' title='bbox 528 5073 625 5149; x_wconf 87' lang='lat' dir='ltr'>juxta</span> <span class='ocrx_word' id='word_1_432' title='bbox 656 5070 877 5130; x_wconf 81' lang='lat' dir='ltr'>sacrosanctae</span> <span class='ocrx_word' id='word_1_433' title='bbox 899 5069 1058 5129; x_wconf 79' lang='lat' dir='ltr'>nomana</span> <span class='ocrx_word' id='word_1_434' title='bbox 1113 5062 1303 5141; x_wconf 80' lang='lat' dir='ltr'>apostolica</span> <span class='ocrx_word' id='word_1_435' title='bbox 1313 5063 1547 5124; x_wconf 86' lang='lat' dir='ltr'>confirmamus</span> <span class='ocrx_word' id='word_1_436' title='bbox 1557 5063 1591 5122; x_wconf 92' lang='lat' dir='ltr'>et</span> <span class='ocrx_word' id='word_1_437' title='bbox 1603 5061 1781 5138; x_wconf 78' lang='lat' dir='ltr'>praesentis</span> <span class='ocrx_word' id='word_1_438' title='bbox 1793 5054 1890 5134; x_wconf 77' lang='lat' dir='ltr'>scripti</span> 
     </span>
     <span class='ocr_line' id='line_1_51' title="bbox 264 5156 1888 5239; baseline -0.009 -3"><span class='ocrx_word' id='word_1_439' title='bbox 264 5175 420 5237; x_wconf 87' lang='lat' dir='ltr'>Ecclesiae</span> <span class='ocrx_word' id='word_1_440' title='bbox 452 5168 724 5233; x_wconf 90' lang='lat' dir='ltr'>consuetudinem</span> <span class='ocrx_word' id='word_1_441' title='bbox 753 5165 793 5226; x_wconf 90' lang='lat' dir='ltr'>da</span> <span class='ocrx_word' id='word_1_442' title='bbox 825 5165 938 5226; x_wconf 90' lang='lat' dir='ltr'>nostra</span> <span class='ocrx_word' id='word_1_443' title='bbox 964 5162 1059 5224; x_wconf 90' lang='lat' dir='ltr'>vobis</span> <span class='ocrx_word' id='word_1_444' title='bbox 1113 5161 1299 5239; x_wconf 87' lang='lat' dir='ltr'>patrocinio</span> <span class='ocrx_word' id='word_1_445' title='bbox 1335 5159 1588 5222; x_wconf 89' lang='lat' dir='ltr'>communimus.</span> <span class='ocrx_word' id='word_1_446' title='bbox 1626 5161 1747 5220; x_wconf 88' lang='lat' dir='ltr'>Datum</span> <span class='ocrx_word' id='word_1_447' title='bbox 1773 5156 1888 5221; x_wconf 81' lang='lat' dir='ltr'>Tibure,</span> 
     </span>
     <span class='ocr_line' id='line_1_52' title="bbox 265 5254 1889 5349; baseline -0.014 -15"><span class='ocrx_word' id='word_1_448' title='bbox 265 5271 482 5349; x_wconf 86' lang='lat' dir='ltr'>permissione</span> <span class='ocrx_word' id='word_1_449' title='bbox 498 5265 624 5328; x_wconf 85' lang='lat' dir='ltr'>liceret.</span> <span class='ocrx_word' id='word_1_450' title='bbox 641 5266 709 5325; x_wconf 91' lang='lat' dir='ltr'>Nos</span> <span class='ocrx_word' id='word_1_451' title='bbox 725 5264 828 5341; x_wconf 91' lang='lat' dir='ltr'>igitur</span> <span class='ocrx_word' id='word_1_452' title='bbox 839 5261 959 5324; x_wconf 89' lang='lat' dir='ltr'>vestris</span> <span class='ocrx_word' id='word_1_453' title='bbox 974 5277 1057 5336; x_wconf 90' lang='lat' dir='ltr'>sup·</span> <span class='ocrx_word' id='word_1_454' title='bbox 1114 5260 1158 5319; x_wconf 91' lang='lat' dir='ltr'>lll</span> <span class='ocrx_word' id='word_1_455' title='bbox 1185 5273 1291 5319; x_wconf 90' lang='lat' dir='ltr'>nonas</span> <span class='ocrx_word' id='word_1_456' title='bbox 1319 5256 1409 5329; x_wconf 88' lang='lat' dir='ltr'>maii,</span> <span class='ocrx_word' id='word_1_457' title='bbox 1437 5255 1650 5335; x_wconf 83' lang='lat' dir='ltr'>pontificatus</span> <span class='ocrx_word' id='word_1_458' title='bbox 1684 5254 1790 5317; x_wconf 85' lang='lat' dir='ltr'>nostri</span> <span class='ocrx_word' id='word_1_459' title='bbox 1816 5263 1889 5313; x_wconf 85' lang='lat' dir='ltr'>anno</span> 
     </span>
    </p>
   </div>
   <div class='ocr_carea' id='block_1_12' title="bbox 264 5361 1213 5447">
    <p class='ocr_par' dir='ltr' id='par_1_17' title="bbox 264 5361 1213 5447">
     <span class='ocr_line' id='line_1_53' title="bbox 264 5361 1213 5447; baseline -0.015 -18"><span class='ocrx_word' id='word_1_460' title='bbox 264 5366 499 5447; x_wconf 89' lang='lat' dir='ltr'>plicationibus</span> <span class='ocrx_word' id='word_1_461' title='bbox 514 5363 677 5435; x_wconf 91' lang='lat' dir='ltr'>inclinati,</span> <span class='ocrx_word' id='word_1_462' title='bbox 695 5361 892 5423; x_wconf 88' lang='lat' dir='ltr'>auctoritate</span> <span class='ocrx_word' id='word_1_463' title='bbox 911 5374 1060 5436; x_wconf 90' lang='lat' dir='ltr'>praesen·</span> <span class='ocrx_word' id='word_1_464' title='bbox 1115 5370 1213 5418; x_wconf 92' lang='lat' dir='ltr'>nono.</span> 
     </span>
    </p>
   </div>
   <div class='ocr_carea' id='block_1_13' title="bbox 0 0 1990 6197">
    <p class='ocr_par' dir='ltr' id='par_1_18' title="bbox 0 0 1990 6197">
     <span class='ocr_line' id='line_1_54' title="bbox 0 0 1990 6197; baseline 0 0"><span class='ocrx_word' id='word_1_465' title='bbox 0 0 1990 6197; x_wconf 95' lang='lat' dir='ltr'> </span> 
     </span>
    </p>
   </div>
  </div>
 </body>
</html>
