3972 6204
113 391 164 452 stt

109 565 192 622 rone,
225 549 363 609 salutem
400 550 434 609 et
469 532 693 626 apostolicam
727 546 888 610 benedic-

108 649 233 710 tionem.

144 744 229 806 Solet
241 758 389 803 annuere
403 743 505 804 Sedes
517 741 709 820 apostolica
724 742 788 819 piis
804 742 889 803 votis

109 845 138 903 et
151 841 292 901 honestis
307 840 489 916 petentium
503 840 656 916 precibus
670 838 816 900 savorem
831 839 890 899 be-

109 938 244 999 nivolum
260 938 434 1013 impertiri.
449 939 642 1013 Eupropter,
658 937 771 997 dilecti
782 937 816 997 in
830 938 890 997 Do-

109 1036 190 1097 mino
204 1035 274 1106 lilii,
295 1036 415 1096 vestris
430 1035 530 1108 jnstis
550 1033 703 1110 precibus
724 1034 887 1106 inclinati,

108 1131 378 1207 compositionem,
397 1147 470 1208 quae
482 1131 570 1191 inter
583 1146 643 1191 vos
658 1146 701 1191 en
715 1133 810 1207 parte
822 1146 889 1191 una

109 1227 709 1290 3131131313313333331313113333111
726 1227 887 1299 ludensis,

108 1325 303 1387 coloniensis
324 1324 489 1397 dioecesis,
515 1340 558 1385 ex
579 1324 686 1385 altera
709 1340 808 1401 super
827 1325 888 1385 de-

108 1424 186 1483 cima
208 1423 247 1483 de
270 1422 432 1493 Wodeka,
463 1422 714 1483 Cameracensis
743 1422 890 1498 episcopi

107 1519 275 1580 dloecesani
290 1519 356 1581 loci
375 1519 553 1581 accedente
567 1534 744 1586 consensu,
761 1520 890 1579 amica-

107 1616 209 1678 biliter
226 1617 417 1687 intervenit,
441 1618 528 1678 sicut
548 1617 612 1678 rite
632 1617 704 1676 sine
727 1617 895 1693 pravitate·

108 1714 233 1791 provide
246 1713 333 1776 sacta
344 1715 404 1786 est,
421 1715 454 1775 et
464 1713 505 1774 ab
517 1712 655 1790 utraque
666 1717 759 1790 parte
773 1716 890 1791 sponte

107 1814 240 1887 recepta,
259 1814 292 1873 31
311 1812 470 1874 33313333
490 1812 629 1889 pacifice
650 1811 837 1882 observata,
855 1812 890 1874 ut

107 1908 137 1969 iu
155 1910 270 1971 litteris
291 1908 368 1970 inde
392 1909 551 1971 contectis
572 1910 695 1970 dicitur
711 1909 888 1977 contineri,

107 2007 295 2067 auctoritate
310 2007 500 2083 apostolica
515 2006 749 2068 confirmamus
763 2010 796 2068 et
809 2021 892 2082 prae·

106 2104 201 2163 sentis
211 2104 325 2180 scripti
337 2104 523 2181 patrocinio
534 2104 785 2165 communimus.
797 2104 890 2165 Nulli

105 2212 177 2275 orgo
198 2202 331 2263 omnino
352 2201 524 2262 hominum
549 2202 658 2274 liceat,
684 2203 746 2262 313.
771 2203 890 2263 Datum

105 2299 261 2372 Laterani,
277 2301 355 2361 XIII
370 2298 531 2361 kalendas
544 2298 635 2369 maii,
650 2314 738 2362 anno
751 2314 850 2360 nono.

121 2714 170 2771 Ad
186 2711 373 2784 capitutum
387 2712 422 2771 S.
446 2710 601 2776 03131131
616 2710 869 2771 Noviomeasis.

372 2841 407 2899 29
422 2840 519 2913 aprilis
535 2840 614 2897 1115.

122 2954 234 3020 magen,
248 2956 295 3006 tlh.
312 2957 355 3015 lx,
369 2955 442 3020 epist.
453 2955 509 3006 303.
522 2956 580 3004 blss.
594 2954 630 3003 La
641 2955 715 3005 Porto
728 2952 762 3002 du
774 2953 867 3014 nteit]

105 3072 265 3130 Processum
281 3072 317 3129 ab
332 3071 533 3129 archidiacono
546 3072 575 3127 in
586 3071 662 3139 Bria,
680 3069 709 3125 13
723 3082 810 3126 33333
826 3083 890 3141 quae

135 3160 204 3218 inter
219 3152 300 3234 lpsos
317 3168 345 3217 et
356 3161 483 3233 ipsorum
498 3159 639 3216 decanum
654 3157 823 3230 superdicti
840 3157 889 3214 do-

135 3252 196 3306 3331
216 3250 415 3323 jurisdictione
437 3249 598 3306 vertebatur
618 3247 727 3305 irritum
752 3262 817 3303 3333
839 3245 889 3302 de·

135 3339 229 3397 clarat.

139 3458 315 3529 HonorIus,
354 3458 429 3529 313,
468 3456 598 3517 dilectis
629 3455 707 3515 tiliis
743 3452 891 3530 capitulo

103 3553 208 3615 Sancti
226 3555 376 3626 Quintini
395 3553 630 3616 Noviomensis
645 3553 810 3624 1113333313,
832 3568 891 3613 sa-

104 3648 209 3725 lutem,
226 3655 290 3714 etc.

139 3749 281 3811 Dilectus
306 3749 395 3808 tilius
421 3751 450 3810 J.
477 3747 622 3808 decanus
644 3746 754 3808 uester
775 3748 890 3808 contra

102 3859 156 3905 tos
169 3846 260 3908 litem
276 3845 379 3908 movit
392 3862 493 3922 super
511 3845 723 3930 restitutIoue
737 3844 892 3905 videlicet

103 3939 261 4005 fructuum
275 3943 527 4020 praebendarum
543 3942 661 4018 ipsius,
680 3943 713 4003 et
729 3941 893 4017 jurisdic-

102 4038 196 4101 tionis
211 4058 310 4118 quam
325 4057 361 4102 se
376 4039 506 4101 dicebat
527 4039 653 4101 habere
671 4039 706 4099 in
721 4038 844 4115 populo
859 4041 892 4098 et

103 4135 227 4199 clericIs
246 4138 342 4199 exim
366 4139 515 4209 chorum,
538 4151 666 4197 necnon
689 4138 722 4196 et
745 4150 890 4212 proven-

101 4233 200 4306 tuum,
216 4236 275 4312 qui
287 4251 330 4296 ex
344 4235 417 4312 ipsa
426 4234 660 4311 jnrisdiotione
676 4232 888 4309 proveniunt,

101 4330 216 4405 quibus
236 4348 272 4393 se
289 4331 493 4409 proponebat
512 4332 691 4407 spoliatum
705 4346 724 4391 a
737 4329 843 4401 vobis,
859 4331 892 4391 et

102 4441 199 4504 super
221 4430 422 4501 reverentia,
453 4430 486 4490 et
507 4428 694 4489 obedientia
720 4443 818 4504 quam
849 4426 890 4487 ab

102 4526 261 4600 omnibus,
283 4529 316 4587 31
331 4526 474 4602 singulis
492 4526 533 4586 de
552 4525 697 4601 capitulo
717 4524 781 4585 sibi
799 4525 890 4585 taru-

102 4634 195 4695 quam
210 4622 359 4699 praelato,
380 4624 414 4683 et
432 4620 558 4691 decano
578 4619 710 4697 petebat
731 4620 889 4697 impendi,

100 4730 250 4780 asserens
270 4720 302 4780 ei
316 4736 375 4780 vos
392 4719 529 4795 dejure
546 4717 665 4779 debere
687 4716 834 4789 subesse,
851 4733 891 4778 ac

101 4816 212 4888 petens
235 4816 321 4893 quod
346 4832 412 4876 non
434 4814 639 4892 impediretis
659 4813 768 4890 ipsum
784 4815 891 4890 juris-

100 4909 274 4975 dictionem
289 4929 383 4974 suam
402 4914 470 4973 tam
487 4913 519 4972 in
540 4912 640 4982 clero,
658 4926 755 4988 quam
775 4912 811 4971 in
830 4927 891 4988 po-

100 5009 175 5083 pulo
194 5025 356 5072 exercere
375 5011 475 5087 atquo
489 5009 652 5081 revocari,
675 5010 704 5069 si
719 5008 805 5070 torte
826 5010 891 5070 ali-

100 5107 174 5182 quid
186 5108 430 5183 jurisdictIonis
445 5107 672 5168 exercueratis
693 5107 728 5167 in
748 5107 839 5183 ipsos
858 5108 892 5169 et

100 5204 135 5265 ut
152 5204 279 5265 utillum
299 5205 632 5267 excommunicaretis
654 5205 708 5265 vel
732 5204 889 5265 absolve·

99 5302 188 5374 retis,
214 5319 289 5364 cum
313 5304 423 5365 claves
447 5318 513 5363 non
535 5301 660 5363 babere
684 5318 744 5363 ros
766 5302 892 5363 diceret

99 5401 280 5473 potestatis.
295 5401 388 5463 Unde
399 5416 533 5461 causam
545 5400 733 5477 hujusmodi
745 5400 889 5477 primo...

99 5497 203 5571 priori
217 5499 329 5561 Sancti
343 5499 498 5570 Victoris
516 5500 548 5559 et
562 5497 792 5574 conjudicibus
808 5498 889 5571 suis,

99 5592 267 5656 demum...
284 5596 519 5657 arcliidIacono
539 5593 574 5655 in
594 5595 682 5667 Bria,
700 5597 733 5658 ot
754 5596 891 5672 collegis

101 5688 204 5767 ipsius
229 5693 404 5756 33133113
429 5692 535 5755 forma
560 5692 715 5754 duximus
740 5695 892 5757 commit-

711 388 941 449 nPIS'IOLAE.
970 389 1047 449 LIB.
1071 391 1126 450 tx.

1597 388 1808 485 (¹8⁴2,

943 547 1088 609 tendam.
1104 548 1167 609 Sed
1183 564 1257 610 cum
1277 549 1406 625 priores
1422 548 1553 627 judices
1570 547 1763 634 restituis·n

944 648 1018 707 sent
1032 626 1358 708 decanum'eumdem
1373 662 1439 707 non
1453 649 1564 708 tamen
1577 646 1738 724 plenarie,

944 744 981 804 ut
996 743 1136 815 dicebat,
1152 745 1289 805 secundi
1300 744 1517 806 nibilominus
1526 726 1740 805 restituentes

945 841 1053 916 ipsum
1078 840 1113 900 in
1137 842 1270 915 negotio
1295 842 1514 918 procedendo,
1538 857 1674 902 causam
1698 842 1740 902 ad

944 939 1092 998 nostram
1112 939 1324 1014 praesentiam
1346 955 1421 998 cum
1443 939 1508 1010 bis,
1535 956 1607 1016 quae
1626 955 1740 999 coram

945 1035 994 1094 eis
1010 1036 1083 1095 3313
1099 1035 1239 1106 fuerant,
1254 1036 1467 1097 remIseruut.
1484 1038 1553 1098 Nos
1569 1037 1672 1111 igitur
1685 1052 1742 1096 an·

944 1130 1022 1191 ditis
1044 1133 1076 1192 et
1092 1132 1271 1194 13131133113
1292 1149 1365 1210 quae
1384 1149 1483 1209 super
1504 1132 1617 1194 eadem
1638 1150 1741 1194 causa

945 1227 1038 1288 suere
1051 1228 1220 1305 proposita
1233 1246 1345 1289 coram
1359 1230 1465 1300 nobis,
1482 1246 1653 1291 cassamus
1669 1247 1741 1307 pro-

944 1340 1077 1385 cessum
1112 1325 1261 1387 babitum
1290 1342 1403 1387 coram
1436 1328 1672 1388 archidiacono
1704 1328 1740 1389 in

945 1423 1034 1493 Bria,
1050 1423 1128 1499 quia
1150 1424 1185 1483 13
1212 1440 1251 1484 eo
1276 1425 1345 1484 litis
1372 1425 1569 1485 contestatio
1590 1441 1656 1484 uon
1681 1441 1742 1502 ap-

945 1511 1049 1595 paret,
1072 1521 1118 1581 ita
1139 1521 1250 1582 tamen
1273 1521 1360 1597 quod
1378 1522 1412 1581 in
1434 1537 1495 1582 suo
1517 1523 1605 1582 statu
1627 1537 1741 1582 rema-

945 1618 1023 1676 neat
1037 1618 1202 1679 restitutio
1216 1618 1305 1679 facta
1316 1617 1452 1703 decano.
1469 1620 1587 1680 Datum
1603 1618 1740 1692 Tibure,

945 1716 991 1774 III
1007 1713 1168 1775 kalendas
1184 1715 1276 1788 maii,
1291 1731 1380 1775 anno
1395 1732 1493 1777 nono.

1270 1955 1422 2043 CXLVI

993 2108 1045 2167 Ad
1059 2110 1231 2168 Gortreroa
1242 2110 1283 2168 de
1297 2111 1412 2183 Baton,
1429 2110 1694 2169 Ababtoocusem

1254 2207 1428 2267 3131133133.

1224 2335 1259 2393 29
1274 2334 1370 2407 aprilis
1383 2335 1462 2393 1225.

962 2457 1082 2521 [liegesl.,
1100 2457 1145 2507 lib.
1157 2457 1201 2516 IX,
1213 2456 1289 2522 epist.
1301 2456 1357 2506 abs.
1370 2457 1428 2506 llss.
1446 2458 1483 2507 La
1493 2459 1570 2507 Porte
1585 2458 1620 2508 du
1633 2457 1727 2521 ruat]

1081 2573 1262 2646 litspensatio
1274 2588 1325 2646 pro
1339 2573 1452 2632 delectu
1467 2573 1615 2631 natalium.

986 2700 1166 2769 HonorIus‚
1196 2702 1272 2771 313,
1307 2699 1428 2761 dilecto
1458 2698 1526 2760 lilio
1555 2700 1680 2761 Garino
1703 2690 1744 2762 de

947 2797 1059 2874 Beloy,
1076 2796 1309 2857 ambianensis
1325 2797 1478 2858 dioecesis
1496 2797 1628 2870 clerico,
1652 2798 1746 2858 salu-

945 2895 1023 2961 tem,
1041 2896 1103 2955 etc.

989 2994 1068 3051 Cum
1085 2992 1181 3067 pater
1194 2992 1281 3064 tuus,
1304 2992 1391 3052 31331
1409 2990 1545 3063 asseris,
1567 2991 1696 3054 solutus
1711 2992 1744 3053 13

946 3088 1102 3164 genueris
1117 3103 1160 3148 ex
1174 3088 1294 3161 soluta,
1308 3105 1369 3148 nos
1387 3106 1497 3165 quum,
1511 3089 1598 3150 sicut
1610 3089 1743 3156 dicitur,

947 3186 1134 3248 litterarum
1158 3185 1218 3247 tibi
1244 3186 1385 3248 scientia
1410 3186 1622 3262 samagam,
1649 3188 1744 3262 eujus

946 3283 1133 3360 disciplinis
1149 3283 1248 3359 longo
1263 3286 1412 3360 tempore
1429 3284 1623 3360 proponeris
1645 3282 1744 3344 insti-

945 3381 1037 3452 tisse,
1062 3395 1101 3440 ac
1125 3380 1274 3441 honestis
1300 3379 1448 3440 moribus
1473 3380 1653 3457 adjuveris,
1677 3380 1744 3442 tuis

947 3476 1244 3554 supplicatmmbus
1259 3476 1412 3537 inclinati
1430 3492 1529 3553 super
1543 3479 1677 3539 tuorum
1691 3477 1744 3538 de·

946 3577 1034 3639 iectu
1050 3576 1212 3638 natalium
1223 3571 1486 3639 mIsericorditer
1498 3576 1742 3654 dispensamus,

946 3675 1144 3736 auctoritate
1158 3674 1219 3736 tibi
1236 3675 1449 3751 praesentium
1463 3674 1693 3746 concedentes,
1708 3675 1745 3736 ut

946 3771 1006 3832 tali
1028 3788 1094 3833 non
1121 3769 1273 3832 obstante
1296 3771 1531 3847 impedImento
1553 3771 1744 3846 promoveri

946 3869 1053 3945 possis
1068 3868 1109 3929 ad
1123 3884 1237 3928 sacros
1251 3867 1397 3938 ordines,
1413 3872 1445 3927 31
1458 3867 1498 3927 ad
1515 3867 1744 3928 ecclesiastica

945 3964 1117 4036 benetlcia,
1142 3965 1175 4024 et
1196 3963 1375 4039 dignitates
1396 3963 1540 4036 assumi;
1564 3963 1613 4023 sic
1631 3964 1743 4024 tamen

947 4061 1032 4139 quod
1048 4061 1077 4121 si
1099 4061 1140 4122 ad
1160 4061 1321 4122 honorem
1339 4064 1369 4122 te
1383 4060 1497 4122 vocari
1512 4059 1596 4121 sorte
1610 4060 1744 4125 contin·

945 4160 1038 4235 geret
1061 4158 1271 4236 praesulatus,
1298 4158 1393 4218 illum
1417 4174 1628 4235 nequaquam
1654 4158 1744 4218 reci-

946 4256 1018 4333 pias
1034 4256 1158 4333 absque
1182 4255 1276 4317 Sedis
1293 4254 1492 4332 ApostoIIcae
1511 4254 1647 4316 11333113
1667 4271 1744 4332 spe-

946 4353 1036 4414 ciali.
1053 4352 1145 4414 Nulli
1167 4368 1258 4427 ergo,
1281 4354 1355 4424 313,
1379 4352 1466 4412 hanc
1488 4352 1643 4429 paginam
1664 4369 1744 4413 nos-

945 4454 1006 4512 trae
1026 4450 1285 4527 dispensationis
1308 4452 1341 4510 et
1362 4450 1600 4521 concessionis,
1624 4448 1686 4511 313.
1708 4450 1743 4510 Si

945 4548 1021 4624 quis
1053 4550 1175 4619 autem,
1203 4549 1265 4608 313.
1292 4548 1411 4609 Datum
1442 4546 1575 4620 TIbure,
1604 4547 1740 4608 111131.

945 4646 1036 4718 maii,
1054 4661 1142 4707 auno
1155 4660 1254 4706 nono.

1257 4876 1432 4964 CXLVII

982 5023 1034 5081 Ad
1048 5023 1199 5081 Azoicem
1214 5020 1467 5080 Aircoattooom
1482 5019 1516 5080 et
1528 5018 1709 5080 Estensem

1217 5119 1465 5178 marcbtonem,

1248 5249 1261 5304 l
1277 5246 1343 5303 maii
1359 5247 1437 5304 11111.

1054 5361 1195 5428 [limatiori.
1210 5362 1266 5412 Ital.
1280 5361 1361 5425 antiq.
1372 5360 1450 5411 maddi
1463 5360 1521 5420 3331,
1535 5362 1554 5419 1,
1565 5360 1632 5425 333]

985 5482 1057 5536 Eum
1074 5477 1109 5535 ad
1121 5493 1153 5536 se
1167 5483 1261 5545 vocat,
1272 5482 1308 5533 ut
1321 5475 1477 5533 biarchiam
1490 5477 1701 5534 anconitanam

1038 5576 1173 5640 tanquam
1189 5580 1273 5623 suum
1286 5563 1401 5621 seudum
1417 5565 1505 5623 libere
1522 5566 1649 5639 recipiat.

986 5692 1153 5756 Honorius
1161 5691 1348 5773 episcopus,
1359 5707 1475 5753 servus
1485 5709 1656 5757 servorum
1669 5693 1741 5766 liei,
