3972 6204
873 369 1050 432 HONORII
1071 369 1117 430 111
1136 368 1284 430 OPERA.
1831 358 1895 419 m

1101 526 1286 589 venerabili
1311 524 1443 588 fretu...
1471 521 1724 600 archiepiscopo
1752 520 1898 595 lingun-

1101 624 1182 695 tino,
1195 623 1335 685 salutem
1344 620 1604 698 etApostolicam
1614 616 1893 679 benedictionem.

1140 719 1248 781 Nimis
1262 735 1364 796 graue
1392 716 1602 795 dispendium
1627 714 1817 775 immineret
1836 728 1898 772 eo-

291 853 573 913 arcmdwconum
585 853 850 913 credonensem.
1100 817 1224 890 etesiis,
1254 817 1283 877 si
1310 816 1457 893 praelatis
1483 810 1719 875 decedentibus
1748 809 1898 887 perirent

657 974 674 985 ..
1100 929 1230 991 qnoque
1250 913 1499 990 prosecutiones
1524 925 1702 971 cansarum
1724 907 1895 983 incoepta-

533 973 567 1031 ¹⁸
582 980 676 1030 Μ’
691 972 770 1030 ’ἥδ’
1099 1026 1173 1071 rum
1188 1026 1248 1087 pro
1259 1010 1400 1072 tuitione
1408 1008 1538 1088 jnriset
1552 1006 1691 1068 honoris
1712 1003 1897 1065 ecclesias-

291 1087 467 1154 [erffl
481 1089 524 1145 υἷ’
536 1102 576 1151 ⁰¹³·
592 1086 646 1139 ²⁴³·
661 1087 719 1136 ²¹⁸³·
733 1088 770 1138 ¹⁴⁸
785 1085 902 1138 ¹³⁰¹t⁶d⁰
913 1085 1007 1151 ML]
1099 1106 1157 1168 tici
1171 1106 1213 1168 ab
1226 1107 1362 1168 eisdem.
1385 1105 1599 1168 attendentes
1622 1100 1791 1179 siquidem
1804 1099 1896 1160 illius

251 1205 455 1263 blandateisut
469 1202 613 1261 inhibeant
622 1218 658 1260 ne
671 1202 824 1275 capitulum
835 1203 951 1275 capellae
965 1202 1046 1259 ducis
1098 1203 1160 1264 zeli
1176 1202 1339 1265 fervorem
1353 1206 1387 1264 ot
1407 1202 1500 1263 illam
1524 1200 1645 1262 mentis
1658 1198 1894 1267 constantiam,

287 1283 480 1375 Divioneusis.
496 1290 661 1373 contempte
687 1282 982 1340 excommunicatione
1010 1281 1045 1338 ab
1098 1316 1197 1377 quam
1216 1300 1312 1362 bon„
1335 1299 1505 1361 memoria)
1525 1297 1687 1368 Andreas,
1715 1293 1895 1370 pragensis

286 1377 421 1454 ⁶⁹3⁰9⁰¹³9
450 1364 626 1434 ¹³¹⁰⁸⁰¹¹⁰¹¹⁸¹
652 1376 682 1418 ¹¹¹
706 1362 783 1434 ‘⁹⁸⁰⁸
809 1362 879 1430 Μ’
908 1366 1045 1433 Imm
1098 1397 1284 1474 episcopus,
1300 1396 1417 1458 babuit
1443 1397 1478 1457 et
1496 1393 1649 1455 exhibuit
1672 1393 1711 1453 in
1735 1405 1897 1469 prosecu-

287 1443 501 1514 prrvilegmrum
516 1455 643 1509 suornm,
659 1439 806 1498 celebrare
819 1446 1002 1511 praesumant.
1097 1493 1187 1555 tione
1199 1493 1433 1555 ecclesiastica
1450 1491 1626 1561 libertatis,
1642 1505 1705 1567 pro
1719 1504 1787 1565 qua
1801 1486 1897 1548 laho-

291 1567 459 1628 Honorius
470 1568 656 1644 episcopus,
665 1582 781 1627 servus
791 1581 963 1626 servorum
971 1564 1042 1638 Dei,
1097 1587 1188 1648 ribus
1203 1590 1237 1649 et
1257 1588 1400 1666 proplqae
1426 1601 1577 1663 persona,
1596 1583 1791 1661 abjectione
1810 1597 1894 1642 con·

252 1662 383 1724 dilectis
405 1662 521 1723 filiis..
538 1662 650 1724 abbati
665 1662 889 1733 Cisterciensi,
906 1661 1041 1723 Cabilo-
1095 1683 1228 1761 tempus
1244 1700 1348 1764 usque
1369 1683 1411 1745 ad
1427 1682 1580 1745 ultimum
1599 1682 1679 1743 Vjtae
1694 1680 1786 1740 diem
1798 1677 1898 1738 inde,

252 1759 367 1820 nensis
379 1758 544 1832 dioecesis,
559 1760 628 1821 et...
654 1759 759 1837 priori
775 1761 808 1819 S.
824 1758 985 1832 Marcelli,
1010 1760 1044 1822 et
1096 1780 1183 1843 fesso
1210 1782 1322 1843 animo
1354 1779 1545 1849 decertavit,
1574 1794 1614 1839 ³0
1639 1778 1834 1852 satagentes
1859 1774 1899 1835 ut

250 1857 296 1928 8.,
314 1856 549 1917 archidiacono
565 1856 787 1927 cabilonensi,
809 1856 961 1928 salutem,
978 1857 1040 1918 etc.
1095 1877 1172 1939 papis
1212 1877 1468 1940 substitueretur
1503 1874 1622 1944 ejdem,
1662 1874 1721 1950 qui
1759 1887 1899 1937 causam

290 1952 499 2028 Significavit
511 1952 606 2013 noble
628 1952 830 2014 venerabilis
842 1951 946 2014 irater
963 1969 1043 2015 nos·
1096 1966 1899 2051 quamprosequjsqoconsqantermooepomtpari

250 2050 338 2110 term
363 2051 538 2126 QPISCOPUS
560 2049 782 2125 Li¹¹80¹¹0¹¹⁸i⁸
809 2049 895 2127 IUOd
910 2046 1041 2126 (1ΠᾶΜο
1094 2070 1209 2147 vigore
1250 2070 1355 2132 animi
1392 2069 1578 2144 susciperet
1614 2064 1897 2144 prosequendam,

256 374 317 436 ale

570 540 732 628 CXVIII

253 676 306 739 Ad
332 675 487 737 abbatem
513 674 787 745 cisterciensem,
818 673 1048 735 cainonensis

292 765 458 835 dioecesis,
476 763 510 823 et
529 765 685 836 priorem
704 765 739 824 S.
759 763 923 833 Marcelli,
949 762 984 823 et
997 763 1044 833 8.,

249 2144 364 2207 villam
386 2145 619 2209 Divionensem
635 2147 800 2209 existente
811 2146 942 2223 jnstitia
957 2146 1040 2207 sub-

246 2241 322 2319 jicit
341 2242 556 2305 interdicto...
573 2243 729 2315 decanus,
746 2246 779 2305 et
791 2243 971 2320 capitulum
984 2258 1043 2305 ca·

249 2337 345 2415 pellae
371 2338 465 2400 ducis
493 2340 640 2416 ejusdem
676 2340 742 2401 loci
770 2356 839 2402 suae
874 2340 1039 2413 dioecesis,

250 2433 399 2495 dicentes
425 2450 461 2497 se
484 2435 526 2496 ed
550 2438 732 2498 Romanam
759 2437 940 2498 Ecclesiam
964 2453 1042 2513 spe-

249 2531 381 2592 cialiter
406 2532 585 2607 pertinere,
602 2547 668 2594 non
695 2532 801 2595 solum
829 2532 1039 2595 interdictum

248 2629 322 2705 ejus
350 2627 528 2690 observare
556 2631 779 2701 contemnunt,
802 2630 1040 2692 verumetiam

249 2724 430 2785 solemnius
444 2725 554 2796 solito,
567 2726 706 2803 pulsatis
719 2727 901 2803 campanis,
916 2727 1039 2804 apertis

244 2821 369 2898 januis,
402 2824 437 2883 et
463 2824 759 2885 excommunicatis
786 2838 826 2885 ac
853 2824 1039 2886 interdictis

247 2917 414 2987 admissis,
429 2918 543 2981 divina
557 2920 727 2981 celebrare
737 2921 951 2997 praesumunt,
963 2935 1039 2981 cum

247 3015 348 3077 etlam
363 3016 392 3077 si
404 3031 462 3077 eos
475 3032 550 3077 esse
562 3019 730 3079 constaret
742 3018 923 3094 exemptos,
938 3017 1039 3077 nullis

246 3113 358 3173 tamen
377 3113 541 3190 exemptis
554 3114 690 3175 concedi
707 3114 814 3176 soleat
827 3113 1039 3192 privilegium

247 3207 438 3271 celebrandi
490 3210 603 3272 taliter
655 3212 805 3288 tempore
858 3210 1037 3272 interdicti.

248 3304 390 3382 Ideoque
405 3306 611 3379 mandamus,
624 3309 787 3383 quatenus
800 3307 959 3371 facientes
974 3321 1037 3367 vo-

246 3400 298 3462 bis
315 3401 464 3478 ipsorum
479 3403 654 3480 privilegia
669 3404 832 3475 exhiberi,
860 3403 1038 3465 inhibeatis

246 3497 370 3558 eisdem
394 3513 436 3559 ne
460 3514 561 3576 super
588 3500 653 3561 boc
676 3500 718 3560 de
739 3501 860 3562 caetero
875 3502 1039 3562 attentare

246 3597 460 3670 praesumant,
477 3596 565 3656 ultra
582 3610 680 3672 quam
696 3597 746 3657 eis
758 3611 818 3672 per
837 3597 911 3673 ipsa
929 3596 1037 3673 privi-

244 3689 333 3767 legia
346 3692 397 3753 est
408 3707 614 3764 concessum,
631 3707 700 3764 eos,
715 3693 743 3753 si
757 3695 873 3755 contra
884 3692 1037 3769 prohibi-

244 3788 369 3850 tionem
390 3789 581 3867 bujusmodi
603 3790 768 3851 attentare
788 3791 1036 3866 presumerent,

244 3884 286 3945 ad
309 3887 457 3948 nostram
474 3886 590 3949 venire
604 3889 816 3964 praesentiam
838 3903 913 3948 cum
928 3888 1036 3964 privi-

245 3981 342 4057 legiis
370 3983 452 4060 ipsis
477 4000 535 4060 per
563 3967 1034 4056 censuramecclesiasticam,

244 4077 466 4154 appellatione
498 4080 696 4156 postposite,
734 4080 967 4156 compescatis,
1002 4080 1037 4141 ut

244 4174 428 4251 privilegiis
438 4176 562 4237 eisdem
573 4176 732 4252 inspectis
744 4178 1037 4253 statuamussuper

243 4270 405 4347 hocquod
433 4273 533 4334 luent
554 4273 774 4334 statuendum.
799 4273 943 4346 Quodsi
968 4288 1036 4334 non

243 4380 359 4428 omnes
374 4367 427 4427 his
438 4369 659 4444 exsequendis
675 4368 837 4430 interesse
846 4368 1033 4445 potueritis,

243 4461 309 4523 duo
327 4465 473 4525 restrum
497 4480 536 4525 ea
556 4464 773 4525 nihilominus
799 4465 1032 4540 exsequantur.

243 4561 362 4621 Datum
378 4562 545 4630 Laterani,
556 4563 615 4623 XV
630 4560 791 4622 lsalendas
805 4560 934 4636 aprilis,
947 4575 1034 4621 anno

243 4672 343 4720 nono.

578 4763 699 4850 CXIX
767 4852 770 4857 .

269 4898 321 4956 Aci
334 4898 527 4971 Sigsrr’duro
542 4898 742 4969 arebtepise.
759 4893 1013 4969 Magantiumn.

522 5009 557 5067 20
569 5006 663 5064 martii
679 5006 756 5063 itti.

289 5113 408 5177 [berieu
425 5112 603 5177 Coddiplom.
618 5110 747 5171 blorauirc,
769 5109 799 5167 11,
816 5110 870 5168 160,
882 5123 908 5159 n.
923 5108 988 5174 iba]

241 5222 315 5277 Eum
333 5221 461 5293 graviter
474 5216 657 5290 reprehendit
669 5213 744 5288 quod
757 5215 944 5287 Peregrinum
958 5215 1033 5271 elec·

277 5308 337 5357 tum
359 5300 534 5370 pragensem
551 5304 648 5353 contra
663 5293 828 5350 mandatum
839 5294 1035 5366 apostolicum

277 5376 498 5433 consecraverit.
513 5374 628 5431 Mandat
642 5380 673 5429 ut
687 5371 792 5428 dictum
804 5373 991 5444 Peregrinum
1007 5373 1035 5426 in

277 5454 349 5510 lesio
360 5455 387 5510 S.
396 5453 543 5510 llichaelis
557 5452 685 5524 proximo
697 5450 782 5507 iaciat
794 5451 979 5523 personaliter
988 5464 1035 5507 ve·

277 5532 340 5586 nire
354 5530 390 5588 ad
405 5530 507 5589 sedem
524 5530 728 5602 Apostolicam.

282 5647 448 5706 Honorius
456 5647 644 5724 episcopus,
657 5661 772 5707 seruus
782 5659 953 5706 servorum
962 5644 1033 5717 Dei,

1095 2166 1290 2227 mandamus
1305 2165 1466 2241 Pragensi
1484 2163 1642 2240 capitulo,
1659 2165 1697 2224 ut
1723 2178 1800 2223 cum
1814 2175 1899 2221 con·

1094 2263 1170 2324 silio
1205 2262 1400 2325 dilectorum
1434 2260 1616 2322 liliorum...
1653 2258 1695 2320 de
1723 2260 1898 2335 Nepomuc

1095 2359 1325 2423 cisterciensis
1339 2358 1465 2420 ordinis
1481 2360 1514 2420 et
1540 2357 1618 2418 de...
1644 2358 1769 2417 Ostrov
1791 2352 1899 2415 abba-

1094 2458 1253 2518 tumet...
1273 2455 1444 2533 praepositi
1459 2453 1701 2524 Olomucensis,
1729 2466 1812 2529 quos
1847 2449 1899 2511 eis

1093 2553 1343 2630 provideremus
1356 2550 1565 2614 consiliarios
1576 2551 1612 2611 in
1623 2550 1688 2611 hac
1702 2550 1807 2625 parte,
1821 2561 1900 2624 per-

1094 2665 1207 2710 sonam
1242 2650 1397 2720 scientia,
1422 2649 1491 2709 vita
1520 2647 1667 2709 etfama
1694 2644 1898 2722 praeclaram

1093 2748 1250 2824 tantoque
1263 2747 1500 2821 congruentem
1515 2745 1610 2806 oneri
1626 2746 1660 2804 et
1674 2742 1808 2813 honori,
1827 2742 1896 2802 sibi

1093 2841 1659 2919 eligerintcanoniceinepiscopum
1671 2842 1705 2900 et
1714 2840 1895 2916 pastorem,

1092 2954 1132 3001 ac
1151 2955 1193 3000 ne
1208 2938 1287 3016 quid
1300 2938 1431 2999 deesset
1451 2937 1644 2999 necessarie
1673 2934 1897 3012 providentie

1092 3037 1186 3097 illum
1205 3053 1304 3113 quem
1327 3036 1363 3096 in
1385 3036 1579 3112 episcopum
1603 3049 1703 3093 suum
1719 3032 1895 3108 eligerent,

1092 3149 1166 3194 cum
1182 3133 1318 3209 aliquod
1327 3148 1370 3192 ex
1384 3130 1586 3193 electoribus
1602 3132 1676 3207 eJus
1688 3130 1732 3191 ad
1745 3130 1897 3190 nostram

1092 3229 1351 3290 examinandum
1360 3230 1393 3291 et
1407 3226 1673 3289 confirmandum
1681 3225 1898 3303 praesentiam
1975 3236 1976 3243 ¹

1092 3325 1309 3386 destinarent.
1326 3325 1399 3386 Tibi
1415 3340 1547 3401 quoque
1570 3323 1726 3385 dedimus
1742 3323 1781 3383 in
1795 3338 1896 3383 man-

1092 3422 1189 3494 datis,
1218 3427 1256 3483 ut
1282 3422 1316 3483 id
1345 3421 1579 3498 aequanimiter
1606 3420 1785 3490 tolerares,
1819 3435 1896 3481 cum

1092 3520 1215 3580 nostrae
1230 3518 1426 3580 intentionis
1450 3533 1518 3578 non
1528 3517 1620 3577 esset
1640 3515 1805 3591 derogare
1823 3515 1895 3592 juri
1973 3540 1974 3569 ;

1091 3615 1148 3677 tuo
1176 3615 1212 3675 in
1237 3615 1351 3692 aliquo
1382 3614 1436 3677 rel
1467 3613 1602 3684 bonori,
1629 3613 1691 3675 sed
1718 3612 1897 3690 providere

1091 3711 1177 3772 elcut
1197 3713 1304 3774 status
1317 3711 1476 3787 temporis
1496 3709 1667 3787 exigebat,
1695 3711 1732 3772 ut
1757 3709 1896 3785 dignum
1972 3704 1973 3733 ²

1090 3808 1229 3871 haberet
1248 3808 1336 3869 idem
1358 3808 1536 3885 episcopus
1559 3822 1802 3869 successorem.
1827 3806 1896 3883 Ipsi
1971 3882 1972 3895 ἵ

1090 3919 1180 3977 vero,
1197 3906 1375 3982 antequam
1389 3904 1430 3965 ad
1446 3920 1505 3965 eos
1529 3903 1728 3967 mandatum
1747 3905 1896 3980 Aposto-

1089 4000 1189 4063 licum
1205 4003 1423 4077 pervenisset,
1434 4003 1485 4063 ,Ρ.
1501 4000 1705 4062 canonicum
1719 4001 1829 4077 ipsius
1840 4016 1898 4062 ec-
1970 4032 1971 4059 l

1090 4098 1201 4159 clesiae
1213 4099 1248 4159 in
1259 4099 1450 4175 episcopum
1464 4114 1573 4169 suum,
1582 4098 1674 4160 sicut
1687 4097 1894 4175 accepimus,

1089 4196 1272 4271 elegerunt,
1288 4199 1388 4272 tuque
1402 4196 1554 4272 ipsorum
1576 4195 1794 4265 electionem,
1808 4211 1894 4256 non·
1969 4214 1970 4221 ¹

1089 4292 1168 4353 dum
1192 4294 1326 4370 recepto
1352 4292 1512 4353 mandato
1539 4292 1749 4368 apostolico,
1774 4291 1896 4353 condr-

1088 4389 1197 4453 masti.
1212 4392 1249 4450 In
1277 4405 1341 4465 quo
1369 4388 1504 4465 qrsidem
1524 4405 1594 4449 non
1609 4404 1646 4450 es
1677 4388 1895 4466 aliquomodo

1089 4486 1273 4563 culpabilis,
1290 4485 1466 4546 dummodo
1494 4486 1656 4547 universa
1681 4485 1894 4563 quaedebent
1967 4538 1968 4543 ,

1089 4582 1123 4643 in
1138 4584 1234 4645 electi
1247 4598 1390 4658 persona
1411 4583 1445 4643 ct
1465 4582 1541 4658 ipsa
1556 4581 1727 4644 electione
1751 4597 1895 4644 concur-

1088 4682 1179 4753 rant,
1196 4678 1281 4757 quod
1304 4694 1371 4741 non
1386 4678 1592 4740 consuevisti
1615 4679 1701 4740 satis
1717 4679 1894 4755 diligenter

1089 4775 1269 4844 attendere,
1300 4774 1387 4835 sicut
1416 4773 1713 4836 Padarburnensis
1742 4775 1894 4837 ecclesie
1965 4780 1966 4805 ¹

1088 4871 1256 4946 negotium
1272 4870 1472 4932 manifestat.
1494 4872 1532 4930 ln
1546 4886 1588 4932 eo
1603 4872 1721 4933 autem
1739 4888 1778 4933 es
1795 4872 1894 4948 plane

1088 4983 1127 5028 ac
1140 4968 1237 5043 plene
1249 4966 1426 5044 culpabilis
1436 4967 1469 5028 et
1480 4967 1731 5029 inexcusabilis
1743 4983 1893 5045 prorsus,

1088 5064 1175 5141 quod
1190 5066 1363 5140 postquam
1383 5064 1583 5140 praedictum
1607 5065 1773 5141 recepisti
1798 5081 1895 5126 man-

1088 5161 1212 5232 datum,
1240 5161 1281 5220 ad
1309 5161 1598 5221 consecrationem
1623 5163 1699 5238 ejus
1715 5162 1895 5237 procedere

1089 5255 1340 5333 praesumpsisti,
1353 5271 1428 5317 cum
1443 5257 1533 5317 scire
1547 5256 1692 5318 deberes
1705 5262 1816 5336 majus
1836 5258 1894 5319 tibi

1088 5368 1285 5415 concessum
1300 5368 1367 5413 non
1377 5367 1462 5422 esse,
1473 5352 1531 5412 ubi
1544 5354 1659 5414 minus
1671 5354 1772 5416 nobis
1786 5369 1896 5415 reser-

1088 5451 1200 5511 vatum
1214 5449 1323 5511 suerat
1337 5450 1370 5511 et
1394 5448 1457 5510 tibi
1485 5464 1546 5525 per
1558 5465 1775 5528 consequens
1790 5452 1896 5512 inter·

1090 5546 1225 5607 dictum.
1241 5549 1377 5607 Poenam
1390 5547 1503 5606 autem
1521 5561 1687 5607 excessus
1703 5547 1894 5626 hujusmodi

1090 5659 1150 5703 suo
1164 5642 1236 5704 loco
1257 5645 1290 5704 et
1303 5642 1445 5719 tempori
1460 5644 1691 5717 reservantes,
1716 5660 1778 5722 per
1789 5648 1895 5721 Apos-
