3886 6214
228 283 289 345 327

226 444 307 518 tem,
323 444 385 508 eto.
402 444 521 507 Datum
537 443 706 519 Laterani,
726 446 773 507 111
792 445 868 509 idus
889 446 1019 526 aprilis,

228 542 440 623 pontificatus
453 542 557 606 ndshi
570 557 660 605 anno
675 543 825 620 septimo.

581 808 666 897 dlx

325 989 378 1049 Ad
391 987 561 1050 illustrem
575 1001 694 1063 regem
711 989 917 1065 uoouoroe.

508 1118 539 1176 ll
555 1119 652 1191 aprilis
663 1118 743 1178 litt.

361 1241 452 1307 [Fejen
463 1242 524 1294 Cod.
538 1241 645 1307 diplom.
658 1242 701 1301 lll,
713 1257 731 1300 r,
742 1256 805 1308 page
815 1243 884 1309 tlt]

225 1361 280 1419 Pro
296 1357 418 1427 damnis,
441 1372 492 1431 per
510 1358 630 1415 comites
644 1357 801 1427 Nicolaum,
818 1364 848 1416 et
861 1357 964 1429 Other,
984 1374 1019 1417 cc

260 1446 399 1521 quosdam
413 1445 581 1512 ismaelites,
594 1445 749 1503 mandante
767 1446 881 1505 hadrec
896 1449 934 1517 ll,
948 1462 1018 1522 rege

260 1536 425 1609 hungaris,
433 1534 529 1603 illatis,
544 1533 768 1592 satisfactionem
779 1536 930 1609 Gregorio,
945 1551 1017 1610 pre·

258 1626 351 1698 posito
362 1623 522 1692 orodiensi,
533 1622 660 1695 impendi
674 1629 769 1697 ugos.

263 1760 431 1821 Honorius
442 1758 936 1835 episcopus,servusservorum
943 1761 1014 1833 Dei,

222 1844 346 1921 illustri
367 1857 439 1933 regi
464 1855 658 1932 Huugariae,
675 1856 816 1918 salutem
831 1856 864 1919 ct
875 1859 1018 1934 Aposto-

222 1956 322 2018 licam
333 1953 608 2027 benedictionem.

263 2056 369 2126 Quum
381 2050 461 2114 olim
473 2052 563 2113 tuam
580 2049 773 2127 fecissemus
785 2052 1014 2115 excellentiam

210 2150 438 2221 commoneri,
466 2150 502 2209 ut
526 2147 655 2209 dilectis
679 2138 760 2208 tiliis
784 2151 962 2227 praeposito
983 2152 1016 2214 et

221 2248 366 2326 capitulo
395 2245 587 2308 orodiensis
616 2246 766 2308 ecclesiae
803 2247 1015 2325 satisfaceres

221 2347 262 2413 de
274 2345 414 2416 damnis,
430 2359 503 2420 quae
519 2344 560 2404 N.
579 2345 612 2405 et
633 2346 670 2404 0.
686 2344 824 2419 comites
839 2361 900 2421 per
911 2361 959 2419 se,
975 2362 1015 2408 ac

220 2460 280 2522 per
294 2442 454 2520 quosdam
469 2455 628 2518 paganos,
644 2441 677 2501 te
691 2440 870 2504 mandante
886 2442 1014 2520 irroga·

219 2544 300 2606 runt
311 2539 448 2606 eisdem,
464 2539 532 2599 tam
555 2537 590 2597 in
611 2537 709 2599 bonis
729 2538 834 2615 ipsius
849 2540 1011 2619 ecclesiae,

219 2655 318 2719 quam
342 2638 442 2700 etiam
469 2636 504 2697 in
531 2636 731 2713 patrimonio
755 2637 925 2714 praepositi
950 2655 1013 2699 su-

98 2779 102 2787 .
220 2735 378 2816 pradicti;
400 2718 437 2796 te
458 2733 525 2794 illis
553 2732 747 2795 satisfacere
771 2750 837 2795 non
861 2736 1010 2809 curante,

218 2828 402 2899 venerabili
422 2830 519 2893 fratri
534 2832 647 2892 nostro
663 2830 885 2907 strigoniensi
900 2832 1013 2894 archi-

179 2950 183 2959 ·
218 2935 373 3011 episcopo
389 2930 421 2993 et
436 2927 574 3004 collegis
594 2931 667 3005 ejus
686 2928 838 2990 dedimus
862 2930 897 2990 in
917 2945 1013 2992 man-

218 3030 316 3102 datis,
333 3029 369 3090 ut
388 3042 488 3103 super
510 3025 562 3086 his
586 3024 692 3086 eidem
714 3025 894 3103 praeposito
910 3028 943 3088 et
956 3041 1013 3088 eo-

218 3128 331 3191 clesiae
355 3124 503 3186 iacerent
522 3122 687 3199 iustitiam
716 3122 880 3184 exhiberi.
905 3126 1011 3196 Quum

218 3228 329 3289 autem
352 3221 451 3283 iidem
472 3235 607 3281 causam
630 3218 735 3297 ipsam
755 3236 862 3297 nuper
884 3221 925 3282 ad
950 3237 1011 3283 nos

216 3318 427 3385 remisissent
448 3317 655 3389 instructam,
683 3315 886 3378 uenerabilis
909 3316 1012 3380 irater

203 3419 333 3482 ‘noster
346 3412 618 3491 wesprimiensis
637 3412 812 3490 episcopus
834 3414 868 3475 et
889 3416 926 3475 D.
950 3430 1010 3476 ca·

218 3514 395 3582 merarius,
408 3512 440 3573 et
449 3510 609 3585 magister
621 3512 658 3570 G.
673 3509 786 3571 nuncii
801 3510 849 3571 tui
863 3525 906 3572 ex
916 3513 1011 3589 parte

218 3615 276 3677 tua
292 3628 366 3675 oum
381 3606 541 3671 instantia
554 3606 730 3683 petierunt,
747 3606 784 3668 ut
797 3607 905 3685 ipsum
919 3626 1009 3686 prae-

216 3709 372 3790 positum,
387 3704 444 3782 qui
458 3704 594 3781 propter
605 3702 669 3763 hoc
681 3701 722 3763 ad
739 3702 857 3763 sedem
868 3705 1011 3780 Aposto-

216 3810 315 3871 licam
342 3798 564 3872 laboraverat,
580 3800 613 3862 et
635 3815 763 3861 moram
786 3798 834 3861 ibi
861 3801 1010 3865 traxerat

215 3905 412 3983 longiorem,
430 3899 470 3961 ad
490 3898 556 3960 tuae
577 3898 768 3959 serenitatis
789 3898 930 3975 gratiam
954 3915 1011 3962 re-

215 4005 347 4066 mittere
361 4000 586 4074 dignaremnr,
610 3994 870 4056 satisfactionem
889 3996 1009 4079 plena-

215 4101 301 4165 riam
323 4096 551 4172 recepturum,
576 4092 728 4168 idemque
752 4093 950 4170 praepositus
973 4094 1009 4155 in

214 4198 278 4261 hoc
300 4196 408 4272 ipsum
430 4207 489 4268 pro
507 4191 564 4253 tua
583 4188 771 4251 reverentia
786 4192 819 4251 et
833 4189 1008 4253 devotione

214 4291 395 4357 consensit.
409 4292 520 4366 Ipsum
532 4287 634 4364 igitur
644 4287 685 4347 ad
696 4287 786 4348 tuam
799 4287 1008 4350 clementiam

214 4389 415 4455 fiducialiter
439 4386 655 4455 remittentes,
679 4385 892 4446 serenitatem
918 4391 1007 4447 tuam

213 4504 371 4567 rogamus
394 4484 566 4555 attentius,
590 4484 622 4544 et
646 4481 829 4554 hortamur,
844 4484 1006 4559 quatenus

214 4586 394 4651 secundum
410 4581 496 4660 quod
512 4595 624 4642 coram
648 4578 744 4640 nobis
765 4595 808 4640 cx
832 4581 925 4656 parte
948 4582 1006 4641 tua
1063 4596 1067 4601 ·

213 4685 309 4749 nobis
323 4679 547 4762 promiserunt
562 4677 736 4755 episcopus
758 4678 790 4739 et
810 4676 868 4738 alii
884 4692 1006 4754 supra·

212 4782 304 4855 dicti,
323 4780 431 4843 eidem
446 4776 635 4854 praeposito,
654 4776 687 4836 et
702 4774 851 4835 ecclesiae
871 4790 931 4851 pro
946 4790 1005 4836 re·

211 4878 362 4944 verentia
386 4873 561 4944 divisast
579 4872 693 4934 nostra
715 4870 761 4932 ita
780 4872 930 4949 plenarie
950 4887 1006 4933 sa.

210 4978 373 5048 tisiaoias,
397 4970 483 5051 quod
508 4986 568 5049 per
595 4968 658 5030 hoc
686 4970 754 5031 Deo
780 4969 924 5045 placeas,
948 4970 1004 5047 qui

211 5076 282 5139 odit
295 5072 464 5153 injuriam,
475 5070 508 5130 at
518 5067 626 5144 diligit
637 5067 842 5144 aequitatem
855 5066 889 5128 et
898 5067 1004 5129 eidem

212 5170 409 5252 praepositus
424 5167 457 5228 et
470 5164 651 5242 capitulum
666 5161 708 5224 ad
729 5178 791 5224 nos
806 5179 873 5224 non
888 5179 1004 5225 recur-

209 5272 286 5333 rant
302 5261 484 5345 deposituri
497 5261 677 5340 querelam,
692 5259 751 5322 sed
770 5260 896 5337 gratias
910 5260 1004 5322 rela.

209 5368 289 5431 turi.
303 5367 423 5427 Datum
438 5357 605 5430 Laterani,
623 5360 669 5419 111
683 5355 759 5418 idus
774 5357 903 5434 aprilis,
920 5374 1005 5436 pon·

209 5459 473 5526 titicatus'nostri
488 5473 576 5519 anno
592 5455 742 5533 septimo.

840 286 1017 349 HONORII
1039 290 1085 351 111
1106 293 1257 355 OPERA.

1439 464 1503 552 tx

1076 612 1129 672 Ad
1138 612 1277 675 abbates
1288 615 1330 675 de
1343 616 1547 690 Hidesiece,
1557 618 1593 679 at
1605 620 1647 680 dc
1660 622 1853 685 Sedebebcie

1241 711 1275 772 ct
1284 714 1513 787 prepositum
1528 719 1689 778 Arnessc.

1340 852 1374 911 ts
1393 852 1491 925 aprilis
1511 855 1590 912 lm.

1147 970 1321 1036 masmim,
1335 973 1577 1037 estromenta,
1591 979 1611 1038 l,
1623 979 1680 1039 ais,
1691 995 1717 1030 n.
1729 979 1793 1047 lit]

1074 1096 1111 1153 Ut
1124 1096 1291 1171 episcopum
1307 1106 1337 1156 et
1355 1100 1509 1173 capitulum
1530 1103 1717 1162 ceninenses
1738 1105 1773 1163 ad
1792 1107 1848 1166 obe·

1108 1181 1245 1242 dieutiam
1262 1185 1453 1246 exhibendam
1472 1189 1715 1266 llagdcburgensi
1730 1196 1852 1270 episeopo

1108 1279 1224 1344 cogant.

1112 1397 1280 1459 Honorius
1289 1399 1850 1479 episcopussermsservorumiioi,
1925 1370 1932 1461 Ῑ

1072 1492 1202 1555 atreus
1215 1495 1294 1557 olus
1307 1497 1853 1568 aemiueslevoetceseueueoen
1925 1466 1931 1579 ξ

1071 1589 1246 1653 abbatibus
1271 1596 1304 1656 et
1329 1598 1507 1673 praeposito
1530 1599 1573 1660 de
1596 1604 1754 1674 Arnesse,
1780 1603 1852 1664 Hal-

1070 1685 1295 1752 berstadensis
1309 1694 1343 1754 et
1358 1694 1539 1756 verdensis
1558 1696 1751 1772 dioecesum,
1774 1701 1854 1762 saln-

1071 1788 1137 1848 tem
1153 1788 1186 1850 et
1198 1789 1421 1864 Apostolicam
1435 1792 1711 1857 benedictionem.

1110 1885 1855 1971 venerabilisfraternoster,blagdeburgeusis

1071 1981 1354 2061 archiepiscopus,
1374 1986 1471 2051 nobis
1493 1992 1727 2067 conquerendo
1754 2008 1855 2053 mous·

1070 2080 1182 2152 travit,
1196 2081 1283 2157 quod
1301 2085 1505 2147 uenerabilis
1526 2086 1629 2150 irater
1649 2090 1765 2151 noster
1776 2091 1856 2168 epis-

1071 2192 1175 2254 copus
1191 2181 1223 2239 et
1237 2180 1418 2256 capitulum
1430 2184 1625 2246 caminense
1640 2186 1786 2249 debitam
1799 2187 1855 2249 sibi

1070 2273 1292 2339 obedientiam
1307 2280 1341 2340 et
1353 2282 1577 2344 reverentiam
1591 2283 1751 2346 exhibere
1766 2302 1855 2348 reco-

1069 2373 1155 2434 sant.
1175 2373 1317 2452 Ideoque
1337 2377 1663 2442 discretionivestrae
1677 2398 1739 2460 per
1752 2386 1853 2461 Apos-
1931 2442 1932 2451 ,

1068 2469 1168 2531 tolica
1197 2472 1321 2549 scripta
1344 2474 1551 2549 mandamus,
1568 2478 1739 2555 'quatenus
1758 2480 1853 2542 dictos

1068 2567 1260 2645 episcopum
1275 2571 1308 2633 et
1322 2572 1516 2649 capitulum,
1533 2577 1569 2635 ut
1586 2574 1731 2639 debitam
1744 2577 1775 2639 ei
1789 2578 1854 2643 obe·

1068 2664 1227 2727 dientiam
1249 2668 1281 2729 et
1299 2670 1523 2733 reverentiam
1542 2672 1734 2746 exhibeant,
1755 2678 1791 2738 ut
1807 2677 1853 2737 te·

1067 2762 1199 2835 nentur,
1231 2764 1413 2827 monitione
1447 2769 1632 2844 premissa,
1664 2772 1852 2834 auctoritate

1067 2861 1198 2932 nostra,
1235 2859 1365 2924 sublato
1403 2864 1638 2941 appellationis
1672 2867 1851 2942 obstaculo,

1062 2956 1193 3032 Justitia
1208 2958 1376 3022 mediante
1390 2962 1527 3038 cogatis.
1541 2964 1656 3026 Testes
1671 2966 1853 3043 artemqui

1066 3053 1190 3117 luerint
1211 3056 1385 3130 nominati,
1400 3060 1429 3121 si
1447 3074 1484 3119 se
1506 3061 1626 3136 gratia,
1641 3062 1730 3134 odio,
1745 3063 1852 3127 reiti-

1066 3167 1158 3213 more
1173 3151 1410 3224 subtraxerint,
1425 3172 1673 3232 percensuram
1685 3160 1853 3223 ecclesias·

1065 3250 1177 3322 ticam,
1200 3252 1423 3327 appellatione
1445 3258 1607 3328 cessante,
1625 3259 1752 3334 cogatis
1774 3259 1854 3320 veri·

1065 3347 1126 3425 tati
1154 3346 1379 3411 testimonium
1412 3350 1599 3427 perhibere.
1619 3354 1711 3425 Quod
1736 3355 1764 3415 si
1790 3370 1854 3417 uon

1066 3459 1180 3506 omnes
1192 3444 1245 3506 his
1256 3447 1478 3525 exsequendis
1493 3449 1667 3525 potueritis
1682 3452 1852 3518 interesse.

1065 3541 1130 3604 duo
1151 3544 1298 3605 vestrum
1324 3560 1364 3606 ea
1385 3544 1605 3608 nibilominus
1620 3550 1852 3626 exsequantur.

1065 3641 1184 3702 Datum
1203 3641 1370 3714 Laterani,
1387 3645 1417 3704 ΙΙ
1436 3642 1511 3704 idus
1533 3644 1663 3722 aprilis,
1682 3646 1854 3724 pontifica-

1064 3736 1117 3799 tus
1130 3736 1236 3801 ncstri
1248 3754 1336 3802 anno
1352 3740 1503 3820 septimo.

1419 4087 1503 4175 CXI

1063 4266 1115 4324 Ad
1134 4265 1165 4324 J.
1184 4266 1306 4326 luten.
1327 4265 1361 4325 et
1380 4267 1411 4325 J.
1442 4267 1629 4327 virdunen.
1650 4271 1855 4332 assumtam

1101 4375 1175 4431 nos,
1199 4362 1234 4422 et
1259 4364 1300 4422 R.
1325 4364 1367 4423 de
1390 4364 1517 4435 Porta,
1538 4366 1749 4427 canonicum
1781 4370 1856 4429 Vtr-

1103 4461 1228 4520 dunen.

1335 4537 1368 4595 lt
1388 4536 1485 4609 aprilis
1504 4538 1584 4596 titt.

1078 4678 1197 4741 [liegest.,
1208 4676 1253 4728 lib.
1267 4676 1322 4735 vll,
1335 4677 1409 4742 epist.
1422 4676 1476 4727 itt.
1490 4678 1548 4729 hlss.
1563 4678 1599 4729 Le
1609 4679 1686 4729 Porto
1696 4679 1732 4730 du
1746 4679 1843 4744 rhen]

1095 4809 1217 4884 mandat
1237 4818 1268 4868 ut
1290 4809 1363 4868 duos
1382 4810 1631 4869 archidiaconatus
1652 4814 1818 4885 primicerio

1245 4899 1419 4959 virdunensi
1434 4915 1493 4956 non
1508 4899 1668 4958 conterant.

1099 5025 1279 5097 Honorius,
1294 5025 1369 5097 etc„
1383 5025 1515 5088 dilectis
1533 5026 1613 5087 tiliis
1635 5028 1665 5089 J.
1682 5027 1807 5090 Jullen.
1825 5029 1858 5088 et

1057 5124 1087 5185 J.
1104 5122 1288 5184 virdunen.
1302 5121 1561 5194 archidiaconis,
1577 5123 1612 5197 et
1632 5125 1672 5185 R.
1693 5123 1736 5185 de
1755 5125 1857 5186 Porta

1059 5220 1220 5282 canonico
1229 5218 1572 5293 virdunen.,salutem
1586 5221 1620 5281 et
1630 5222 1857 5297 Apostolicam

1058 5317 1334 5393 benedictionem.
1440 5360 1443 5365 ·

1097 5416 1146 5476 Ad
1169 5414 1316 5476 nostram
1332 5413 1492 5476 noveritis
1509 5413 1714 5475 audientiam
1734 5430 1859 5493 perve-

1805 306 1853 367 ..
1923 268 1929 501 l

1925 704 1930 723 s

1924 732 1931 821 i

1926 824 1931 857 't

1925 862 1931 893 l

1057 5513 1160 5585 nisse,
1176 5512 1262 5589 quod
1276 5514 1295 5574 J
1299 5554 1308 5573 .
1322 5512 1536 5588 primicerius
1548 5511 1751 5583 Virdunen.,
1767 5528 1859 5591 pras·
1933 5526 1934 5591 i

1057 5611 1108 5671 ter
1129 5599 1407 5688 primiceriatum,
1431 5609 1514 5671 duos
1540 5608 1857 5679 archidiaconatus,
1933 5646 1934 5655 .
