3886 6214
247 347 309 411 see
439 307 443 313 ’
487 424 492 431 ,
861 345 1037 411 aenean
1058 347 1104 409 111
1125 347 1272 411 orsus.
1799 356 1846 416 au
1915 302 1916 305 Ὺ

249 504 457 580 Camarcelll,
482 506 518 569 et
533 509 607 586 ejus
630 506 734 579 curte,
758 507 793 571 tn
817 507 910 571 cume
930 507 1041 569 insula
1094 507 1182 584 quod
1200 506 1314 569 nullus
1333 505 1618 584 arcbleplscopna,
1631 507 1681 571 rel
1699 509 1845 589 spasmus

249 604 474 680 Hugvitionis,
489 604 525 665 in
544 604 721 668 castellare
741 604 857 681 Campi
875 605 991 679 Longi,
1008 605 1041 667 et
1094 604 1219 681 absque
1258 619 1400 666 assensu
1438 604 1693 680 senogalliensis
1726 609 1847 686 episcopa

248 704 321 779 ejus
337 703 440 772 curte,
461 701 497 762 in
520 703 612 763 curte
632 701 788 773 Ravonis,
810 702 846 761 in
867 702 1041 763 castellare
1095 701 1129 762 in
1155 702 1290 762 dioecesi
1320 700 1562 777 senogalliensi
1588 706 1758 766 conuentus
1776 706 1846 767 cele·

251 801 397 871 Qunzan,
424 798 458 860 et
483 799 556 874 ejus
581 798 685 868 curte,
713 798 749 859 iu
782 799 891 861 castre
919 799 1041 861 Montis
1094 799 1202 871 brare,
1229 814 1348 860 causas
1369 798 1482 870 etiam,
1508 800 1542 861 et
1567 799 1778 862 ecclesiastiea
1801 818 1847 863 ne-

138 958 174 979 w
208 886 211 891 ’
248 894 348 964 Novi,
363 893 397 955 et
411 895 483 969 ejus
500 896 603 965 curte,
620 894 655 954 in
670 896 781 957 castro
796 894 1039 970 Peudingarda,
1094 897 1183 972 gotia
1196 896 1342 973 eiusdem
1357 896 1521 967 dioecesis,
1537 896 1603 957 nisi
1619 911 1678 973 per
1695 900 1848 960 Romanum

248 989 282 1053 et
300 993 373 1067 ejus
395 991 501 1062 curte,
521 991 559 1053 in
582 991 758 1053 castellare
778 991 897 1053 insula
921 991 1040 1053 (issel-
1094 994 1300 1064 Pontificem,
1323 993 1379 1054 rel
1402 996 1474 1069 ejus
1497 994 1642 1068 legatum
1662 993 1849 1055 lueriteiden

246 1088 353 1159 vacis,
376 1088 411 1150 et
430 1091 502 1166 etus
525 1090 632 1160 curte,
657 1089 693 1149 in
719 1090 894 1151 castellare
918 1089 1040 1151 mentis
1095 1090 1280 1167 injunctum
1299 1091 1444 1151 tractare
1458 1092 1646 1167 praesumat
1668 1093 1849 1153 Decernimm
1915 1088 1916 1091 ’

249 1186 283 1246 ἃ
296 1185 376 1256 Viti,
398 1186 431 1247 et
450 1188 523 1261 ejus
541 1187 644 1257 curte,
666 1186 701 1247 in
720 1188 831 1247 castro
851 1186 991 1257 Mardoi,
1008 1186 1041 1247 et
1063 1184 1070 1200 '
1094 1203 1184 1263 ergo,
1202 1188 1239 1248 ut
1252 1187 1335 1248 nulli
1348 1187 1482 1247 omnino
1498 1187 1667 1248 bominum
1679 1187 1770 1249 liceat
1779 1205 1849 1266 prae-

248 1284 323 1360 ejus
338 1284 442 1353 curte,
462 1283 497 1343 in
515 1283 690 1345 castellare
707 1285 738 1344 S.
754 1283 890 1346 Martini
907 1283 967 1343 ulii
981 1283 1042 1345 al-
1094 1283 1196 1345 latam
1223 1284 1398 1346 ecclesiam
1424 1285 1548 1346 tenuem
1574 1284 1770 1362 perturbare,
1793 1286 1849 1355 ete,

248 1376 356 1449 donis,
379 1377 414 1439 et
434 1380 507 1453 ejus
531 1379 634 1450 curte,
654 1378 689 1438 in
712 1379 822 1439 castro
844 1377 983 1447 demeti,
1008 1377 1042 1438 et
1094 1381 1393 1458 umqueprotutura,
1406 1382 1853 1458 salvomandatosedislpos

248 1476 322 1551 ejus
335 1476 439 1545 611111,
453 1473 489 1534 111
499 1474 662 1546 Polliam,
676 1476 709 1536 61
723 1477 797 1551 61118
809 1476 913 1542 curte,
925 1474 960 1537 in
970 1476 1042 1535 Jee-
1094 1480 1203 1541 tolicae
1218 1479 1366 1556 speciali.
1389 1480 1423 1540 si
1446 1495 1511 1557 qua
1530 1480 1643 1555 igitur,
1667 1480 1726 1540 etc.
1747 1478 1852 1539 Cunctis

249 1571 383 1643 sellare,
406 1572 440 1633 et
456 1574 529 1650 ejus
551 1572 655 1643 curte,
671 1573 707 1633 in
724 1573 817 1634 curte
840 1574 934 1633 Areae
957 1586 1040 1632 con-
1095 1578 1215 1649 sutem,
1242 1578 1303 1637 etc.
1337 1577 1455 1638 Datum
1481 1576 1637 1638 Laterani
1667 1590 1724 1652 per
1747 1590 1853 1635 manum

246 1669 373 1742 tractae,
387 1669 491 1730 turris
502 1671 619 1746 ruptae,
631 1669 709 1731 etin
721 1668 898 1732 castellare
908 1667 1038 1738 Albani,
1094 1673 1581 1750 magistriduidonis,l).papae
1590 1668 1853 1750 repellantlvla·

246 1766 283 1828 et
297 1768 371 1842 ejus
394 1767 490 1829 curte
506 1783 582 1828 cum
600 1766 802 1838 bominibus,
822 1765 984 1836 curtibus,
1006 1766 1043 1827 et
1095 1770 1211 1832 lendes
1229 1771 1331 1848 junii,
1353 1770 1535 1833 indictione
1548 1772 1622 1842 XII,
1644 1766 1854 1830 incarnationis

245 1858 457 1939 pertinentiis
470 1864 672 1933 eorumdem.
684 1863 925 1925 monasterium
936 1865 969 1924 S
982 1864 1043 1925 de·
1095 1868 1277 1931 Dominicis
1299 1883 1388 1929 anno
1411 1869 1501 1939 1223,
1517 1867 1726 1945 pontificatus
1744 1876 1813 1927 uero
1826 1865 1852 1924 o.

244 1960 343 2033 nesii,
354 1959 483 2037 plebem
495 1962 615 2032 Mans,
627 1959 757 2037 plebem
768 1963 803 2023 S.
813 1959 988 2022 Michaelis
1000 1958 1042 2021 de
1094 1965 1236 2027 Honorii
1250 1980 1345 2043 papae
1360 1967 1407 2026 Ill
1420 1980 1509 2026 anno
1523 1964 1680 2041 33311330.

246 2057 331 2118 colle
354 2056 499 2129 Urbano,
520 2057 648 2135 plebem
673 2061 708 2119 S·
726 2057 889 2133 Apostoli,
910 2055 1041 2132 plebem

246 2154 485 2231 Scerzslepori,
500 2153 628 2231 plebem
645 2157 678 2216 S.
696 2154 849 2217 servasii
862 2153 904 2215 de
917 2151 1042 2228 Bulgs·

242 2250 952 2329 ria,ptebemdePaune,plebemdeGavis‚
968 2249 1042 2325 ple·
1412 2220 1573 2311 CXLIII

244 2346 369 2409 1191115·
385 2348 565 2425 Hiptwll'fl,
585 2346 1039 2425 1111111111011111111Λ110116111
1094 2366 1146 2426 Ad
1159 2364 1369 2427 oliattmm
1388 2379 1430 2427 oc
1451 2364 1661 2427 conventum
1679 2365 1721 2425 de
1741 2361 1855 2428 Bruto,

247 2444 282 2506 S.
302 2444 394 2507 Petri
413 2445 453 2507 de
473 2445 622 2518 Colonia,
643 2444 773 2523 plebem
788 2445 891 2523 plani,
911 2444 1041 2522 plebem
1293 2463 1532 2525 mmmm
1543 2464 1689 2523 oraim

245 2540 289 2607 de
305 2542 401 2614 colle,
427 2543 463 2607 et
483 2542 611 2619 plebem
633 2544 756 2607 montis
778 2542 887 2615 Porci,
910 2541 1040 2619 plebem
1490 2592 1496 2603 .

245 2639 390 2716 orgeoli,
426 2639 554 2717 plebem
590 2643 624 2702 St
666 2640 828 2717 Gregorii,
863 2638 1041 2702 ecclesiam
1298 2704 1303 2716 ,
1380 2590 1592 2650 mmm

245 2737 377 2799 sanetae
393 2738 510 2799 Marias
530 2739 571 2803 de
588 2738 707 2810 Bodio,
728 2738 905 2803 ecclesiam
924 2740 957 2799 S.
980 2739 1040 2800 da·
1213 2704 1364 2770 fflm’
1376 2703 1468 2755 ΑΜ·
1480 2702 1692 2765 ⁰³¹¹²⁸¹²¹⁰¹·’W’
1704 2700 1769 2767 Μ’]

244 2833 320 2895 sobi
336 2850 411 2895 cum
424 2834 594 2911 hospitali,
615 2836 790 2900 eeclesiam
808 2838 841 2897 s.
862 2835 981 2899 Maria
998 2834 1039 2897 de
1092 2819 1208 2881 blandai
1223 2828 1254 2879 ut
1269 2823 1300 2879 Ρ.
1316 2821 1458 2879 reclusam
1472 2820 1575 2878 domus
1590 2821 1619 2879 S.
1638 2818 1736 2879 Lazari
1749 2818 1857 2877 Camers

243 2932 364 2993 Finem
379 2948 453 2993 cum
474 2932 633 3010 hospitali
656 2933 698 2995 do
718 2935 841 3004 Mam,
863 2932 1038 2995 ecclesiam
1127 2910 1221 2967 censis
1238 2910 1267 2967 tn
1283 2920 1411 2968 sorerem
1425 2922 1507 2966 suam
1524 2910 1586 2966 aine
1601 2908 1767 2966 difficultate
1777 2901 1858 2963 admit·

245 3029 279 3090 S.
312 3029 476 3091 iohannis
509 3030 549 3092 de
581 3031 693 3092 Monte
723 3031 831 3101 Nero,
862 3029 1038 3093 ecclesiam
1128 3004 1198 3056 Μ·

245 3128 279 3186 s.
293 3127 511 3188 lobannisde
522 3129 703 3204 Scapzano,
715 3125 1036 3202 prehendendam,
1133 3124 1300 3186 Honorius
1310 3120 1622 3201 episcopusservus
1634 3114 1859 3186 servorumliet.

245 3223 375 3300 plebem
388 3226 422 3285 S.
439 3225 574 3287 Martini
587 3224 731 3285 tiliorum
745 3222 892 3293 aldonis,
910 3222 1039 3299 plebem
1092 3220 1222 3283 dilectae
1247 3218 1325 3281 tiliae
1352 3219 1545 3292 abbatissae,
1573 3236 1614 3282 ac
1642 3216 1809 3284 conventui
1832 3212 1861 3272 de

247 3322 280 3380 S.
308 3320 520 3396 Archangeli,
551 3320 678 3397 plebem
710 3323 743 3382 ἃ
778 3319 973 3381 Pamruiani
998 3318 1039 3379 de
1092 3314 1230 3391 Brailla,
1257 3317 1487 3379 cisterciensis
1516 3317 1659 3392 ordinis,
1693 3306 1864 3379 salutemet

246 3415 414 3488 Fractula,
439 3416 567 3493 plebem
589 3417 630 3478 de
649 3417 832 3487 casertino,
856 3419 889 3478 et
909 3414 1039 3491 plebem
1092 3412 1317 3493 Apostolicam
1329 3414 1605 3477 benedictionem.

248 3513 573 3575 &clementiarum
590 3514 728 3589 capellis
742 3514 777 3575 in
791 3529 908 3575 earum
925 3511 1041 3589 pleba-
1133 3512 1260 3573 Dilecta
1276 3513 1313 3572 iu
1328 3510 1458 3574 Christo
1473 3511 1542 3572 tilia
1564 3510 1601 3572 F.
1624 3510 1756 3573 reclusa
1771 3507 1864 3568 domus

244 3609 336 3673 tibus
349 3611 478 3687 positis,
499 3610 608 3679 benis,
624 3610 900 3687 possessionibus,
921 3624 961 3671 ao
977 3609 1041 3671 bo-
1094 3608 1206 3670 Sancti
1222 3609 1340 3670 Lazari
1356 3608 1617 3679 Cameracensis,
1632 3604 1729 3669 nobis
1741 3601 1865 3666 lectibu-

244 3707 391 3768 minibus
401 3708 592 3769 earumdem
603 3722 678 3769 cum
688 3705 1036 3784 ptenejurisdictione,
1093 3704 1217 3767 militer
1227 3704 1419 3783 supplicari,
1434 3706 1471 3766 ut
1483 3720 1556 3765 cum
1572 3703 1603 3765 ei
1619 3705 1726 3766 tutius
1737 3699 1865 3764 uideatur

245 3820 346 3881 quam
360 3803 774 3881 senogalliensiseectesia
790 3803 1040 3869 noscitnriniis
1093 3818 1193 3879 agere
1218 3801 1254 3862 in
1279 3800 1483 3863 monasterie
1506 3798 1679 3861 residuum
1704 3800 1778 3860 vitae
1800 3808 1863 3861 suae.

245 3901 408 3964 hactenus
432 3901 602 3965 babuisse.
641 3903 809 3967 Prteterea
834 3901 922 3978 qued
947 3916 1040 3963 com-
1092 3914 1192 3976 quam
1214 3898 1263 3959 sic
1284 3914 1359 3959 esse
1375 3899 1552 3968 reclusam,
1575 3899 1609 3959 et
1634 3898 1701 3974 ipsi
1720 3892 1866 3957 licentiam

246 3999 340 4061 muni
355 3999 720 4075 assensutuicapituli,
738 3998 943 4076 immaturis
960 4010 1040 4073 par-
1093 3994 1275 4057 coucedere
1312 3994 1565 4055 Cistercieusem
1605 3994 1757 4055 ordinem
1787 4002 1866 4050 assu·

245 4095 291 4156 tis
299 4094 406 4175 ipsius
416 4096 550 4157 consilii
563 4096 709 4159 sanioris
717 4096 753 4157 in
764 4097 823 4157 tua
833 4095 967 4158 diceres
979 4110 1039 4171 per
1092 4090 1215 4164 mendi,
1232 4093 1266 4153 et
1279 4108 1340 4154 vos
1353 4107 1414 4169 pro
1432 4091 1625 4168 receptione
1641 4091 1748 4169 ipsius
1764 4080 1865 4149 nestris

246 4191 454 4255 tesanonice
469 4191 780 4263 fueritinstttutum,
797 4193 917 4263 ratum,
933 4193 968 4253 et
980 4191 1041 4251 tir-
1092 4188 1237 4251 invitare
1260 4188 1381 4250 litteris
1408 4186 1625 4264 dignaremur
1650 4210 1659 4249 ε
1686 4203 1748 4249 nos
1775 4185 1866 4257 itaque

246 4302 337 4349 mum
356 4288 509 4351 volumus
526 4304 734 4365 permanere.
753 4288 972 4355 probibemus
986 4288 1041 4349 in·
1093 4303 1209 4366 preces
1224 4289 1307 4364 ejus,
1328 4289 1364 4347 et
1375 4284 1593 4363 propositum,
1613 4284 1761 4362 benigno
1775 4282 1869 4343 fauore

247 4399 349 4462 super
367 4399 409 4446 ne
430 4386 737 4449 excommunicatos
755 4389 841 4457 tuos,
857 4384 911 4451 uel
928 4386 1039 4449 inter-
1093 4384 1129 4445 in
1139 4384 1278 4445 Domino
1294 4382 1543 4459 prosequentes
1559 4382 1735 4444 caritatem
1745 4378 1868 4442 vestram

247 4480 353 4544 dictos
365 4481 409 4542 ad
416 4481 575 4554 osticium,
588 4483 644 4545 uel
654 4483 920 4545 communionem
932 4481 1041 4543 eccle·
1093 4497 1259 4557 rogamus,
1277 4482 1310 4541 et
1330 4495 1501 4540 monemus
1521 4480 1657 4551 attente,
1675 4493 1736 4556 per
1754 4471 1868 4552 Aposto

246 4578 416 4641 siasticam
430 4579 503 4641 sine
522 4580 737 4648 conscientia,
756 4580 1039 4643 &cousensuiuo
1093 4577 1192 4639 licem
1213 4575 1330 4638 Sedem
1351 4576 1557 4649 mandantes,
1578 4578 1746 4653 quatenus
1768 4575 1868 4651 ipsam

246 4677 420 4754 quisquam
445 4678 606 4749 admittat,
631 4678 688 4739 aut
706 4678 822 4739 eontra
841 4677 1040 4741 senteutiam
1093 4674 1135 4735 ob
1150 4674 1372 4736 reverentiam
1394 4674 1542 4734 divinam
1561 4674 1594 4734 et
1613 4675 1765 4735 nostram
1779 4670 1870 4730 inso-

245 4775 337 4835 tuam
353 4774 513 4839 canonice
529 4773 772 4850 promulgatam
787 4773 909 4849 aliquis
923 4773 1040 4839 uenire
1092 4787 1203 4833 rorem
1215 4774 1361 4832 vestram
1377 4771 1449 4831 sine
1461 4770 1657 4832 difficultate
1670 4767 1816 4847 qualibet
1825 4760 1870 4823 ad·

245 4871 440 4947 praesumat,
460 4869 525 4931 nisi
542 4870 627 4932 torte
646 4870 830 4947 periculum
845 4869 961 4933 mortis
976 4869 1041 4933 im·
1093 4868 1247 4941 mittatis;
1273 4867 1320 4928 ita
1342 4868 1428 4943 quod
1452 4864 1525 4943 lpsa
1559 4883 1625 4927 una
1649 4867 1819 4929 vobiscum
1840 4856 1871 4919 dt

246 4967 383 5039 mineat,
400 4969 459 5029 aut
478 4967 557 5027 dum
579 4967 793 5043 praesenttam
812 4968 902 5029 tuam
917 4966 1040 5029 trabere
1093 4967 1215 5028 uirtute
1230 4964 1391 5041 prolicere
1406 4964 1517 5026 valeat
1532 4965 1566 5024 in
1578 4964 1751 5034 virtutem,
1766 4962 1797 5022 et
1809 4972 1871 5017 res-

246 5065 469 5141 nequiverint,
495 5080 556 5141 per
575 5065 679 5125 atium
697 5064 879 5126 secuudum
900 5063 1040 5127 termam
1094 5066 1146 5123 tra
1174 5062 1297 5123 caritas
1324 5076 1384 5122 vos
1410 5076 1518 5132 caras,
1548 5061 1582 5121 et
1606 5054 1871 5121 commendabiles

247 5162 405 5229 Ecclesiae
440 5161 670 5227 satisfactione
692 5161 857 5237 promissa
890 5160 1041 5236 oporteat
1093 5156 1209 5219 reddat
1233 5160 1270 5218 in
1296 5157 1402 5219 oculis
1427 5157 1619 5218 salvatoris.
1644 5158 1767 5219 Datum
1786 5152 1871 5215 Late·

246 5256 385 5334 ligatum
409 5258 548 5323 absolvi.
572 5260 750 5321 Sacrorum
776 5272 909 5334 quosue
933 5270 1038 5321 cano-
1093 5255 1179 5327 rani,
1196 5255 1238 5315 lll
1253 5254 1321 5315 kal.
1332 5254 1432 5332 junii,
1449 5254 1662 5332 pontificatus
1678 5251 1787 5315 nostri
1799 5258 1871 5312 anno

249 5370 327 5419 num
365 5356 596 5421 auctoritatem
637 5359 813 5433 sequentes
850 5354 1042 5425 statuimus,
1093 5353 1188 5414 sesto
1202 5349 1377 5432 [septlmnt
