3930 6206
214 317 274 377 619
834 313 1009 373 HONORII
1031 312 1076 373 lli
1097 312 1246 373 OPERA.
1803 314 1856 373 63]

215 474 367 536 homines
394 474 509 534 contra
537 475 651 543 Deum,
667 487 733 532 non
761 470 868 532 solum
904 469 1011 532 noluit
1066 470 1149 531 testo
1163 470 1252 531 beati
1269 470 1403 545 Georgii
1417 470 1667 546 procurationes
1677 470 1856 547 recipiebat

215 569 847 645 easdemsententiaspublicare,uerum
858 568 1011 644 etiamip
1065 567 1252 643 ibidemque
1268 566 1302 627 iu
1324 565 1448 627 barcha
1469 582 1529 627 sua
1545 567 1578 628 in
1594 560 1680 628 sesto
1695 567 1856 629 Purifica-

215 666 573 728 sisexcomrnuuicatis
596 666 804 743 impudenter
825 666 1011 726 communi·
1065 664 1165 723 tionis
1191 663 1296 725 beatae
1326 664 1472 739 virginis
1502 663 1746 725 conducebant.
1782 665 1856 725 Cum

215 780 294 826 care
308 764 633 842 praesumit,propter
645 763 730 840 quod
738 763 863 824 tulistis
876 778 1011 823 excom·
1065 763 1174 822 autem
1189 761 1297 837 primo
1316 761 1349 821 in
1366 760 1419 821 his
1440 762 1646 837 possessorio
1659 761 1796 837 egerint
1809 778 1857 837 pa·

215 862 453 923 muricationis
476 862 676 922 sententiam
703 861 738 920 in
767 860 930 930 eumdem,
945 873 1010 936 qua
1064 858 1211 919 triorche
1236 860 1269 919 et
1301 857 1475 934 episcopus
1508 859 1695 928 memorati,
1717 874 1782 919 nos
1806 874 1856 919 eos

215 959 414 1034 contempta,
425 955 1011 1017 diuinaolflciacelebrarenonvere
1065 956 1104 1015 ad
1120 955 1436 1031 possessionem,vel
1447 957 1542 1032 quasi
1557 956 1767 1017 restituimus
1783 972 1858 1032 prae

213 1055 278 1125 tur,
295 1054 331 1112 iu
347 1052 443 1113 lamae
459 1069 497 1113 ac
513 1053 633 1113 salutis
648 1069 716 1113 suae
738 1051 956 1128 dispendium,
978 1050 1011 1111 et
1065 1052 1238 1113 dictorum.
1258 1055 1380 1113 Verum
1395 1053 1472 1129 quia
1488 1053 1566 1114 binc
1587 1052 1747 1130 petitorio
1767 1053 1858 1114 nihil·

214 1150 450 1212 ecclesiasticae
461 1150 646 1226 disciplinae
658 1149 892 1225 contemptum.
905 1150 1010 1219 Quum
1065 1150 1195 1210 ominus
1224 1150 1333 1211 actum
1353 1150 1415 1211 suit
1438 1151 1470 1211 et
1493 1152 1633 1227 utraque
1655 1166 1737 1227 pars
1759 1151 1856 1212 totum

214 1264 294 1322 ergo
310 1252 356 1318 tu,
374 1247 421 1306 lili
438 1246 551 1317 abbas,
570 1246 808 1322 praedecessori
822 1246 879 1307 tuo
894 1260 1011 1305 succe-
1061 1250 1237 1324 jussuum
1264 1248 1396 1309 ridetur
1419 1249 1453 1308 in
1481 1248 1644 1324 iudicium
1668 1246 1856 1319 deduxisse,

215 1344 293 1405 dere
309 1343 409 1404 debes
423 1344 457 1403 in
474 1342 668 1419 hujusmodi
684 1358 796 1414 onere,
810 1358 910 1419 quum
922 1342 1011 1402 litte-
1065 1346 1143 1415 Nos,
1162 1345 1244 1404 visis
1259 1344 1540 1421 praedecessorum
1560 1346 1753 1406 nostrorum
1768 1346 1860 1423 privi-

215 1457 262 1502 rae
285 1439 453 1517 praedictae
481 1440 725 1500 commissionis
750 1456 816 1501 non
842 1438 1010 1514 expressis
1065 1441 1174 1516 legiis,
1187 1442 1424 1503 monasterium
1436 1443 1557 1518 ipsum,
1571 1441 1612 1503 de
1624 1441 1770 1503 fratrum
1785 1459 1859 1503 nos·

215 1553 433 1615 personarum
445 1537 502 1598 sed
516 1538 665 1599 locorum
678 1536 1011 1598 nominibusfuerunt
1065 1540 1190 1598 trorum
1213 1539 1364 1609 consilio,
1379 1538 1519 1599 liberum
1542 1554 1616 1600 esse
1636 1538 1857 1611 decernimus,

215 1636 411 1711 impetratae,
422 1635 618 1695 discretioni
628 1637 747 1695 restrae
757 1632 1010 1711 per-apostolica
1064 1638 1097 1695 et
1110 1635 1301 1696 immediate
1318 1636 1358 1696 ad
1382 1638 1565 1697 Romanam
1581 1636 1769 1697 Ecclesiam
1784 1653 1857 1713 per-

215 1733 339 1809 scripta
376 1732 571 1792 mandamus
601 1732 741 1793 tirmiter
774 1730 1007 1808 praecipieudo,
1064 1732 1858 1810 tinere;illudinpraemissisetaliisquaejuris-

215 1834 378 1906 quatenus
399 1832 496 1905 juxta
521 1830 670 1906 praedicti
694 1829 840 1890 mandati
862 1832 1009 1889 tenorem
1065 1829 1243 1890 dictionem
1271 1832 1305 1892 et
1332 1829 1572 1906 subjectionem
1600 1830 1792 1907 respiciunt
1824 1830 1857 1891 ab

215 1928 263 1987 sic
278 1927 457 2001 diligenter
475 1928 509 1987 in
529 1927 660 2003 negotio
680 1926 866 2003 procedatis
881 1925 1007 1995 eodem,
1065 1927 1272 2003 impetitione
1295 1927 1456 1988 dictorum
1490 1926 1692 2003 patriarchae
1717 1929 1752 1990 et
1775 1928 1858 2005 epis-

214 2024 299 2100 quod
323 2027 442 2086 vestrae
462 2023 672 2085 rectitudinis
693 2024 785 2084 zelus
805 2023 883 2083 inde
906 2023 1011 2099 possit
1065 2023 1138 2100 copi
1155 2024 1375 2095 absolventes
1390 2039 1456 2084 non
1477 2023 1630 2085 obstante
1649 2026 1856 2101 possessione

215 2122 332 2182 merito
346 2121 584 2191 commendari,
597 2121 700 2182 nullis
715 2121 835 2183 litteris
848 2118 1011 2182 obstanti·
1064 2120 1153 2181 circa
1169 2121 1327 2196 praedicta
1344 2121 1494 2198 probata,
1510 2138 1584 2181 cum
1599 2137 1668 2183 non
1688 2121 1856 2184 docuerint

214 2218 286 2290 bus,
300 2219 418 2279 harum
432 2222 548 2281 tenore
562 2219 704 2290 tacito,a
721 2218 806 2279 Sede
820 2217 1009 2294 apostolica
1064 2233 1100 2277 se
1114 2220 1205 2279 tanto
1218 2218 1367 2295 tempore
1381 2218 1464 2279 talia
1476 2218 1678 2294 percepisse,
1696 2219 1786 2295 quod
1805 2235 1854 2296 per

215 2317 410 2391 impetratis
437 2319 556 2377 Datum
581 2315 748 2381 Laterani,
764 2317 793 2376 ll
815 2331 892 2376 non.
916 2315 1006 2383 maii,
1065 2314 1127 2374 hoc
1145 2313 1307 2375 libertatis
1322 2314 1424 2377 tuerit
1442 2314 1631 2391 privilegiis
1651 2315 1853 2390 derogatum.

214 2412 426 2488 pontificatus
440 2412 544 2473 nostri
558 2428 646 2474 anno
659 2412 788 2473 octavo.
1065 2412 1286 2473 Reserrantes
1296 2413 1406 2473 tamen
1418 2412 1573 2488 episcopo
1584 2413 1779 2488 supradicto
1790 2429 1855 2489 qna

1064 2509 1153 2570 circa
1165 2508 1323 2579 chrisma,
1335 2508 1443 2570 oleum
1456 2510 1618 2581 sanctum,
1631 2509 1854 2572 ordinationes

567 2608 662 2695 CCV
1064 2605 1262 2667 clericorum
1281 2607 1315 2667 et
1336 2606 1487 2682 quadam
1503 2607 1570 2666 alia
1590 2605 1626 2666 in
1647 2606 1777 2669 eisdem
1791 2608 1855 2684 pri-

255 2753 475 2813 Adobbotem
494 2752 527 2811 et
545 2752 751 2812 conventum
765 2752 970 2813 mmmmm.
1064 2703 1195 2778 vilegiis
1233 2703 1424 2779 specialiter
1456 2704 1682 2764 reservantur.
1711 2705 1762 2765 Ad
1789 2704 1854 2766 haec

398 2851 433 2910 g·
451 2851 590 2925 Gemit·
604 2851 644 2908 de
665 2850 824 2909 Venetia.
1064 2815 1138 2860 cum
1160 2799 1201 2859 de
1218 2801 1399 2876 premissis
1421 2800 1661 2877 quinquaginta
1682 2802 1799 2862 solidis
1816 2801 1854 2862 ad

1064 2896 1279 2972 subjectionis
1298 2897 1458 2957 indicium
1477 2912 1497 2958 a
1517 2898 1712 2974 patriarcba
1737 2899 1781 2959 sit
1797 2915 1853 2959 ac-

515 2971 533 3028 ⁶
548 2971 615 3027 maii
629 2970 708 3028 ¹²²4·
1063 2997 1143 3065 tum,
1162 3008 1220 3070 per
1239 2995 1438 3056 sententiam
1452 2995 1644 3072 hujusmodi
1659 2996 1691 3055 ei
1708 3011 1774 3057 non
1787 2996 1854 3056 adi·
1947 3026 1948 3029 π

328 3085 731 3149 [amaraqueclesietrenetn
746 3084 888 3150 ΜΝ]
1064 3091 1197 3163 mimus,
1222 3090 1250 3151 si
1274 3091 1340 3152 alio
1359 3094 1437 3168 Jure
1461 3091 1502 3153 de
1528 3092 1611 3168 ipsis
1631 3094 1779 3169 experiri
1798 3109 1854 3153 ro-

216 3193 348 3249 Deeeruit
363 3200 393 3249 ut
407 3193 611 3249 monasterium
627 3192 719 3264 ipsum
732 3190 769 3247 ab
783 3192 862 3247 omni
875 3191 913 3247 sit
924 3191 1008 3263 juris·
1063 3188 1164 3249 luerit
1186 3190 1394 3264 potestatem.
1417 3189 1509 3249 Nulli
1532 3204 1623 3264 erg0,
1640 3191 1718 3261 etc„
1734 3189 1852 3251 diffini-

250 3279 374 3337 dietione
395 3287 559 3351 exemptum
579 3279 692 3337 arsedi
712 3280 882 3352 Apostollcoe
905 3280 1005 3336 imme·
1064 3285 1164 3347 tionis
1192 3285 1387 3360 intringere,
1403 3287 1465 3346 etc.
1483 3287 1519 3346 Si
1532 3286 1606 3363 quis
1621 3286 1746 3357 autem,
1763 3288 1821 3349 etc.
1946 3358 1947 3367 χ

248 3367 324 3427 ΰῐῦῐθ
339 3368 508 3440 subjectum.
1104 3385 1221 3443 Datum
1241 3383 1408 3454 Laterani,
1430 3384 1460 3443 ΙΙ
1480 3398 1586 3444 nonas
1610 3385 1705 3455 maii,
1728 3384 1853 3461 pontill-

254 3482 618 3561 Honoriusepiscopus,
630 3500 745 3545 servus
755 3499 925 3545 servorum
935 3485 1006 3557 Dei,
1063 3481 1159 3540 catus
1174 3480 1279 3541 nostri
1294 3495 1383 3540 anno
1399 3480 1527 3541 octavo.

216 3580 345 3641 dilectis
358 3581 436 3640 liliis
451 3580 563 3643 abbati
574 3585 607 3643 et
619 3581 799 3643 conventui
814 3582 1007 3642 monasterii

216 3681 249 3739 S.
267 3677 401 3754 Georgii
422 3678 463 3738 de
477 3678 637 3749 venetiis,
654 3678 806 3749 salutem,
825 3680 886 3740 etc.
1402 3703 1517 3790 CCVI

255 3777 291 3836 ln
314 3790 418 3836 causa
440 3792 513 3852 quae
535 3776 697 3837 intervos
719 3777 875 3853 exparte
895 3778 1009 3838 unaet

213 3872 421 3933 venerabiles
458 3872 578 3935 tratres
617 3875 748 3935 nostros
783 3873 1008 3949 patriarcham

215 3969 419 4031 Gradensem
452 3971 521 4031 et...
557 3970 750 4047 episcopum
777 3971 1007 4031 ¹castellanum

214 4083 314 4143 super
328 4066 533 4143 subjectione
548 4068 741 4128 monasterii
757 4083 800 4128 ex
811 4068 917 4129 altera
931 4084 1009 4129 ver·
1363 4052 1459 4109 ⁷¹¹¹⁰5¹
1477 4053 1556 4110 ¹²²4·

215 4163 355 4235 tebatur,
375 4165 563 4231 invenimus
585 4180 645 4241 pro
672 4164 862 4241 patriarcha
887 4165 1009 4242 proba·
1246 4164 1447 4229 [uguohnluha
1461 4168 1582 4226 sacmv,
1596 4169 1679 4235 Μ]
1799 4197 1803 4207 ·

219 4263 287 4322 tum
309 4262 396 4338 quod
417 4262 452 4321 in
472 4262 545 4338 ipso
564 4260 766 4322 monasterio
785 4261 1008 4338 recipiebatur
1063 4272 1111 4329 Eis
1126 4270 1243 4329 mandat
1257 4278 1289 4329 ut
1303 4284 1389 4344 quum
1412 4276 1618 4331 monasterium
1642 4278 1672 4334 S.
1692 4277 1803 4349 Georgii
1817 4273 1848 4330 de

216 4358 510 4435 processionaliter
532 4374 607 4418 cum
626 4358 775 4429 incense,
794 4374 879 4434 aqua
903 4357 1007 4419 bene·
1097 4360 1224 4416 venetiis
1242 4359 1371 4417 abomni
1386 4360 1554 4432 patriarchae
1567 4363 1846 4436 Gradensisetepis·
1943 4428 1944 4441 χ

215 4455 302 4516 dicta
331 4454 363 4514 et
387 4454 495 4528 icona,
516 4455 549 4515 et
573 4454 705 4531 quando
735 4452 963 4516 revertebatur
988 4469 1007 4514 a
1097 4448 1526 4520 copicastellanijurisdictione
1535 4451 1848 4521 exemit,hancexemp

214 4553 325 4613 Gradu
350 4551 569 4628 pulsabantur
592 4552 638 4613 ibi
662 4567 833 4627 campanae
861 4552 947 4612 sicut
972 4553 1008 4612 in
1097 4536 1622 4595 ²5⁰¹¹⁰¹1¹sllffl⁵¹⁰f⁰b⁸0¹l⁸f¹s⁰⁰i³ssl·

214 4650 291 4711 aliis
306 4643 458 4711 ecclesiis
472 4649 616 4712 civitatis
631 4671 638 4709 ε
653 4650 686 4710 et
696 4649 782 4724 quod
795 4648 897 4709 abbas
907 4664 1008 4725 quan·
1102 4651 1269 4713 Honorius
1280 4653 1465 4729 episcopus,
1478 4669 1595 4715 seruus
1605 4671 1777 4717 serrorum
1784 4654 1843 4719 oei,

214 4748 321 4825 doque
342 4747 403 4808 ivit
426 4747 467 4807 ad
490 4746 652 4823 synodum
684 4744 883 4820 patriarchae
906 4744 1006 4821 quin·
1063 4748 1194 4809 dilectis
1222 4747 1302 4810 liliis
1331 4748 1442 4811 abbati
1472 4752 1505 4811 S.
1531 4752 1690 4829 Cypriani
1721 4750 1844 4814 Torcel-

1103 3836 1155 3893 Ad
1180 3835 1392 3895 abbatatus.
1421 3838 1588 3910 cupream·
1617 3840 1816 3900 Torcellmua
1945 3796 1946 3891 l

1334 3934 1500 4003 dtoecesls,
1518 3934 1551 3993 ct
1573 3976 1580 3991 .

215 4845 373 4923 quaginta
391 4844 573 4905 solidorum
587 4844 781 4903 venetorum
796 4841 962 4902 minorum
976 4842 1008 4902 ei
1063 4845 1149 4906 lanae
1178 4845 1342 4917 dioecesis,
1370 4849 1402 4908 et
1417 4849 1547 4909 Sanctae
1561 4849 1679 4911 Mariae
1694 4852 1794 4912 Nora
1811 4846 1843 4906 da

214 4942 396 5020 perplures
411 4957 517 5003 annos
533 4940 719 5001 exsolvens.
734 4938 912 5000 Probatum
928 4954 1008 5001 sero
1063 4944 1222 5013 venetiis,
1249 4944 1282 5004 et
1297 4946 1427 5005 Sanctae
1442 4946 1559 5007 Mariae
1582 4947 1622 5008 de
1637 4950 1768 5009 Arariae
1785 4950 1843 5007 Pa-

216 5058 275 5118 pro
290 5041 445 5117 episcopo
461 5038 632 5099 invenitur
645 5037 701 5114 qui
716 5036 865 5113 ejusdem
881 5052 1009 5097 monas·
1064 5039 1182 5100 duanis
1210 5040 1387 5115 prioribus,
1406 5042 1548 5103 salutem
1574 5045 1607 5106 et
1633 5045 1841 5122 apostolicam

213 5138 291 5201 terii
317 5138 526 5199 confirmavit
551 5135 698 5205 abbates,
720 5133 775 5211 qui
799 5134 830 5194 ei
851 5133 1009 5196 obedien·
1063 5136 1339 5198 benedictionem.

214 5237 296 5297 tiam
318 5239 351 5297 et
374 5233 595 5295 reverentiam
615 5230 858 5307 impenderunt,
873 5229 1008 5292 abbates
1103 5236 1139 5293 lu
1164 5248 1277 5305 causa,
1304 5251 1378 5311 quae
1404 5236 1493 5296 inter
1512 5238 1723 5299 venerabiles
1737 5238 1841 5299 tratres

214 5335 314 5395 etiam
325 5333 473 5409 eJusdem
485 5329 680 5391 monasterii
691 5329 732 5388 ad
743 5328 886 5405 synodos
897 5327 1009 5389 venie·
1063 5331 1194 5389 nostros
1209 5329 1434 5405 patriarcham
1449 5333 1654 5394 Gradensem
1670 5336 1703 5395 et
1726 5333 1841 5409 episco-

214 5430 294 5491 bant
305 5428 452 5506 episcopi
464 5431 496 5489 et
508 5428 596 5488 idem
607 5427 648 5488 ad
659 5426 836 5502 exsequias
848 5425 1007 5486 invitatus
1063 5441 1140 5502 pum
1155 5427 1378 5487 castellanum
1393 5432 1544 5505 exparte
1559 5447 1638 5503 una,
1655 5433 1689 5492 et
1704 5430 1839 5491 abbatem

213 5526 441 5602 recipiebatur
466 5524 758 5601 processionaliter
781 5539 856 5583 cum
883 5522 1007 5584 solem·
1062 5523 1094 5583 et
1131 5524 1329 5585 conventum
1362 5527 1555 5588 monasterii
1593 5529 1626 5587 S.
1655 5524 1780 5601 Georgii
1804 5521 1839 5581 de

215 5622 319 5684 nitate
342 5621 499 5698 praedicta
529 5638 569 5683 ac
602 5621 756 5682 similiter
789 5620 948 5682 invitatus
973 5620 1006 5679 in
1063 5621 1223 5692 venetiis,
1247 5637 1348 5697 super
1369 5620 1573 5698 subjectione
1593 5625 1701 5700 ipsius
1719 5634 1838 5683 monas-
