3930 6206
231 304 291 368 751

235 466 422 533 abductum.
441 468 480 530 nt
494 469 650 544 qnoniam
669 467 757 529 lerro
777 483 843 530 non
863 471 1025 541 extracto,

235 567 508 641 computruerunt
537 566 571 626 et
602 566 889 628 delerioraverunt
909 567 1029 627 vulne-

236 677 309 721 rum
333 662 515 729 cicatrices,
542 662 678 723 attacta
702 664 753 723 est
776 664 871 739 quasi
890 665 1029 726 insana-

235 756 311 817 bilis
327 759 398 834 ipsa
414 759 522 834 plaga,
541 758 658 820 fientes
678 775 792 821 amare
806 762 899 838 pacis
916 761 1027 838 angeli

236 856 1025 934 recesseruntdicendo,curavimusBabylonem,

235 954 378 1013 nonest
406 953 534 1019 sanata,
563 953 832 1030 derelinquamus
865 955 1025 1016 eamdem.

234 1050 469 1110 Verumtamen
494 1050 595 1111 Sedes
616 1050 805 1126 Apostolica
830 1052 885 1128 pia
909 1053 1025 1122 mater,

235 1162 308 1222 quae
323 1147 466 1208 liliorum
484 1148 571 1208 uteri
588 1149 642 1208 sui
661 1148 813 1209 oblivisci
835 1164 901 1209 non
922 1151 1029 1225 potest

171 1274 174 1285 ·
237 1259 357 1304 acura
377 1244 483 1320 ipsius
507 1261 572 1305 non
598 1244 734 1317 destitit,
762 1261 822 1306 nec
841 1245 931 1306 zelus
955 1249 1028 1323 ejus

236 1340 375 1402 recessit
401 1340 441 1402 ab
466 1340 549 1418 ipsa,
576 1341 711 1402 studens
735 1343 855 1402 vulnus
880 1341 1027 1419 ejusdem

235 1438 469 1514 circumligare
484 1438 609 1509 fasciis,
626 1440 660 1499 et
674 1438 893 1500 medicamine
907 1454 1028 1500 curare

235 1533 372 1595 livorem
396 1536 594 1611 plagamque
613 1536 793 1597 tumentem
813 1537 887 1598 oleo
908 1536 1026 1598 conio-

235 1647 324 1693 vere.
340 1632 433 1692 Unde
443 1632 551 1692 felicis
564 1633 804 1693 recordationis
816 1635 1028 1694 Innocentius

236 1744 321 1805 papa
336 1729 560 1805 praedecessor
574 1731 688 1791 noster
700 1729 740 1789 de
756 1729 1025 1799 reaedilioalione,

235 1842 274 1886 ac
287 1826 378 1887 cultu
391 1827 559 1903 saepedicti
577 1826 724 1903 paradisi
738 1827 914 1899 sollicitus,
932 1843 1027 1887 sacro

236 1923 386 1999 generali
402 1924 516 1984 statuit
533 1923 737 2000 approbante
757 1924 917 1994 Concilio,
939 1926 976 1985 ut
994 1924 1029 1983 in

236 2021 378 2096 singulis
393 2020 504 2095 regnis
526 2021 597 2083 sive
619 2022 801 2097 provinciis
825 2022 866 2082 de
884 2021 1029 2083 triennio

235 2119 270 2177 in
304 2118 494 2187 triennium,
532 2117 624 2179 salvo
653 2122 731 2194 jure
764 2119 1028 2179 dioecasanorum

235 2215 428 2292 pontificum
451 2216 545 2276 deret
569 2231 742 2277 commuue
766 2216 945 2292 capitulum
965 2214 1028 2275 ab·

236 2312 349 2373 batum
364 2314 463 2388 atque
478 2313 626 2387 priorum
643 2312 779 2373 abbates
798 2314 948 2389 proprios
963 2327 1029 2373 non

235 2408 439 2479 habentium,
455 2409 511 2485 qui
526 2425 592 2469 non
607 2410 852 2470 consueverunt
866 2410 933 2470 tale
948 2412 1031 2470 Con·

236 2506 350 2577 cilium
365 2505 545 2577 celebrare,
562 2506 604 2566 ad
624 2506 710 2582 quod
731 2506 879 2566 universi
897 2522 1029 2583 praepe-

236 2603 417 2663 dimentum
436 2618 501 2664 non
522 2603 680 2663 habentes
696 2603 892 2663 canonicum
909 2619 1031 2663 conve-

236 2701 348 2761 nirent
370 2699 457 2776 apud
482 2716 582 2760 unum
605 2700 645 2760 de
667 2701 878 2761 monasteriis
901 2699 943 2761 ad
968 2700 1030 2761 hoc

238 2800 350 2873 aptum
370 2797 545 2858 tractaturi
567 2798 607 2857 de
629 2798 701 2873 ipso
724 2798 758 2857 in
780 2800 900 2860 statum
916 2797 1031 2874 pristi-

238 2912 316 2956 num
333 2895 553 2965 reformando,
571 2897 604 2957 et
623 2894 747 2955 evulsis
765 2910 808 2955 ex
827 2910 866 2956 eo
882 2893 1030 2956 sentibus

237 2994 405 3063 vitiorum,
429 2994 462 3054 et
487 2993 654 3053 destructa
686 2993 778 3053 turre
811 2992 1028 3064 confusionis,

237 3090 323 3150 muri
349 3089 631 3150 reaedificarentur
653 3088 823 3162 destructi,
847 3091 880 3150 et
900 3090 1032 3166 planta-

238 3189 354 3247 rentur
367 3188 455 3247 ineo
470 3186 606 3247 arbores
619 3202 790 3262 generosae
803 3186 941 3248 iacturae
957 3202 1031 3247 um-

237 3283 410 3344 braculum
428 3283 610 3345 cultoribus
625 3283 695 3343 suis
710 3282 751 3343 ab
767 3284 862 3355 aestu,
877 3285 1031 3360 ipsosque

239 3380 413 3447 atarbius,
429 3383 462 3441 et
474 3381 587 3457 pluvia
600 3381 809 3457 proiecturae.
821 3384 944 3442 Verum
957 3397 1032 3458 ope-

239 3480 334 3538 rante
360 3476 417 3538 illo
446 3480 540 3553 cvrjus
564 3477 690 3538 invidia
714 3493 803 3538 mors
833 3478 970 3540 intravit
995 3480 1031 3539 in

239 3574 409 3645 mundum,
426 3573 512 3651 quod
527 3590 592 3636 non
615 3576 688 3635 siue
703 3575 925 3636 amaritudine
938 3591 1032 3636 men·

238 3673 281 3734 tis
301 3672 489 3745 referimus,
501 3687 544 3732 ex
563 3672 798 3733 constitutione
820 3673 976 3748 praedicta
996 3673 1031 3733 in

239 3770 421 3831 memorato
445 3769 593 3832 Concilio
619 3769 732 3831 habita
760 3785 878 3846 parum
910 3770 1030 3841 adhuc,

239 3869 298 3928 aut
319 3867 402 3927 nihil
427 3867 580 3928 utilitatis
602 3866 770 3942 provenit3
797 3882 836 3927 eo
858 3867 945 3943 quod
967 3867 1031 3927 ab-

239 3963 333 4024 hates
352 3966 385 4024 et
405 3964 533 4039 priores
555 3962 691 4024 abbates
710 3964 863 4040 proprios
882 3979 948 4025 non
970 3980 1033 4024 na-

240 4058 372 4130 benteS,
403 4059 623 4133 neglexerunt
650 4059 690 4119 ad
720 4059 910 4135 hujusmodi
939 4062 1033 4137 capi-

239 4156 345 4217 tulum
382 4157 572 4226 convenire,
606 4171 646 4215 ac
679 4154 729 4226 hi,
767 4156 823 4231 qui
852 4157 1032 4233 praesidere

240 4252 381 4313 debeant
402 4252 509 4313 eidem
533 4251 672 4327 cogendi
693 4251 835 4313 rebelles
865 4269 931 4315 non
955 4257 1032 4315 sunt

240 4349 305 4411 visi
342 4348 465 4410 habere
499 4349 645 4425 ailqnam
676 4351 884 4426 potestatem,
920 4353 953 4413 et
983 4352 1032 4412 sic

241 4445 442 4522 usquemodo
471 4446 507 4505 in
532 4448 679 4507 stercore
704 4462 765 4507 suo
799 4450 1031 4524 computruere

235 4545 387 4621 jumenta
408 4544 441 4604 et
454 4542 551 4603 Moab
566 4543 601 4604 in
617 4544 687 4603 suis
707 4542 840 4604 ioetibus
854 4545 1028 4621 requievit.

279 4642 372 4713 Licet
399 4641 502 4716 igitur
533 4640 620 4701 iacta
655 4640 810 4702 videatur
837 4641 1032 4718 desperabi-

240 4740 283 4801 lis
299 4739 398 4816 plaga
419 4741 503 4815 ejns,
516 4738 658 4798 scientes
675 4739 785 4799 tamen
801 4738 886 4814 qnod
900 4754 967 4799 non
981 4741 1032 4800 est

240 4836 434 4899 abbreviata
456 4849 574 4895 manus
598 4835 742 4906 Domini,
759 4838 795 4896 ut
808 4835 941 4898 salvare
964 4851 1031 4897 non

241 4933 347 5011 possit
371 4932 404 4993 et
427 4945 610 5007 excoquere
638 4930 782 4992 scoriam
805 4931 938 5008 eiusad
964 4949 1029 5008 pu-

239 5048 324 5102 rum,
343 5045 405 5091 nec
419 5045 485 5089 non
498 5028 630 5088 auterre
645 5043 742 5089 omne
757 5029 910 5104 stagnum
925 5029 1029 5102 illins,

239 5145 279 5190 ac
294 5128 468 5189 restituere
479 5125 609 5202 judices
629 5127 702 5201 eius
720 5127 757 5185 ut
772 5126 865 5201 prins
884 5126 1028 5199 fuerunt,

239 5227 271 5287 et
286 5224 497 5286 consiliarios
512 5222 600 5283 sicut
610 5222 804 5297 antiquitus,
821 5225 1029 5300 compatien-

237 5326 287 5387 tes
309 5322 483 5383 existimo
504 5319 614 5380 cordis
634 5333 735 5395 super
753 5320 952 5382 contritione
971 5324 1031 5384 Jo-

239 5420 331 5495 seph,
348 5418 455 5480 adhuc
480 5416 737 5492 curationiejus
752 5415 908 5479 duximus
924 5419 1030 5479 insis-

238 5516 385 5587 tendum,
411 5514 602 5576 discretioni
622 5516 743 5575 vestrae
757 5529 823 5590 >per
841 5516 1029 5592 Apostolica

240 5612 362 5689 scripta
376 5612 570 5673 mandantes
581 5612 744 5688 quatenns
759 5612 846 5688 apud
862 5616 1030 5676 monaste-

851 312 1028 374 HONORII
1049 314 1095 373 111
1115 314 1264 375 OPERA.

1814 315 1870 375 rea

1081 472 1170 532 rium
1194 473 1306 534 Sancti
1333 473 1476 549 Remigii
1496 474 1669 536 Remensis
1694 472 1760 534 boc
1787 487 1870 533 anno

1082 570 1348 633 convocantesad
1360 571 1540 647 capitulum
1549 570 1738 641 abbates,et
1746 570 1872 646 priores

1082 680 1148 725 non
1161 665 1319 727 habentes
1335 666 1470 728 abbates
1483 667 1635 744 proprios
1648 668 1717 727 tam
1736 681 1871 740 exemp-

1082 763 1133 821 tos
1161 778 1260 837 quarn
1293 778 1359 823 non
1387 765 1558 840 exemptos
1592 762 1768 825 Remensis
1794 776 1873 837 pro-

1083 857 1201 919 vinciae
1230 860 1287 936 qui
1316 876 1382 921 non
1407 861 1651 921 consueverunt
1685 855 1874 934 huiusmodi

1083 954 1252 1017 celebrare
1292 956 1493 1033 capitulum,
1532 957 1647 1018 venire
1691 956 1735 1017 ad
1771 954 1872 1025 illud,

1082 1049 1258 1113 dnmmodo
1283 1068 1349 1114 non
1374 1054 1441 1114 sint
1470 1053 1705 1130 impedimento
1732 1050 1874 1112 canoni-

1083 1163 1122 1209 co
1153 1149 1348 1225 praepediti,
1393 1150 1574 1211 monitione
1608 1149 1784 1226 praemissa
1816 1162 1877 1223 per

1083 1259 1259 1306 censuram
1287 1246 1550 1308 ecclesiasticam
1575 1245 1706 1306 sublato
1733 1243 1877 1322 cujusli-

1082 1341 1138 1403 bet
1157 1343 1444 1416 oontradictionis,
1460 1345 1493 1405 et
1512 1343 1747 1421 appellationis
1770 1341 1879 1403 obsta·
1960 1338 1961 1343 ’

1082 1439 1158 1500 crrlo
1191 1440 1412 1516 compellatis,
1440 1443 1475 1501 et
1499 1440 1670 1501 advocatis
1702 1439 1878 1500 caritativa

1083 1534 1210 1596 duobus
1247 1537 1479 1599 cirterciensis
1505 1536 1633 1598 ordinis
1660 1535 1784 1597 vicinis
1809 1534 1878 1595 ab·

1083 1631 1224 1703 batibus,
1249 1633 1436 1709 procedatis
1463 1634 1497 1693 in
1527 1632 1751 1695 celebratione
1778 1632 1880 1707 capi·
1960 1632 1961 1711 ζ

1083 1729 1145 1789 tuli
1158 1731 1260 1789 Deum
1274 1729 1434 1791 habentes
1446 1745 1513 1806 prae
1526 1730 1633 1791 oculis
1644 1731 1742 1806 juxta
1757 1729 1883 1789 consti·
1960 1766 1961 1777 ι

1083 1825 1243 1886 tutionem
1256 1828 1381 1887 concili
1397 1828 1586 1902 memorati;
1602 1826 1718 1888 eadem
1734 1839 1882 1885 censura
1960 1820 1961 1907 ᾖ

1084 1922 1215 1995 tacturi,
1242 1941 1316 2001 quae
1342 1925 1378 1985 in
1404 1941 1445 1987 eo
1472 1924 1712 1985 deliberatione
1738 1922 1882 1999 provida
1960 1936 1961 1963 ³

1084 2019 1210 2083 fuerint
1230 2022 1384 2083 ordinata
1399 2022 1538 2083 tirmiter
1550 2020 1732 2090 observari,
1749 2021 1784 2080 et
1800 2019 1884 2080 red-
1960 2066 1961 2099 3

1085 2116 1185 2177 dituri
1200 2119 1351 2190 Domino,
1364 2120 1398 2179 in
1410 2122 1505 2195 cujus
1517 2118 1654 2193 aspectu
1663 2116 1776 2176 omnia
1788 2115 1883 2175 nuda

1085 2218 1161 2275 sunt
1176 2218 1208 2275 et
1223 2217 1338 2291 aperta
1353 2216 1387 2275 in
1405 2218 1553 2276 extremo
1568 2214 1622 2275 die
1634 2212 1778 2274 districti
1791 2227 1883 2273 exa·
1960 2216 1961 2225 ’

1084 2311 1184 2371 minis
1203 2313 1377 2383 rationem,
1402 2313 1431 2373 si
1454 2326 1585 2373 omnem
1607 2309 1881 2380 sollicitudinem,

1085 2410 1118 2470 et
1139 2407 1345 2484 diligentiam
1367 2425 1441 2486 quae
1462 2408 1551 2469 circa
1573 2406 1828 2478 correctionem,
1850 2408 1885 2467 et

1085 2504 1353 2566 reformationem
1372 2506 1510 2577 ordinis,
1528 2504 1886 2566 acrisitationemcce-

1086 2602 1260 2663 nobiorum
1293 2602 1489 2663 adhibendae
1513 2601 1640 2662 inerint
1662 2600 1883 2675 neglexeritis
1960 2590 1961 2605 ¹

1085 2698 1254 2761 adhibere.
1270 2700 1311 2761 Ut
1325 2700 1435 2760 autern
1448 2715 1522 2776 quae
1537 2699 1662 2759 statuta
1673 2698 1884 2758 inerintma·

1084 2797 1136 2872 gis
1147 2797 1325 2858 teneantur
1343 2797 1544 2867 memoriter,
1563 2796 1596 2856 et
1617 2797 1804 2866 serventur,
1821 2810 1884 2855 vo-
1960 2836 1961 2857 1

1086 2894 1195 2955 lumus
1213 2896 1246 2956 et
1262 2894 1470 2965 mandamus,
1482 2896 1519 2954 nt
1537 2891 1729 2968 hujusmodi
1744 2892 1881 2967 capitu·

1087 2990 1155 3051 lum
1178 2991 1212 3051 in
1234 2991 1375 3067 singulis
1392 2991 1505 3065 regnis
1521 2989 1592 3050 sive
1607 2989 1802 3065 provinciis,
1818 3003 1883 3048 an-
1960 3022 1961 3025 =

1086 3089 1139 3148 nis
1158 3087 1309 3163 singulis,
1338 3086 1536 3159 celebretur,
1560 3100 1720 3147 concessa
1746 3085 1796 3146 eis
1825 3086 1880 3162 qui

1086 3186 1126 3247 ad
1136 3182 1642 3261 praesidendumannishrtnris,
1652 3182 1809 3259 capitulis
1824 3198 1881 3243 ce-
1960 3246 1961 3257 p

1086 3278 1881 3349 lebrandisinerintordinaticonvocandiabba·
1960 3272 1961 3325 l

1086 3381 1146 3450 tes,
1170 3380 1203 3441 et
1226 3380 1355 3456 priores
1387 3378 1574 3455 praedictos,
1595 3378 1629 3438 et
1657 3377 1798 3452 cogendi
1824 3392 1881 3437 re-
1960 3438 1961 3449 ,

1085 3476 1200 3547 belles,
1222 3475 1445 3552 appellatione
1466 3474 1660 3551 postposita,
1685 3473 1788 3534 simili
1814 3490 1878 3551 po-

1086 3573 1204 3634 testate
1240 3572 1442 3648 adjacentes,
1471 3573 1507 3631 ut
1539 3570 1569 3630 si
1602 3569 1794 3631 visitatores
1823 3570 1878 3645 qni

1087 3668 1210 3731 luerint
1229 3669 1263 3728 in
1284 3668 1399 3730 eodem
1414 3667 1559 3729 ordinati
1574 3667 1730 3743 capitulo,
1749 3666 1879 3743 aliquos

1086 3768 1256 3843 exemptos
1278 3765 1467 3826 invenerint
1485 3764 1710 3841 deponendos,
1723 3764 1759 3824 id
1772 3767 1879 3840 Apos-

1086 3863 1195 3925 tolicae
1216 3863 1292 3927 Sedi
1312 3878 1379 3923 non
1397 3862 1553 3923 differant
1570 3861 1738 3933 nuntiare,
1754 3862 1789 3921 in
1813 3876 1880 3921 caa-

1085 3961 1167 4021 teris
1173 3961 1271 4037 juxta
1287 3960 1427 4021 formam
1448 3958 1617 4035 saepedicti
1635 3958 1776 4019 Concilii
1795 3974 1877 4035 pro·

1087 4057 1226 4128 cessuri,
1251 4059 1280 4117 si
1309 4056 1394 4118 torte
1418 4056 1633 4117 convertatur
1656 4056 1829 4126 Dominus,
1846 4054 1877 4116 et

1086 4155 1247 4230 ignoscat,
1266 4155 1299 4215 et
1319 4153 1511 4230 relinquens
1527 4156 1601 4229 post
1615 4168 1654 4213 se
1669 4151 1876 4214 benedictio-

1086 4268 1173 4324 nem,
1181 4251 1322 4327 gloriam
1333 4249 1451 4315 Libani
1464 4250 1520 4311 det
1534 4249 1675 4321 deserto,
1689 4250 1723 4311 ei
1736 4248 1876 4310 Carmeli

1086 4349 1249 4410 decorem.
1264 4350 1348 4408 Ecce
1364 4346 1584 4423 praesentibus
1597 4346 1804 4408 ostendimus
1824 4362 1877 4407 re-
1960 4384 1961 4415 i

1085 4444 1877 4522 gularibnssemetipsis,utaquo,inquidetper

1085 4543 1172 4620 quod
1187 4542 1378 4612 ceciderint,
1395 4540 1540 4612 videant,
1556 4541 1755 4616 recogitent,
1770 4542 1804 4602 et
1822 4541 1876 4601 in·
1960 4588 1961 4593 1

1085 4639 1248 4715 telligant,
1272 4652 1312 4699 ac
1336 4653 1410 4698 cum
1436 4637 1544 4713 Magis
1569 4636 1787 4698 offerentibus
1813 4640 1876 4697 Do-

1086 4736 1175 4797 mino
1197 4750 1345 4806 munera,
1360 4750 1420 4811 per
1438 4735 1538 4794 aliam
1553 4734 1643 4794 viam
1659 4734 1695 4793 in
1716 4749 1810 4794 suam
1823 4749 1875 4793 re-

1085 4835 1170 4895 verti
1191 4833 1345 4894 studeant
1365 4833 1549 4906 regionem.
1568 4832 1690 4892 Datum
1709 4830 1871 4900 Laterani,

1085 4934 1129 4992 IX
1145 4930 1306 4991 kalendas
1316 4929 1478 5005 januarii,
1492 4943 1582 4989 anno
1597 4943 1699 4989 nono.

1125 5130 1167 5187 In
1193 5128 1351 5187 alturnam
1373 5128 1513 5185 modum
1539 5126 1711 5197 scriptum
1732 5124 1781 5187 est
1807 5126 1873 5185 Re-

1085 5222 1191 5284 mensi
1217 5222 1479 5298 archiepiscopo,
1500 5222 1533 5282 et
1559 5220 1783 5297 suffraganeis
1803 5224 1873 5297 ejus

1084 5334 1191 5393 usque
1213 5319 1376 5379 decorem.
1393 5318 1555 5389 Quocirca
1574 5316 1785 5379 universitati
1800 5332 1876 5378 res·

1084 5418 1145 5478 trae
1162 5431 1221 5492 per
1232 5414 1423 5492 Apostolioa
1437 5414 1560 5491 scripta
1578 5414 1774 5475 mandamus
1789 5429 1876 5491 prae·

1084 5512 1249 5590 cipiendo,
1263 5512 1426 5589 quatenns
1438 5511 1585 5572 rectores
1600 5511 1873 5573 monasteriorum

1084 5613 1269 5673 vestrarum
1292 5609 1470 5671 dioesesum
1487 5624 1567 5685 qnos
1583 5608 1771 5672 visitatores
1783 5622 1873 5684 prae-
