3886 6214
79 329 132 390 235
677 326 905 395 EPISTOLAE.
930 335 1008 395 LIB.
1031 336 1102 396 vti.

1643 337 1707 397 256.

80 486 188 549 dicitur
199 488 294 560 Βοοο,
310 498 409 564 quam
424 490 555 553 nouiter
577 490 765 554 inhabitare
780 508 852 556 coe-
907 493 1084 569 patratum,
1105 494 1220 557 noster
1234 494 1370 571 expavit
1384 494 1528 566 animus,
1544 508 1603 555 cor
1624 509 1706 556 con-

79 586 194 662 perunt,
211 584 331 661 impetu
343 601 560 661 paganorum,
575 604 636 665 per
659 605 742 666 quos
765 590 851 652 hac·
906 590 1052 661 tremuit,
1083 592 1117 652 et
1141 606 1240 652 aures
1269 606 1313 652 ex
1345 591 1450 668 ipsius
1479 591 1704 653 horribilitate

78 683 163 743 teum
175 683 266 743 vasta
287 683 322 743 et
333 682 464 744 deserta
478 685 672 760 permansit,
700 703 767 749 non
780 688 853 748 sine
908 685 1066 747 facinoris
1078 688 1281 761 tinnierunt;
1299 689 1355 748 sed
1372 705 1414 749 ex
1437 688 1626 750 earumdem
1642 689 1702 750 lit-

78 778 209 856 ipsorum
238 780 340 841 multo
366 781 558 845 discrimine
587 784 767 854 refrenato,
803 790 855 848 est
908 787 1055 844 terarum
1077 785 1245 847 intellecto
1272 787 1399 853 tenore,
1424 801 1522 862 quam
1553 786 1704 849 animose

75 877 135 952 jam
149 892 211 937 non
222 891 346 952 parvus
356 892 517 940 numerus
525 880 726 943 clericorum
743 905 750 943 :
766 884 853 944 unde
908 878 995 938 idem
1009 893 1070 940 rex
1084 879 1306 942 insurrexerit
1322 882 1437 942 contra
1454 880 1554 956 hujus
1567 880 1703 942 sceleris

78 988 164 1051 quum
174 974 261 1035 terra
276 975 359 1051 ipsa,
372 978 471 1053 juxta
494 977 721 1054 indulgentias
736 996 852 1042 eorum
908 976 1106 1051 patratores,
1124 976 1282 1045 dolorem,
1297 993 1395 1055 quem
1409 976 1506 1039 nobis
1521 977 1601 1039 lacti
1615 980 1703 1039 atro-

79 1069 174 1130 ordini
183 1069 223 1131 ab
237 1072 425 1148 Apostolica
440 1074 525 1135 Sede
533 1090 718 1147 concessas,
732 1079 854 1153 praeter
908 1073 991 1133 citas
1007 1072 1129 1143 intulit,
1147 1086 1207 1149 pro
1227 1090 1347 1149 magna
1363 1076 1456 1151 perte
1481 1075 1645 1136 sensimus
1659 1091 1704 1136 01

79 1168 245 1227 Romanum
259 1170 453 1233 Ponhflcem
464 1184 531 1233 non
547 1172 853 1251 habetepiscopum
910 1184 970 1229 sua
984 1168 1157 1245 diligentia
1172 1171 1369 1247 mitigatum.
1390 1172 1520 1232 Eaedem
1538 1188 1619 1233 sane
1640 1172 1701 1234 lit·

77 1264 121 1325 vel
145 1264 325 1339 prelatum,
359 1267 599 1344 supplicarunt,
633 1273 668 1332 ut
704 1271 853 1349 praelatis
906 1268 988 1327 terae
999 1266 1225 1340 continebant,
1238 1268 1323 1344 quod
1334 1270 1407 1330 orta
1420 1269 1508 1330 inter
1517 1268 1703 1331 recolendae

78 1360 450 1439 clericisprorideremus
462 1366 789 1445 archipresbyterum
799 1370 853 1431 vel
908 1365 1076 1425 memoriae
1100 1367 1138 1427 A.
1168 1364 1409 1428 cathanensem
1441 1365 1631 1441 episcopum
1659 1380 1703 1428 ex

78 1457 231 1531 decanmm
245 1459 287 1521 ad
297 1476 395 1537 quem
408 1463 538 1538 possint
547 1463 671 1527 habere
679 1481 853 1528 recursum
908 1462 1001 1537 parte
1020 1477 1098 1533 una,
1120 1464 1153 1523 θῑ
1176 1462 1399 1539 Pir00hiflss08
1424 1478 1502 1524 SUOS
1521 1477 1565 1524 ex
1582 1462 1700 1535 altera,

77 1570 163 1632 super
174 1557 411 1633 quaestionibus
426 1562 672 1635 emergentibus
680 1563 769 1624 inter
780 1579 849 1635 eos,
908 1573 1009 1634 super
1023 1557 1160 1619 decimis
1175 1560 1208 1622 et
1220 1559 1296 1619 alita
1310 1559 1529 1621 cathenensis
1550 1560 1701 1622 ecclesiae

77 1652 166 1715 donec
178 1654 282 1731 ipsius
296 1656 395 1717 terrae
413 1658 554 1733 populus
579 1659 615 1719 iu
634 1659 775 1732 tantum,
791 1676 855 1722 an·
903 1655 1036 1730 juribus
1067 1657 1262 1733 (luaestimle,
1297 1657 1436 1734 ipsaque
1463 1657 1497 1717 iss
1525 1658 1703 1735 Praesessffia
1807 1704 1813 1715 ι

77 1751 181 1813 ruente
194 1752 346 1826 Domino,
370 1756 611 1829 augmentetur,
637 1757 723 1834 quod
738 1758 788 1819 eis
812 1760 853 1820 de
908 1752 997 1828 regis
1018 1753 1123 1829 ipsius
1149 1753 1369 1815 mediantibus
1401 1754 1596 1830 quibusdam
1623 1770 1702 1832 per-

76 1848 192 1924 pmprio
206 1849 313 1926 possit
335 1852 489 1928 episcopo
510 1853 690 1929 provideri.
708 1856 853 1933 Ideoque
908 1848 999 1909 sonis
1022 1848 1259 1911 ecclesiasticis
1280 1849 1448 1911 amicabili
1463 1852 1702 1927 compositione

77 1944 337 2010 rnernrctituae
352 1950 614 2026 parapostolica
628 1953 750 2029 scopia
763 1969 855 2014 man·
908 1946 1699 2025 sopita,reueuntetanoemepiscopoaupropna,

77 2043 185 2116 damus,
201 2045 366 2122 quatenus
378 2045 532 2109 idoneam
546 2064 722 2124 personam
737 2050 798 2112 tibi
811 2051 852 2112 ab
907 2043 1045 2122 ipsoque
1061 2058 1139 2120 Pege
1161 2044 1195 2104 in
1221 2045 1374 2120 Angliflm
1392 2060 1452 2121 ΡΝ)
1465 2044 1578 2106 arduis
1605 2046 1700 2122 regni

76 2139 145 2216 ipsis
157 2141 315 2204 tratribus
337 2144 571 2219 praesentatam
587 2146 661 2209 vice
688 2148 852 2210 nostruin
908 2141 958 2199 sui
974 2140 1116 2216 11030ffi³
1145 2143 1353 2218 imperante,
1377 2142 1478 2202 iidem
1503 2143 1702 2221 parochiani

75 2237 384 2315 archipresbyterum
414 2240 467 2302 vel
495 2241 658 2304 decanum
688 2244 852 2320 praeflolas
908 2237 1062 2315 tanquam
1078 2238 1157 2299 moti
1170 2238 1330 2300 adversus
1353 2254 1441 2311 eum,
1458 2239 1535 2316 quia
1551 2239 1701 2302 ecclesiae

76 2332 189 2395 clericis
211 2336 401 2399 antedictis.
418 2338 536 2400 Datum
551 2341 719 2406 Laterani,
733 2344 763 2403 11
778 2342 853 2405 idus
907 2351 976 2396 8¹1ae
996 2350 1131 2396 causam
1157 2337 1271 2412 egerat
1296 2338 1412 2398 00ssir³
1437 2337 1539 2414 ipsos,
1564 2338 1599 2397 in
1622 2354 1702 2414 1³³8·

75 2432 213 2507 iauuarii,
229 2432 444 2511 pontificatus
457 2436 563 2497 nostri
587 2452 675 2499 anno
697 2438 850 2517 septimo.
908 2433 1011 2493 torem
1033 2432 1121 2508 pium
1136 2433 1208 2509 lupi
1222 2448 1372 2509 rapaces,
1400 2434 1579 2511 inpetrem
1600 2434 1701 2510 dege-

908 2544 1005 2589 neres
1019 2528 1092 2600 filii,
1110 2530 1195 2592 acin
1208 2530 1374 2591 Christum
1390 2532 1564 2592 Dominum
1577 2531 1701 2592 diaboli

907 2625 1067 2686 satellites
1089 2626 1270 2700 irruentes,
1287 2644 1362 2689 eum
1384 2627 1533 2690 vestibus
1557 2629 1700 2706 propriis

907 2722 1094 2799 spoliatum,
1124 2739 1258 2794 caesum,
1291 2724 1473 2803 lapidatum
1504 2726 1537 2787 et
1564 2725 1701 2803 bipenni

907 2819 1117 2882 uulneratum
1133 2820 1174 2882 ad
1190 2820 1341 2894 mortem,
1362 2823 1397 2883 in
1410 2823 1552 2901 coquina
1566 2825 1701 2901 propria

908 2920 980 2994 ejus
993 2917 1148 2980 interitus
1161 2919 1260 2980 nimis
1274 2920 1364 2981 aridi
1377 2922 1619 2984 cremaverunt.
1629 2924 1703 2984 Rex

906 3030 987 3076 vero
1001 3015 1171 3092 praelatus,
1187 3016 1245 3093 qui
1257 3016 1472 3092 proficiscens
1498 3018 1534 3078 in
1546 3018 1701 3094 angliam

902 3113 974 3188 jam
989 3111 1031 3173 ad
1050 3111 1201 3173 extrema
1223 3113 1319 3189 regni
1334 3113 1388 3173 sui
1402 3109 1623 3190 peruenerat,
1637 3114 1704 3176 hoe

907 3208 1032 3281 audito,
1062 3209 1177 3271 dolens
1210 3209 1244 3273 et
1276 3225 1320 3271 ex
1355 3211 1448 3272 tanta
1480 3212 1701 3287 perversitate

907 3304 1044 3367 sceleris
1064 3306 1290 3378 conturbatus,
1318 3306 1360 3367 ad
1382 3307 1617 3373 vindicandam
1631 3309 1701 3370 tam

907 3402 1074 3464 crudelem
1086 3398 1232 3481 'episcopi
1243 3400 1486 3478 dicti'mortem
1502 3406 1589 3466 etad
1614 3406 1701 3468 male

371 2774 538 2862 XLVIII

120 2924 166 2984 Ad
183 2926 454 2986 Gleswecsem...
474 2929 748 2989 hacheldemach
766 2928 799 2989 et

203 3024 494 3085 Dcmblanccsem
513 3027 698 3099 episcopos.

324 3153 357 3211 13
368 3152 493 3225 junuarii
507 3153 586 3211 leat.

196 3275 328 3340 [I'heincr¹
342 3278 455 3327 hlonum.
467 3275 611 3340 ilungariae,
620 3292 647 3342 p.
660 3276 713 3342 ah]

75 3396 211 3470 ludicius,
222 3409 253 3458 ut
264 3402 296 3458 in
311 3401 439 3474 episcopi
454 3400 643 3461 Celhanensis
657 3401 853 3461 interfectores

104 3501 193 3546 serere
205 3488 446 3557 animadvertunt,
459 3490 578 3563 regique
590 3492 738 3549 Scotorum
751 3490 851 3549 borum

103 3575 267 3649 impietatem
296 3578 453 3636 ulciscendi
477 3578 571 3637 studio
591 3579 724 3653 flagranti
749 3587 852 3653 praesto

103 3663 160 3723 sint.

107 3791 262 3855 Honorius
271 3792 460 3869 episcopus,
471 3808 588 3855 servus
596 3808 770 3856 servorum
778 3794 850 3868 Dei,

75 3888 304 3951 venerabilibus
338 3889 495 3952 fratribus
530 3892 643 3953 Sancti
673 3892 850 3953 Andreae...

76 3982 280 4049 dlaswensi...
303 3987 529 4049 Dunkeldensi
555 3989 589 4050 et
615 3988 852 4050 humblanensi

76 4079 233 4160 episcopis,
249 4085 392 4146 salutem
407 4086 441 4146 et
451 4085 678 4161 Apostolicam
691 4085 851 4148 benedic·

75 4175 192 4241 tionem.

108 4275 194 4339 Nunc
212 4280 338 4341 scimus
356 4294 447 4351 aare,
475 4279 560 4358 quod
588 4281 784 4342 carissimus
816 4281 852 4342 in

76 4370 286 4438 christodlius
298 4377 519 4439 noster...rex
530 4379 703 4440 Scotorum
713 4379 853 4440 illustris

76 4467 109 4528 ad
125 4472 299 4536 vindictam
321 4473 584 4546 malefactorum,
614 4475 747 4537 laudem
773 4491 853 4538 vero

61 4560 229 4642 bonorum,
245 4570 403 4632 traditam
420 4571 484 4631 sibi
507 4587 528 4632 a
543 4572 684 4634 Domino
697 4577 853 4636 exerceat

74 4663 261 4740 potestatem,
279 4684 379 4746 quum
397 4669 591 4729 commissas
606 4668 641 4729 in
661 4685 765 4745 regno
792 4685 852 4732 suo

74 4763 221 4836 nequitias
230 4779 297 4826 non
306 4764 654 4842 patiaturimpunitas.
668 4768 686 4828 J
689 4781 743 4827 am
753 4767 852 4843 plene

74 4862 299 4934 cognoscimus,
323 4862 409 4939 quod
433 4860 620 4924 libertatem
649 4863 854 4925 ecclesiasti-

75 4965 135 5014 cam
159 4956 285 5033 diligat,
313 4975 414 5036 quum
443 4974 513 5020 suae
542 4962 694 5021 auctores
718 4961 853 5037 injuriae

75 5056 289 5130 prosequatur.
304 5058 322 5118 J
325 5070 378 5117 am
393 5071 510 5117 reuera
521 5056 630 5132 ipsum
641 5057 700 5118 Dei
711 5057 853 5120 latemur

75 5145 201 5211 adlatam
217 5150 418 5231 (athletam),
435 5169 536 5229 quum
553 5153 594 5214 ad
616 5154 851 5216 vindicandum

74 5247 254 5320 sanguinem
267 5250 384 5312 christi
399 5253 484 5327 ejus,
501 5251 558 5327 qui
572 5252 714 5313 deterre
731 5252 853 5315 clamat

75 5338 109 5399 ed
129 5343 243 5419 ipsum,
263 5347 429 5423 regalibus
445 5348 586 5423 negotiis
604 5350 849 5424 praetermissis,

74 5432 218 5501 intendat.
234 5443 351 5505 Audito
367 5443 500 5521 quidem
524 5459 567 5505 ex
578 5444 699 5505 litteris
718 5448 849 5519 vestris,

75 5546 162 5607 quam
174 5538 418 5601 abhorrendum
444 5540 585 5615 lacinus,
602 5558 768 5619 quamque
794 5544 853 5605 de·

75 5628 213 5696 testahlle
237 5638 358 5700 malum
382 5637 506 5701 dudum
533 5638 577 5701 sit
603 5640 638 5701 in
660 5655 765 5717 regno
791 5657 860 5708 suo.

907 3500 1110 3577 perdendum
1131 3501 1248 3573 malos,
1266 3502 1323 3578 qui
1342 3498 1494 3563 eumdem
1510 3502 1701 3581 episcopum

907 3597 956 3657 sic
971 3597 1193 3674 perdiderant,
1208 3614 1344 3675 prorsus
1356 3601 1582 3677 omissis,quae
1593 3600 1700 3677 ipsum
1720 3680 1724 3689 ‚

906 3692 1093 3767 trahebant,
1110 3695 1264 3771 negotiis,
1280 3712 1317 3757 se
1331 3697 1483 3773 protinus
1498 3697 1700 3759 exercitibus

907 3791 977 3852 suis
1008 3791 1157 3853 collectis
1188 3792 1346 3865 accinxit,
1379 3794 1491 3870 aperte
1512 3793 1698 3866 insinuans,

907 3887 993 3964 quod
1009 3902 1085 3949 eum
1103 3886 1229 3966 injmia
1242 3889 1364 3950 Christi
1379 3892 1492 3964 angat,
1515 3891 1548 3952 et
1562 3905 1631 3952 suae
1645 3906 1702 3951 ze-

908 3984 995 4045 letur
1010 3985 1161 4047 ecclesiae
1179 3985 1377 4058 libertatem,
1395 4002 1455 4062 pro
1479 3989 1574 4064 quus
1589 3986 1704 4048 delen-

908 4082 1003 4143 sione
1017 4084 1157 4144 mortem
1170 4082 1272 4145 subiit
1290 4083 1464 4160 episcopus
1485 4088 1700 4147 memoratus.

908 4181 977 4240 Nos
1000 4193 1080 4256 ergo
1091 4182 1188 4258 juxta
1211 4181 1465 4258 postulationem
1480 4182 1624 4244 vestram
1645 4183 1701 4260 ip-

908 4277 978 4339 sius
991 4278 1082 4353 regis
1096 4293 1197 4355 super
1211 4278 1275 4341 hoc
1287 4278 1519 4341 excellentiam
1529 4296 1701 4342 commen-

908 4374 1038 4447 dantes,
1055 4390 1095 4437 ac
1109 4378 1346 4453 prosequentes
1369 4376 1556 4438 actionibus
1576 4378 1704 4454 gratia-

908 4484 984 4532 rum
1000 4488 1076 4534 eum
1091 4473 1287 4550 perscripta
1311 4475 1425 4535 nostra
1451 4475 1651 4547 monuimus,
1667 4478 1704 4538 ut

907 4571 1113 4648 assumptum
1137 4570 1342 4648 propositum
1366 4571 1560 4644 ulciscendi,
1575 4576 1643 4634 Deo
1668 4575 1703 4635 et

907 4666 1065 4729 Ecclesiae
1080 4683 1181 4744 super
1194 4667 1258 4729 hoc
1271 4668 1400 4729 illatam
1420 4669 1578 4745 inluriam
1600 4670 1704 4731 ulcis·

908 4763 1012 4825 cendo
1024 4763 1138 4826 taliter
1151 4766 1382 4842 prosequatur,
1395 4766 1481 4843 quod
1501 4783 1560 4843 pro
1575 4781 1615 4827 eo
1628 4767 1702 4843 ipsa‘

906 4862 1059 4923 teneatur
1094 4862 1242 4924 Ecclesia
1264 4861 1324 4924 Dei
1351 4864 1614 4925 misericordiam
1640 4865 1705 4925 im·

907 4959 1050 5035 plorare,
1067 4959 1105 5019 ut
1116 4974 1247 5035 semper
1259 4960 1313 5031 sit,
1329 4959 1528 5038 ubicumque
1542 4954 1701 5033 ambulat,

906 5056 978 5133 ipse
991 5070 1115 5125 secum,
1131 5057 1165 5117 et
1178 5057 1213 5117 in
1226 5059 1389 5119 aeternum
1402 5059 1710 5135 stabiliatregnum.

907 5169 1014 5225 suum,
1033 5152 1200 5231 faciatque
1224 5155 1288 5217 sibi
1303 5170 1424 5217 nomen
1446 5156 1583 5230 grande,
1606 5171 1645 5217 ac
1659 5156 1702 5217 all

907 5250 1059 5313 omnibus
1073 5252 1143 5312 suis
1159 5252 1305 5313 inimicis
1318 5253 1349 5313 ei
1364 5254 1513 5329 requiem
1525 5254 1700 5329 largiatur.

907 5350 1014 5420 Quum
1030 5349 1152 5418 autem,
1169 5350 1256 5421 sicut
1278 5351 1316 5415 in
1336 5350 1455 5413 litteris
1470 5350 1703 5413 continebatur

907 5444 1043 5517 eisdem,
1060 5460 1120 5507 scs
1136 5446 1326 5523 hujusmodi
1351 5445 1536 5522 iniquitatis
1547 5450 1701 5510 auctores

907 5544 941 5603 et
963 5541 1110 5603 lautores
1132 5559 1246 5603 eorum
1275 5542 1406 5620 publice
1426 5542 1701 5613 denuntiaveritis

908 5638 1262 5712 excommunicationis
1297 5638 1470 5703 senentis
1503 5640 1699 5722 subjacere:
