3972 6204
1637 186 1647 216 l

1666 256 1727 317 862

37 219 133 314 'aas

698 250 926 313 EPISTOLAE.
950 252 1028 313 LIB.
1054 254 1111 315 IX.

77 404 241 486 subditas,
254 413 328 475 sine
336 416 531 491 cujusquam
541 409 765 490 prohibitione
775 411 876 474 liceat
972 412 1092 475 Datum
1104 409 1238 485 Tibure,
1254 426 1315 488 per
1333 426 1467 474 manum
1482 415 1638 491 magistri
1645 416 1728 478 Gui-
1749 440 1753 449 ¹

75 510 393 587 robis-regulariter
404 509 568 587 judicare.
932 508 1039 581 donis,
1056 510 1182 571 domini
1196 525 1292 587 papae
1318 510 1452 585 notarii,
1469 514 1530 575 Vll
1542 512 1610 574 kal.
1623 514 1724 590 junii,

117 605 875 685 InsuperauctoritateApostolicainhibemus,
931 606 1113 668 indictione
1149 609 1236 680 Xlll,
1273 610 1517 671 incarnationis
1544 611 1727 673 Dominicaa

77 721 121 767 ne
147 705 223 782 quis
249 704 534 781 archiepiscopus,
558 702 612 765 vel
638 704 813 780 episcopus
834 703 877 765 ad
932 718 1019 765 anno
1045 704 1230 777 Mccxxv,
1258 706 1472 781 pontificatus
1493 723 1576 772 vero
1599 708 1726 771 domini

76 805 321 867 monasterinm
345 803 492 865 uestrum
518 801 654 863 accedat
672 816 773 862 causa
786 800 878 862 ordi·
931 802 1071 862 Honorii
1086 816 1181 881 papae
1194 804 1240 863 ΙΙΙ
1256 818 1343 865 anno
1358 820 1458 867 nono.

77 903 144 971 nis,
159 901 214 963 rel
228 902 349 962 missas
366 899 516 977 publicas
536 897 738 970 celebrandi,
754 897 820 959 nisi
835 896 876 959 ab

76 998 199 1061 abbate
215 997 316 1060 luerit
329 998 501 1059 invitatus.
514 996 734 1074 Praecipimns
752 996 874 1067 autem,

75 1094 214 1173 nequis
240 1094 400 1172 populum
416 1094 458 1155 ad
474 1092 714 1154 monasterium
728 1092 877 1153 restrum
1244 1063 1416 1151 CLXVII

76 1191 132 1253 rel
148 1194 223 1268 ejus
245 1190 406 1251 ecclesias
420 1188 590 1261 accedere,
607 1189 665 1250 aut
687 1191 760 1266 ejus
774 1186 878 1248 bene-
931 1211 983 1270 Ad
997 1211 1222 1272 (pennensem
1236 1213 1270 1273 ep
1284 1215 1461 1275 Albensem
1473 1216 1677 1291 proeposipos
1691 1219 1726 1279 et

77 1287 169 1358 ficia,
200 1303 274 1364 quae
296 1286 464 1348 voluerint
493 1302 537 1347 ex
559 1285 722 1347 charitate
746 1284 874 1361 largiri,
1161 1310 1316 1371 abbatem
1330 1314 1372 1372 de
1385 1315 1489 1374 pelis·

77 1383 262 1463 prohibere
276 1384 476 1460 praesumat;
501 1383 557 1444 sed
574 1398 614 1444 ea
637 1382 876 1443 monasterium
1219 1440 1254 1497 ῃ
1273 1440 1342 1497 maii
1358 1440 1428 1498 1225

74 1483 190 1559 ipsum
203 1481 347 1557 gaudeat
360 1480 524 1552 libertate,
536 1496 599 1558 qua
608 1478 730 1557 gaudet
742 1493 877 1540 monas·
1430 1483 1437 1496 ·

77 1579 203 1640 terium
218 1579 426 1650 cassinense,
439 1577 527 1640 sicut
541 1593 560 1639 a
573 1574 876 1655 praedecessoribus
1040 1560 1070 1622 [Ρ
1071 1560 1129 1624 ⁰1⁰¹·
1143 1560 1204 1640 coc.
1224 1561 1288 1626 ‘51³¹¹
1302 1563 1448 1627 uulgaria,
1462 1565 1505 1625 111,
1521 1579 1550 1625 ¹¹,
1563 1566 1617 1632 381

77 1674 207 1738 nostris
219 1675 327 1737 eidem
351 1676 555 1737 monasterio
572 1675 623 1736 est
634 1674 811 1735 indultum.
827 1673 876 1734 Ad

78 1774 154 1834 haec
182 1773 329 1845 mitram,
340 1773 470 1850 uirgam
485 1771 698 1849 pastoralem,
716 1770 877 1832 annnlnm

78 1872 112 1932 et
124 1870 194 1933 alia
215 1869 374 1945 insignia,
394 1886 468 1947 quae
491 1885 512 1930 a
535 1869 756 1946 quadraginta
778 1869 876 1929 annis

78 1968 170 2029 retro
198 1966 335 2029 abbates
370 1967 564 2030 monasterii
599 1966 715 2038 vestri,
739 1966 797 2044 qui
816 1981 876 2043 pro

78 2069 229 2141 tempore
244 2062 461 2140 praefuerunt,
478 2081 521 2125 ex
533 2064 749 2126 concessione
759 2065 877 2125 Roma-

77 2160 876 2238 norumpontiticumhabnissenoscuntur,vobis
970 2164 1149 2237 Honorius,
1167 2166 1229 2227 etc.

78 2261 113 2321 et
123 2259 330 2320 monasterio
345 2261 456 2321 uestro
474 2248 673 2323 auctoritate
686 2258 876 2335 Apostolica
970 2259 1056 2319 Olim
1080 2260 1193 2322 dilecti
1214 2261 1334 2324 iratres
1356 2264 1541 2341 Hospitalis
1561 2264 1725 2330 Hieroso-

77 2356 330 2418 confirmamus.
351 2356 499 2419 Obennte
522 2372 602 2419 uero
623 2358 656 2421 te
671 2372 760 2417 nunc
779 2360 876 2435 ejus·
930 2355 1083 2433 lymitani
1105 2358 1146 2419 de
1168 2359 1351 2435 Hungaria,
1369 2377 1429 2421 sua
1451 2361 1548 2422 nobis
1567 2363 1727 2440 petitione

77 2454 153 2515 dem
162 2453 231 2514 loci
246 2453 365 2515 abbate
379 2455 431 2517 vel
444 2455 576 2516 tuorum
589 2454 736 2532 quolibet
749 2470 877 2515 succes·
930 2455 1170 2527 monstrarunt,
1194 2455 1281 2532 quod
1297 2474 1397 2534 quum
1412 2472 1548 2520 causam
1568 2460 1655 2524 inter
1672 2464 1738 2540 ip·-

77 2567 209 2623 sorum,
224 2550 334 2612 nullus
352 2551 399 2612 ibi
414 2551 562 2629 qualibet
576 2551 801 2629 subreptionis
816 2567 875 2613 as·
931 2564 986 2610 sos
1002 2565 1044 2611 ex
1058 2553 1153 2627 parte
1174 2569 1251 2626 una,
1270 2556 1303 2616 et
1316 2553 1469 2616 abbatem
1488 2559 1520 2617 S.
1535 2558 1671 2620 Martini
1686 2559 1727 2620 de

930 1683 979 1741 llis
988 1697 1105 1742 causam
1116 1685 1190 1743 inter
1201 1684 1303 1744 iratres
1313 1687 1463 1761 hospitalis
1476 1691 1727 1764 Hierosolymitani

965 1786 1001 1828 ex
1020 1780 1100 1845 parte
1118 1789 1175 1831 una
1194 1782 1223 1832 et
1242 1777 1350 1845 Uriam,
1367 1777 1543 1837 abbatatus.
1561 1781 1675 1839 Martini
1690 1781 1726 1839 de

967 1861 1125 1930 Pannonia,
1141 1864 1325 1923 Gueuriensis
1340 1864 1471 1924 dioecesis
1486 1882 1521 1924 ox
1533 1868 1621 1926 altera
1639 1885 1727 1942 super

966 1948 1136 2020 qubusdam
1150 1949 1270 2010 decimis
1283 1952 1332 2010 diu
1348 1954 1519 2026 pendentem
1534 1955 1726 2016 deliniendam

965 2040 1128 2096 committit

77 2648 178 2721 tutia,
205 2662 266 2708 sen
277 2648 437 2712 uiolentia
450 2650 675 2727 praeponatur,
693 2648 761 2709 nisi
779 2664 877 2726 quem
931 2649 1116 2717 Pannonia,
1133 2651 1349 2712 Gneuriensis
1368 2652 1534 2725 dioecesis,
1551 2670 1594 2715 ex
1608 2655 1725 2728 altera,
1831 2652 1836 2659 “

77 2743 205 2806 iratres
220 2746 386 2807 communi
400 2762 565 2808 consensu
580 2747 634 2808 vel
649 2745 788 2807 fratrum
799 2761 877 2822 pars
932 2760 1034 2821 super
1053 2746 1250 2825 quibusdam
1275 2748 1424 2821 decimis,
1449 2766 1562 2811 coram
1585 2753 1727 2814 dirersis

77 2842 221 2919 majoris
230 2843 262 2905 et
272 2843 417 2906 sanioris
428 2843 570 2917 consilii,
581 2844 763 2905 secundum
774 2846 876 2904 Deum
926 2841 1108 2917 jndicibus,
1122 2859 1142 2904 a
1159 2843 1243 2906 Sede
1255 2846 1445 2921 Apostolica
1461 2846 1634 2924 delegatis,
1652 2849 1729 2909 diu-

78 2941 157 3001 etB.
169 2941 348 3015 Augustini
361 2942 522 3018 regulam,
535 2941 741 3017 providerint
750 2940 879 3016 eliger·
930 2938 998 2999 tius
1025 2940 1206 3015 agitatam,
1239 2942 1371 3002 demum
1402 2943 1443 3003 de
1473 2947 1728 3021 procuratorum

78 3024 878 3115 dum.Decernimusergoutnulliomiinonomi-
932 3036 1104 3113 utriusque
1127 3038 1233 3114 partis
1258 3053 1398 3099 assensu
1421 3042 1606 3117 venerabili
1630 3042 1727 3105 fratri

78 3148 162 3196 num
178 3134 280 3196 liceat
299 3134 473 3211 praelatum
494 3135 732 3198 monasterium
753 3136 878 3197 temere
931 3135 1045 3195 nostro
1058 3134 1309 3212 archiepiscopo
1325 3136 1497 3199 colocensi
1518 3141 1551 3201 et
1575 3141 1728 3217 conjudi-

78 3231 878 3310 pertnrbareauteJuspossessionesauierre,vel
932 3230 1025 3292 cibus
1041 3232 1110 3293 suis
1123 3232 1349 3293 commisimus
1365 3233 1453 3296 infra
1471 3237 1596 3297 certum
1608 3238 1727 3299 termi-

78 3329 222 3391 abbatas
236 3329 393 3399 retinere,
421 3331 574 3392 minuere
598 3347 657 3392 seu
677 3330 880 3408 quibuslibet
933 3345 1011 3388 num
1025 3328 1251 3402 decidendam,
1267 3332 1300 3392 et
1311 3330 1394 3407 ipsis
1407 3334 1549 3410 receptis
1565 3350 1604 3395 ac
1619 3335 1729 3412 publi-

77 3426 318 3490 vexationibus
343 3427 495 3503 fatigare,
521 3427 578 3489 sed
608 3427 719 3489 omnia
747 3428 878 3505 integra
932 3426 1015 3487 catis
1030 3428 1174 3505 partium
1187 3428 1328 3490 testibus
1342 3431 1470 3491 tantum
1485 3433 1730 3508 processissent

79 3525 334 3595 conserventur,
351 3540 465 3586 eorum
480 3541 540 3601 pro
553 3541 693 3603 quornm
707 3525 877 3601 guberna·

79 3622 174 3683 tione
189 3622 222 3683 et
232 3623 474 3684 sustentatione
488 3638 646 3684 concessa
660 3623 755 3695 sunt,
762 3621 879 3683 usibus

80 3719 286 3781 omnimodis
302 3720 486 3795 profutura,
501 3720 593 3782 salva
608 3721 702 3782 Sedis
716 3720 881 3797 Apostoli·

79 3833 130 3879 cae
140 3816 399 3890 auctoritate,ac
411 3818 688 3891 inecclesiis,non
703 3818 877 3895 exemptis,

79 3914 350 3975 dioecesanorum
377 3915 609 3992 episcoporum
635 3916 796 3978 canonica
823 3931 880 3976 ra-

81 4012 178 4073 tione
189 4010 334 4089 justitia.
351 4011 385 4072 Si
401 4013 476 4089 quis
486 4012 590 4088 igitur
600 4013 635 4073 in
654 4012 802 4073 futurum
818 4027 878 4073 ec-

80 4108 276 4171 clesiastica
285 4109 498 4172 saecularisve
509 4109 747 4186 personabano
755 4110 878 4171 nostrae

933 3524 967 3584 in
994 3540 1033 3585 ea
1057 3525 1142 3602 quod
1165 3542 1233 3587 non
1256 3526 1415 3595 restabat,
1441 3529 1506 3589 nisi
1529 3530 1739 3592 sententiam·

933 3620 1164 3698 promulgare3
1190 3622 1269 3700 quia
1290 3640 1351 3700 par
1372 3625 1608 3701 negligentiam
1623 3628 1728 3703 partis

933 3716 1072 3778 alterius
1086 3722 1193 3794 ipsam
1207 3719 1401 3792 terminare,
1424 3719 1510 3781 infra
1533 3738 1743 3798 expressum

934 3813 968 3873 in
992 3815 1112 3876 litteris
1136 3815 1261 3876 nostris
1290 3816 1470 3877 terminum
1494 3819 1727 3895 nequiverunt,

934 3911 1083 3972 eamdem
1094 3911 1133 3972 ad
1151 3927 1212 3972 nos
1227 3913 1430 3975 remiserunt
1442 3914 1648 3977 sufficienter
1663 3917 1730 3976 ins·

933 4010 1086 4081 tructam,
1103 4008 1242 4085 praefixo
1261 4009 1411 4087 partibus
1434 4011 1577 4073 termino
1593 4029 1729 4090 compe-

934 4105 1027 4178 tenti,
1040 4122 1104 4183 quo
1120 4122 1156 4167 se
1173 4109 1308 4183 propter
1330 4107 1392 4169 hoc
1408 4111 1522 4171 nostro
1537 4111 1730 4188 conspectui

80 4206 334 4269 constitutionis
353 4208 509 4284 paginam
533 4207 654 4276 sciens,
676 4207 792 4268 contra
804 4221 878 4268 eam
933 4204 1194 4279 praesentarent3
1211 4204 1251 4265 ad
1268 4221 1366 4282 quem
1381 4204 1489 4268 dictus
1511 4206 1613 4267 abbas
1629 4208 1729 4285 quum

78 4307 212 4366 temere
234 4303 350 4365 uenire
374 4303 562 4375 tentaverit,
579 4304 723 4365 secundo
737 4303 879 4365 tertiove
933 4317 994 4362 nec
1009 4300 1124 4364 venire
1139 4303 1299 4373 curasset,
1317 4318 1378 4363 nec
1400 4304 1531 4365 mittere
1546 4320 1728 4383 responsa-

80 4401 299 4473 commonita,
312 4401 377 4462 nisi
397 4404 526 4463 reatum
542 4418 639 4462 suum
661 4417 808 4477 congrua
822 4417 879 4461 sa·
934 4398 999 4459 lem
1013 4398 1264 4474 procuratorem
1279 4399 1438 4475 ipsorum,
1451 4402 1508 4477 qui
1519 4403 1654 4479 propter
1666 4403 1729 4465 hoc

78 4497 277 4562 tisiactione
290 4499 485 4571 correxerit,
501 4498 674 4576 potestatis
687 4499 879 4574 dignitatis·
933 4495 1020 4572 apud
1042 4495 1266 4570 apostolicam
1283 4496 1400 4557 Sedem
1423 4499 1574 4561 traxerat
1596 4499 1729 4575 longam

81 4611 151 4676 que
167 4612 238 4657 snae
250 4597 363 4658 careat
384 4596 522 4668 honore,
547 4608 705 4674 reamque
717 4612 753 4657 se
766 4596 879 4657 diuino
933 4608 1072 4665 moram,
1089 4593 1238 4668 petentes
1252 4594 1289 4653 ut
1303 4592 1369 4653 sibi
1383 4593 1517 4655 retundi
1543 4595 1729 4659 faceremus

75 4692 213 4773 judicio
247 4693 392 4755 existere
418 4694 459 4755 de
486 4696 677 4772 perpetrata
704 4693 880 4771 iniquitate
934 4704 1110 4766 expensas,
1126 4705 1209 4766 quas
1232 4689 1369 4751 inutiles
1391 4691 1582 4754 reddiderat
1600 4693 1728 4755 abbatis

81 4789 278 4867 cognoscat,
309 4791 342 4851 et
367 4805 387 4850 a
416 4791 643 4851 sacratissimo
681 4804 820 4867 corpore
848 4790 881 4851 et
934 4786 1137 4862 negligentia
1172 4786 1367 4863 supradicti.
1397 4789 1468 4849 Nos
1503 4792 1578 4850 acta
1608 4789 1729 4867 judicii

80 4887 322 4963 sanguineDei
335 4887 367 4949 et
381 4888 512 4948 Domini
525 4887 756 4964 Redemptoris
776 4886 881 4949 nostri
934 4884 1084 4961 ejnsdem
1101 4883 1269 4960 judicibus
1284 4884 1344 4945 sub
1359 4885 1450 4948 bulla
1472 4887 1586 4948 nostra
1607 4889 1728 4950 remit-

78 4989 167 5050 lesu
182 4984 306 5046 Christi
326 4985 435 5046 aliena
456 4985 524 5058 flat,
554 4987 653 5063 atque
672 4984 707 5044 in
732 4985 880 5046 extremo
934 4983 1041 5044 tentes
1068 4982 1215 5054 inclusa,
1246 4983 1296 5043 eis
1322 4998 1382 5060 per
1415 4986 1546 5046 nostras
1579 4985 1729 5047 dedimus

80 5081 536 5146 examinedistrictaeultioni
550 5082 730 5159 subjaceat.
746 5081 881 5143 Cunctis
935 5080 1063 5141 litteras
1083 5079 1118 5139 in
1139 5079 1317 5152 mandatis,
1335 5081 1370 5143 ut
1390 5081 1515 5143 eisdem
1538 5082 1622 5143 actis
1646 5082 1728 5143 dili·

81 5182 199 5244 antem
215 5178 321 5242 eidem
336 5178 409 5241 loco
433 5195 492 5240 sua
504 5183 582 5257 jura
603 5178 821 5250 servantibus,
839 5178 882 5239 sit
935 5180 1053 5253 genter
1081 5175 1252 5252 inspectis,
1281 5178 1349 5239 tam
1378 5177 1595 5254 principalem
1630 5196 1729 5257 quam

81 5294 155 5357 pax
167 5277 299 5339 Domini
324 5276 431 5338 nostri
450 5279 530 5339 Jesu
552 5276 688 5349 Christi,
719 5276 881 5353 quatenus
936 5267 1158 5349 expensarum
1179 5288 1313 5334 cansam
1334 5273 1422 5335 inira
1437 5290 1499 5334 sex
1511 5290 1641 5337 menses
1656 5280 1732 5353 post

82 5377 119 5438 et
133 5374 191 5436 bic
205 5372 349 5435 fructum
364 5373 458 5434 bonae
475 5374 616 5436 actionis
628 5374 825 5452 percipiant,
849 5373 883 5435 et
935 5370 1051 5448 primae
1075 5370 1244 5432 citationis
1268 5370 1413 5431 edictum
1435 5370 1501 5431 tine
1522 5370 1632 5434 debito
1655 5374 1731 5435 ter-

83 5472 176 5552 apud
210 5471 395 5532 districtum
415 5470 563 5549 judicem
592 5471 730 5549 praemia
749 5471 882 5534 aeternae
936 5466 1112 5529 minarent.
1130 5468 1292 5529 Caeterum
1306 5466 1473 5529 iratribus
1487 5468 1581 5545 ipsis,
1595 5474 1731 5548 propter

83 5570 181 5651 pacis
194 5567 381 5630 inueniant.
398 5572 513 5630 Amen.
936 5564 1088 5640 magistri
1100 5563 1151 5624 sui
1162 5563 1346 5626 absentiam
1358 5565 1390 5627 et
1402 5565 1469 5625 alia
1483 5565 1732 5644 impedimenta,
