4014 6224
140 268 180 332 aa
770 269 1000 335 EPISTOLAE.
1023 271 1103 335 LIB.
1125 272 1179 332 VI.

145 426 234 494 nitas
256 428 444 493 asserebat.
462 431 530 493 Vos
553 442 633 493 vero
658 444 702 491 ne
725 430 811 492 forte
837 430 946 494 conti-
1349 440 1450 528 CXX

146 529 278 593 teretur
296 528 333 588 in
352 527 517 599 fraudem,
538 543 559 590 a
580 527 743 588 matronis
763 527 860 590 bonae
875 528 949 606 opi-

149 626 263 687 nionis
277 639 318 687 66
337 624 404 686 tide
423 625 545 701 dignis,
568 639 609 685 ac
627 625 775 701 expertis
793 625 829 686 in
848 640 948 702 opere

148 722 306 799 nuptiali,
326 720 450 783 1161616
468 720 593 784 fecistis
617 720 739 798 inspici
763 721 947 793 mulierem,

149 835 228 897 quae
238 818 479 896 perhibuerunt
488 819 714 880 testimonium
726 818 832 895 ipsam
840 818 950 881 adbuc
1252 829 1288 887 20
1317 827 1551 887 1611161111111.

147 916 318 991 Virginem
331 930 539 991 permanere·
552 915 767 1025 Postmodum
779 931 838 993 per
850 930 948 1025 lires-
1079 958 1170 1026 [wala
1182 959 1391 1012 llrknndenbncb
1404 961 1448 1011 der
1463 959 1631 1019 (isterciens,
1642 960 1662 1020 l,
1672 958 1726 1026 11]

147 1012 317 1097 byterum,
334 1012 374 1072 de
399 1014 493 1089 cnjus
514 1011 674 1089 parocbia
698 1028 751 1074 111
771 1012 950 1090 praedictus

150 1109 275 1181 extitit,
294 1108 421 1171 fecistis
437 1109 615 1186 diligenter
631 1109 757 1186 inquiri
773 1110 884 1171 utrum
898 1109 952 1170 111
1005 1094 1121 1153 Mandat
1138 1101 1167 1152 et
1181 1095 1308 1168 precipit
1321 1101 1352 1151 ¹¹1
1362 1092 1559 1153 milesisswtffl
1574 1095 1621 1167 qui
1637 1094 1798 1167 l>⁰⁸8e⁸⁸i⁰·

149 1207 226 1284 ipse
245 1206 391 1283 aliquam
410 1206 622 1284 cognovisset
652 1222 789 1284 ΗΜΘ,
806 1206 952 1284 immisi,
1041 1197 1094 1240 nes
1111 1183 1217 1240 161163
1240 1181 1357 1239 fratrum
1383 1184 1549 1241 monasterii
1573 1184 1684 1241 Sanctae
1706 1182 1803 1242 Crucis

148 1304 280 1367 tionem
313 1304 421 1380 ipsam
450 1303 545 1365 vohis
573 1249 722 1366 mistim
750 1303 792 1365 ab
823 1302 949 1365 eodem·
1042 1270 1356 1330 cisterciensisordinis
1370 1271 1539 1341 invaserint,
1551 1272 1664 1344 publice
1683 1285 1800 1329 excom·

152 1401 242 1479 lpsis
254 1401 365 1463 autem
378 1401 451 1462 1116
462 1402 495 1463 61
506 1400 648 1462 muliere
658 1399 850 1478 frequenter
861 1417 953 1462 com·
1042 1368 1245 1418 m⁰⁰¹⁰³t¹⁰¹¹¹⁸
1255 1367 1396 1417 mmm
1409 1361 1574 1434 pemenam·

153 1497 351 1576 parentibus
365 1512 477 1559 coram
492 1497 598 1570 vobis,
614 1514 654 1559 ac
673 1498 814 1559 muliere
826 1499 953 1559 163166-
1046 1494 1215 1556 Honorius
1225 1496 1720 1573 episcopusservusserrorum
1729 1495 1801 1563 Dei,

150 1596 207 1659 ter
226 1594 407 1657 divortium
426 1594 630 1672 requirente,
653 1596 687 1657 et
710 1595 841 1657 dicente
865 1595 952 1672 quod
1006 1591 1254 1653 venerabilibus
1276 1592 1435 1655 fratribus
1462 1592 1712 1671 archiepiscopo
1729 1592 1806 1653 Sal-

152 1691 264 1754 mater
298 1708 374 1754 esse
403 1692 546 1764 volebat,
577 1691 612 1753 et
642 1692 730 1753 filios
762 1708 949 1770 procreare,
1007 1687 1204 1765 zeburgensi
1228 1691 1261 1751 et
1288 1689 1512 1765 suffraganeis
1535 1693 1607 1767 ejtrs
1621 1689 1803 1752 acdileotis

151 1789 355 1853 1116661616
370 1789 511 1862 dicente,
524 1789 610 1866 quod
625 1791 763 1867 paratus
775 1791 850 1851 erat
863 1790 953 1851 stare
1007 1784 1086 1847 tiliis
1107 1786 1292 1860 abbatibus,
1311 1786 1480 1863 prioribus
1501 1789 1534 1849 et
1548 1787 1626 1848 aliis
1641 1788 1805 1849 ecclesia-

152 1886 298 1949 oonsilio
322 1887 356 1948 et
376 1886 540 1949 voluntati
564 1887 734 1961 Ecclesia,
757 1887 952 1965 injunxistis
1006 1901 1081 1946 rurn
1101 1883 1249 1961 praelatis
1266 1899 1326 1962 per
1348 1883 1644 1960 salzeburgensem
1658 1885 1800 1962 provin-

152 1984 284 2047 eisdem
306 1984 342 2046 ut
362 1984 533 2047 humiliter
554 1984 743 2063 reciperent
761 1986 795 2046 et
815 1984 954 2061 agerent
1008 1983 1094 2044 ciam
1108 1981 1307 2054 constitutis,
1319 1982 1461 2043 salutem
1473 1981 1506 2044 et
1516 1980 1734 2059 apostolicam
1748 1979 1804 2043 bo·

152 2081 386 2160 poenitentiam
413 2081 454 2144 de
480 2082 677 2155 commissis,
708 2083 741 2144 et
767 2083 816 2143 sic
839 2081 953 2144 forsan
1008 2079 1243 2140 nedictionem.
1407 2152 1413 2163 .

155 2179 310 2256 placeret
324 2181 404 2250 Deo,
417 2178 475 2256 qui
487 2179 692 2241 matrimonii
708 2179 772 2242 fnit
784 2179 955 2242 institutor
1049 2176 1124 2237 Non
1137 2176 1264 2254 absque
1278 2176 1393 2237 dolore
1405 2175 1515 2237 cordis
1530 2175 1563 2239 61
1574 2175 1717 2254 plurima
1731 2178 1806 2239 tur·

152 2277 332 2348 etauctor,
354 2277 391 2338 ut
409 2291 492 2353 opus
516 2276 721 2338 matrimonii
740 2292 953 2339 consumma·
1007 2272 1143 2335 batione
1163 2273 1351 2345 didicimus,
1382 2273 1469 2351 qnod
1500 2273 1547 2335 ita
1573 2274 1608 2335 in
1637 2274 1805 2352 plerisque

152 2375 244 2435 rent
258 2373 320 2444 Qui
336 2374 411 2449 post
425 2373 538 2450 plures
557 2375 718 2436 terminos
741 2374 783 2435 ad
806 2375 954 2436 vestram
1008 2371 1158 2450 partibus
1185 2371 1413 2434 ecclesiastica
1436 2388 1578 2434 censura
1609 2373 1804 2434 dissolvitur

153 2470 285 2533 1616131
296 2470 510 2547 praesentiam
526 2485 672 2532 consona
688 2487 770 2533 voce
784 2471 951 2543 dixerunt,
1008 2471 1041 2531 et
1062 2469 1232 2530 canonicae
1246 2469 1419 2531 sententiae
1438 2470 1600 2531 severitas
1612 2472 1802 2542 enervatur,

155 2567 246 2645 quod
268 2583 335 2628 non
357 2567 512 2646 poterant
529 2568 711 2633 carnaliter
730 2570 952 2643 commisceri,
1010 2567 1045 2628 nt
1071 2566 1138 2628 riri
1153 2566 1302 2643 religiosi
1318 2568 1352 2628 et
1365 2566 1401 2627 bi
1417 2567 1573 2638 maxime,
1596 2567 1652 2644 qui
1674 2584 1734 2645 per
1749 2570 1805 2628 Se-

154 2666 294 2742 propter
303 2664 400 2741 quod,
418 2665 459 2726 de
468 2665 616 2742 ipsorum
629 2681 805 2737 consensu,
818 2682 953 2731 oausam
1009 2664 1059 2724 dis
1070 2663 1267 2741 apostolicae
1279 2664 1455 2741 privilegia
1466 2664 1585 2741 majori
1601 2664 1714 2725 donati
1728 2666 1806 2726 sunt

155 2762 349 2840 hujusmodi
361 2762 551 2839 apostolico
561 2761 705 2826 duxistis
714 2762 842 2839 jndicio
855 2764 954 2824 relin·
1009 2762 1172 2833 libertate,
1186 2761 1344 2838 passima
1367 2760 1639 2823 malefactoribus
1661 2763 1804 2823 361311-

154 2860 334 2936 quendam.
353 2860 438 2930 Quia
451 2860 554 2935 igitur
569 2859 665 2921 nobis
682 2860 876 2935 scrupulum
891 2860 955 2921 du·
1005 2857 1114 2932 jurias
1136 2856 1324 2917 sustineant
1339 2858 1372 2919 et
1383 2857 1532 2933 rapinas,
1550 2856 1627 2917 dum
1640 2857 1807 2918 1111116-

154 2956 330 3019 bitationis
343 2957 497 3033 ingessit,
509 2957 595 3033 quod
610 2974 711 3034 quum
723 2957 843 3019 litterae
858 2958 954 3019 dictae
1010 2953 1110 3024 nitur,
1134 2954 1191 3030 qui
1210 2968 1357 3029 congrua
1379 2954 1449 3014 illis
1470 2955 1675 3030 protectione
1690 2953 1806 3016 subve-

155 3054 415 3133 praedecessoris
441 3054 557 3125 nostri,
586 3070 727 3131 quarum
756 3054 955 3116 auctoritate
1010 3049 1091 3122 niet,
1108 3050 1142 3110 et
1162 3066 1222 3127 pro
1241 3050 1380 3113 fovenda
1401 3067 1584 3128 pauperum
1600 3052 1803 3123 innocentia,

155 3152 195 3213 in
218 3152 293 3228 ipso
315 3151 448 3228 negotio
475 3151 699 3229 processistis,
723 3152 765 3213 ad
788 3168 848 3213 163
866 3152 953 3212 et...
1010 3161 1046 3208 se
1060 3163 1191 3208 murum
1212 3147 1415 3209 defensionis
1431 3151 1586 3226 opponat.
1609 3149 1807 3226 Specialiter

156 3248 331 3311 cantorem
344 3248 541 3309 ambianen.
556 3249 690 3311 directae
710 3248 846 3321 fuerint,
869 3250 956 3310 siout
1010 3247 1121 3305 autem
1129 3244 1241 3306 dilecti
1255 3244 1315 3305 tilii
1326 3244 1429 3306 abbas
1439 3249 1472 3309 et
1482 3247 1601 3311 fratres
1612 3247 1807 3309 monasterii

157 3345 257 3407 nobis
275 3360 391 3407 earum
409 3345 505 3407 tenor
525 3346 645 3407 restris
667 3346 812 3408 insertus
833 3346 955 3408 litteris
1012 3342 1141 3403 Sanctae
1155 3342 1269 3403 Crucis
1285 3342 1515 3404 Cistercieusis
1530 3345 1659 3406 ordinis
1681 3347 1750 3407 tam
1765 3345 1807 3406 de

157 3442 353 3514 declaravit,
375 3457 434 3503 vos
458 3441 493 3501 in
516 3442 680 3505 relatione
703 3442 893 3521 husjusmodi
915 3443 956 3504 de
1011 3439 1239 3516 frequentibus
1265 3440 1412 3517 injuriis,
1436 3442 1589 3518 quamde
1614 3444 1687 3520 ipso
1701 3444 1807 3521 quoti·

157 3540 234 3617 ipso
252 3539 390 3601 cantore
408 3538 535 3599 nullam
556 3538 682 3602 fecistis
701 3541 834 3618 penitus
857 3556 954 3602 men·
1011 3536 1110 3599 diano
1124 3537 1254 3599 defectu
1261 3538 1403 3615 justitia
1414 3542 1665 3617 conquerentes,
1674 3543 1808 3603 univer·

156 3637 295 3706 tionem,
325 3637 360 3698 61
391 3635 596 3698 dubitatione
630 3637 821 3714 hujusmodi
846 3638 954 3700 adan·
1011 3635 1143 3697 sitatem
1166 3636 1310 3698 vestram
1324 3635 1445 3697 litteris
1459 3638 1626 3713 petierunt
1638 3639 1807 3715 Apostoli-

155 3734 269 3810 gente,
291 3733 379 3811 quod
395 3732 509 3809 sigilla
529 3733 650 3795 vestris
667 3750 815 3811 appensa
835 3735 956 3798 litteris
1011 3733 1060 3794 cis
1084 3732 1238 3803 excitari,
1255 3733 1292 3793 ut
1314 3732 1362 3794 ita
1377 3733 1534 3795 videlicet
1548 3735 1597 3795 eis
1612 3735 1646 3795 in
1662 3735 1807 3797 tributa-

156 3831 397 3907 conspeximus
404 3833 476 3908 jam
488 3831 631 3903 vetusta,
643 3832 813 3906 negotium
826 3832 867 3894 ad
882 3848 954 3904 vos,
1011 3829 1158 3892 tionibus
1187 3830 1258 3890 suis
1291 3832 1407 3892 eontra
1433 3831 1664 3893 malefactores
1690 3847 1805 3893 eorum

156 3943 181 3989 a
207 3943 350 4006 quarum
370 3943 438 3988 non
464 3926 562 3989 debet
588 3928 754 3990 excidisse
781 3930 954 4002 memoria,
1011 3927 1162 4005 prompta
1186 3927 1349 3990 deberetis
1374 3929 1650 4004 magnanimitate
1665 3944 1806 4001 consur-

157 4026 272 4088 utrum
305 4041 443 4102 eaquae
474 4024 697 4102 praemisimus
725 4027 800 4088 acta
833 4026 958 4088 fuerint
1010 4040 1101 4101 gere,
1118 4024 1204 4102 quod
1231 4024 1273 4086 ab
1299 4025 1806 4103 61113111361633131666161

158 4137 274 4184 coram
286 4121 394 4195 robis,
411 4123 563 4184 utrumve
576 4121 672 4184 nobis
687 4123 816 4185 litteras
827 4124 957 4185 direxe-
1011 4122 1177 4199 pressuris
1187 4124 1297 4186 vestro
1307 4122 1436 4200 possint
1447 4122 1604 4199 praesidio
1617 4124 1804 4202 respirare;

157 4219 236 4281 ritis
246 4221 460 4296 praenotatas,
474 4219 631 4280 duximus
641 4220 886 4293 remittendum,
897 4236 957 4297 per
1011 4220 1152 4298 ideoque
1173 4220 1385 4282 universitati
1408 4223 1529 4283 restrae
1544 4237 1604 4298 per
1614 4223 1806 4299 apostolica

156 4316 352 4393 apostolica
372 4315 466 4377 robis
490 4316 615 4393 scripta
639 4317 846 4386 mandantes,
874 4334 957 4395 qua·
1012 4318 1136 4395 scripta
1150 4318 1347 4380 mandamus
1364 4317 1464 4396 atque
1483 4319 1705 4396 praecipimus,
1722 4306 1808 4398 qua-

159 4414 259 4475 tenus
278 4413 307 4474 si
327 4413 474 4475 recolitis
495 4429 566 4475 rem
585 4413 698 4476 taliter
721 4430 757 4475 se
778 4413 902 4476 babere
925 4416 958 4478 et
1010 4416 1108 4476 tenus
1132 4414 1218 4488 illos,
1244 4416 1301 4493 qui
1325 4415 1566 4493 possessiones,
1590 4416 1643 4478 161
1664 4434 1806 4491 res,seu

155 4510 255 4572 robis
269 4509 429 4582 constitit,
453 4511 506 4572 161
527 4510 636 4572 adbuc
655 4511 844 4573 constiterit
864 4528 955 4588 prae·
1012 4511 1126 4573 domos
1148 4512 1381 4589 praedictorum
1402 4512 1553 4584 fratrum,
1568 4515 1621 4575 161
1634 4515 1805 4581 hominum

157 4606 247 4670 fatos
271 4608 382 4668 virum
407 4608 441 4669 61
465 4608 641 4669 mulierem
666 4608 756 4669 infra
781 4609 957 4685 praedictos
1012 4626 1158 4681 suorum,
1178 4608 1401 4673 irreverenter
1415 4611 1609 4699 invaserint,
1622 4615 1680 4674 aut
1696 4629 1736 4674 ea
1751 4614 1806 4675 in-

157 4706 235 4767 6616
254 4720 363 4765 annos
383 4720 442 4781 per
463 4705 657 4767 continuum
676 4705 858 4767 triennium
870 4707 958 4767 insi·
1008 4709 1098 4784 iuste
1118 4706 1331 4779 detinuerint,
1357 4724 1430 4785 quae
1454 4709 1621 4786 praedictis
1646 4710 1805 4773 fratribus

156 4800 228 4863 mul
250 4798 432 4873 habitasse,
457 4800 540 4877 ipsis
562 4816 637 4863 eum
658 4802 799 4878 septima
821 4804 958 4879 propin·
1012 4820 1056 4865 er
1081 4805 1278 4867 testamento
1305 4805 1535 4868 decedentium
1558 4807 1802 4885 relinquuntur,

156 4913 302 4977 quorum
333 4912 435 4958 manu
463 4899 654 4974 iuramento
685 4899 895 4961 firmantibus
921 4916 957 4962 36
1013 4917 1072 4963 seu
1087 4902 1122 4962 in
1132 4903 1223 4978 ipsos
1235 4901 1357 4964 fratres
1370 4905 1485 4965 contra
1497 4906 1696 4981 Apostolicae
1709 4906 1805 4967 Sedis

157 4994 353 5073 nequivisse
380 4994 563 5056 carnaliter
599 4997 820 5070 commisceri,
846 4997 958 5074 profe-
1011 4999 1140 5061 indulta
1156 5000 1354 5061 sententiam
1374 5003 1727 5065 excommunicationis
1747 5005 1806 5066 aut

155 5092 244 5155 ratis
263 5091 402 5153 11161111
421 5092 623 5152 sententiam
642 5092 731 5153 inter
749 5109 819 5156 eos.
838 5096 957 5158 Datum
1014 5097 1182 5159 interdicti
1207 5098 1480 5175 praesumpserint
1507 5080 1728 5176 promulgare,
1750 5101 1806 5175 ¹uel

155 5189 330 5263 Laterani,
347 5188 887 5287 1111616111161111,6611636116.
945 5260 948 5269 ,
1013 5193 1159 5255 decimas
1175 5193 1325 5255 laborum
1341 5195 1381 5256 de
1401 5196 1668 5272 possessionibus
1683 5196 1806 5260 habitis

1014 5293 1090 5353 ante
1103 5291 1287 5352 Concilium
1301 5293 1469 5368 generale,
1482 5307 1565 5370 quas
1580 5294 1724 5369 propriis
1740 5312 1807 5357 ma·

1014 5387 1111 5454 nibus
1134 5388 1193 5450 aut
1212 5389 1397 5466 sumptibus
1422 5390 1587 5461 excolunt,
1607 5394 1805 5454 366111111-

1015 5484 1135 5545 mentis
1165 5485 1326 5561 ipsorum,
1342 5485 1462 5560 spretis
1485 5487 1685 5562 apostolicae
1712 5490 1807 5551 Sedis

1015 5581 1804 5664 privilegiisextorquere,monitionepraemissa,

1024 594 1077 653 Ad
1097 593 1337 654 eberhardum
1360 593 1656 667 archiepiscopum
1681 593 1799 653 Solae-

1294 690 1509 765 burgensem.

309 5723 422 5767 earnes.
440 5725 516 5769 roua
537 5712 584 5772 tv.
1597 5717 1614 5775 1
