<?xml version="1.0" encoding="UTF-8"?>
<!DOCTYPE html PUBLIC "-//W3C//DTD XHTML 1.0 Transitional//EN"
    "http://www.w3.org/TR/xhtml1/DTD/xhtml1-transitional.dtd">
<html xmlns="http://www.w3.org/1999/xhtml" xml:lang="en" lang="en">
 <head>
  <title>
</title>
<meta http-equiv="Content-Type" content="text/html;charset=utf-8" />
  <meta name='ocr-system' content='tesseract 3.04.00' />
  <meta name='ocr-capabilities' content='ocr_page ocr_carea ocr_par ocr_line ocrx_word'/>
</head>
<body>
  <div class='ocr_page' id='page_1' title='image "./mediiaevibiblio04bottgoog_0264.png"; bbox 0 0 3916 6204; ppageno 0'>
   <div class='ocr_carea' id='block_1_1' title="bbox 91 362 1763 475">
    <p class='ocr_par' dir='ltr' id='par_1_1' title="bbox 91 362 1763 475">
     <span class='ocr_line' id='line_1_1' title="bbox 91 362 1763 475; baseline 0.009 -15"><span class='ocrx_word' id='word_1_1' title='bbox 91 408 142 469; x_wconf 70' lang='lat'>497</span> <span class='ocrx_word' id='word_1_2' title='bbox 664 406 895 468; x_wconf 82' lang='lat' dir='ltr'>EPISTOLAE.</span> <span class='ocrx_word' id='word_1_3' title='bbox 919 408 997 471; x_wconf 84' lang='lat' dir='ltr'>LIB·</span> <span class='ocrx_word' id='word_1_4' title='bbox 1022 406 1108 471; x_wconf 87' lang='lat' dir='ltr'>v111.</span> <span class='ocrx_word' id='word_1_5' title='bbox 1650 414 1710 475; x_wconf 80' lang='grc'>498</span> <span class='ocrx_word' id='word_1_6' title='bbox 1754 362 1763 367; x_wconf 18' lang='grc' dir='ltr'><strong>ἰ</strong></span> 
     </span>
    </p>
   </div>
   <div class='ocr_carea' id='block_1_2' title="bbox 71 561 1712 2802">
    <p class='ocr_par' dir='ltr' id='par_1_2' title="bbox 81 561 1711 1813">
     <span class='ocr_line' id='line_1_2' title="bbox 91 561 1707 645; baseline 0.002 -18"><span class='ocrx_word' id='word_1_7' title='bbox 91 561 376 627; x_wconf 85' lang='lat' dir='ltr'>communicationis</span> <span class='ocrx_word' id='word_1_8' title='bbox 386 562 577 635; x_wconf 86' lang='lat' dir='ltr'>adstrictus,</span> <span class='ocrx_word' id='word_1_9' title='bbox 594 564 788 641; x_wconf 86' lang='lat' dir='ltr'>priusquam</span> <span class='ocrx_word' id='word_1_10' title='bbox 799 564 860 627; x_wconf 92' lang='lat' dir='ltr'>tibi</span> <span class='ocrx_word' id='word_1_11' title='bbox 916 566 972 627; x_wconf 89' lang='lat' dir='ltr'>ubi</span> <span class='ocrx_word' id='word_1_12' title='bbox 1011 566 1176 630; x_wconf 81' lang='lat' dir='ltr'>deberetis</span> <span class='ocrx_word' id='word_1_13' title='bbox 1212 568 1410 632; x_wconf 86' lang='lat' dir='ltr'>erubescere</span> <span class='ocrx_word' id='word_1_14' title='bbox 1440 571 1617 643; x_wconf 80' lang='lat' dir='ltr'>corruisse,</span> <span class='ocrx_word' id='word_1_15' title='bbox 1641 572 1707 645; x_wconf 83' lang='lat' dir='ltr'>vel,</span> 
     </span>
     <span class='ocr_line' id='line_1_3' title="bbox 89 658 1711 741; baseline 0.004 -19"><span class='ocrx_word' id='word_1_16' title='bbox 89 658 261 730; x_wconf 87' lang='lat' dir='ltr'>satisfaciat,</span> <span class='ocrx_word' id='word_1_17' title='bbox 280 658 406 720; x_wconf 89' lang='lat' dir='ltr'>absolvi</span> <span class='ocrx_word' id='word_1_18' title='bbox 432 660 615 736; x_wconf 90' lang='lat' dir='ltr'>contingat,</span> <span class='ocrx_word' id='word_1_19' title='bbox 633 661 785 723; x_wconf 89' lang='lat' dir='ltr'>videatur</span> <span class='ocrx_word' id='word_1_20' title='bbox 799 677 854 723; x_wconf 90' lang='lat' dir='ltr'>ec·</span> <span class='ocrx_word' id='word_1_21' title='bbox 915 664 1218 741; x_wconf 82' lang='lat' dir='ltr'>quodestgrarius,</span> <span class='ocrx_word' id='word_1_22' title='bbox 1238 667 1368 728; x_wconf 90' lang='lat' dir='ltr'>animos</span> <span class='ocrx_word' id='word_1_23' title='bbox 1388 671 1517 730; x_wconf 86' lang='lat' dir='ltr'>vestros</span> <span class='ocrx_word' id='word_1_24' title='bbox 1533 668 1568 729; x_wconf 94' lang='lat' dir='ltr'>in</span> <span class='ocrx_word' id='word_1_25' title='bbox 1582 667 1711 730; x_wconf 87' lang='lat' dir='ltr'>malitia</span> 
     </span>
     <span class='ocr_line' id='line_1_4' title="bbox 89 756 1710 843; baseline 0.004 -23"><span class='ocrx_word' id='word_1_26' title='bbox 89 757 184 820; x_wconf 85' lang='lat' dir='ltr'>clasiae</span> <span class='ocrx_word' id='word_1_27' title='bbox 197 758 258 816; x_wconf 85' lang='lat' dir='ltr'>tuae</span> <span class='ocrx_word' id='word_1_28' title='bbox 272 756 501 833; x_wconf 88' lang='lat' dir='ltr'>praejudicium</span> <span class='ocrx_word' id='word_1_29' title='bbox 518 759 686 833; x_wconf 89' lang='lat' dir='ltr'>generari,</span> <span class='ocrx_word' id='word_1_30' title='bbox 702 757 862 821; x_wconf 90' lang='lat' dir='ltr'>fraterni·</span> <span class='ocrx_word' id='word_1_31' title='bbox 915 759 1237 839; x_wconf 82' lang='lat' dir='ltr'>obdurantesadhuc</span> <span class='ocrx_word' id='word_1_32' title='bbox 1247 766 1282 824; x_wconf 95' lang='lat' dir='ltr'>in</span> <span class='ocrx_word' id='word_1_33' title='bbox 1292 765 1434 842; x_wconf 89' lang='lat' dir='ltr'>pristina</span> <span class='ocrx_word' id='word_1_34' title='bbox 1445 765 1585 843; x_wconf 86' lang='lat' dir='ltr'>pertidia</span> <span class='ocrx_word' id='word_1_35' title='bbox 1597 781 1710 827; x_wconf 88' lang='lat' dir='ltr'>rema·</span> 
     </span>
     <span class='ocr_line' id='line_1_5' title="bbox 86 854 1710 940; baseline 0.005 -24"><span class='ocrx_word' id='word_1_36' title='bbox 86 854 204 917; x_wconf 79' lang='lat' dir='ltr'>tatitue</span> <span class='ocrx_word' id='word_1_37' title='bbox 213 854 424 929; x_wconf 86' lang='lat' dir='ltr'>praesentium</span> <span class='ocrx_word' id='word_1_38' title='bbox 435 855 633 918; x_wconf 82' lang='lat' dir='ltr'>auctoritate</span> <span class='ocrx_word' id='word_1_39' title='bbox 649 856 860 917; x_wconf 86' lang='lat' dir='ltr'>concedimus</span> <span class='ocrx_word' id='word_1_40' title='bbox 914 859 1013 930; x_wconf 82' lang='lat' dir='ltr'>aetia,</span> <span class='ocrx_word' id='word_1_41' title='bbox 1024 859 1182 936; x_wconf 85' lang='lat' dir='ltr'>tanquam</span> <span class='ocrx_word' id='word_1_42' title='bbox 1195 861 1231 921; x_wconf 92' lang='lat' dir='ltr'>in</span> <span class='ocrx_word' id='word_1_43' title='bbox 1247 862 1446 938; x_wconf 89' lang='lat' dir='ltr'>profundum</span> <span class='ocrx_word' id='word_1_44' title='bbox 1460 864 1620 925; x_wconf 81' lang='lat' dir='ltr'>veneritis</span> <span class='ocrx_word' id='word_1_45' title='bbox 1635 877 1710 940; x_wconf 88' lang='lat' dir='ltr'>pec-</span> 
     </span>
     <span class='ocr_line' id='line_1_6' title="bbox 87 951 1708 1034; baseline 0.004 -21"><span class='ocrx_word' id='word_1_46' title='bbox 87 953 118 1014; x_wconf 90' lang='lat' dir='ltr'>ut</span> <span class='ocrx_word' id='word_1_47' title='bbox 131 951 312 1028; x_wconf 74' lang='lat' dir='ltr'>prenotata</span> <span class='ocrx_word' id='word_1_48' title='bbox 340 951 514 1013; x_wconf 85' lang='lat' dir='ltr'>sententiae</span> <span class='ocrx_word' id='word_1_49' title='bbox 543 952 578 1012; x_wconf 94' lang='lat' dir='ltr'>in</span> <span class='ocrx_word' id='word_1_50' title='bbox 601 952 754 1015; x_wconf 89' lang='lat' dir='ltr'>eumdem</span> <span class='ocrx_word' id='word_1_51' title='bbox 773 956 812 1015; x_wconf 89' lang='lat' dir='ltr'>R.</span> <span class='ocrx_word' id='word_1_52' title='bbox 828 955 861 1014; x_wconf 92' lang='lat' dir='ltr'>et</span> <span class='ocrx_word' id='word_1_53' title='bbox 915 955 1075 1017; x_wconf 89' lang='lat' dir='ltr'>catorum.</span> <span class='ocrx_word' id='word_1_54' title='bbox 1093 957 1135 1018; x_wconf 92' lang='lat' dir='ltr'>Ut</span> <span class='ocrx_word' id='word_1_55' title='bbox 1152 958 1258 1034; x_wconf 91' lang='lat' dir='ltr'>igitur</span> <span class='ocrx_word' id='word_1_56' title='bbox 1271 960 1390 1021; x_wconf 89' lang='lat' dir='ltr'>iterata</span> <span class='ocrx_word' id='word_1_57' title='bbox 1410 961 1548 1022; x_wconf 91' lang='lat' dir='ltr'>monitio</span> <span class='ocrx_word' id='word_1_58' title='bbox 1565 976 1708 1021; x_wconf 91' lang='lat' dir='ltr'>monen-</span> 
     </span>
     <span class='ocr_line' id='line_1_7' title="bbox 84 1049 1709 1134; baseline 0.004 -22"><span class='ocrx_word' id='word_1_59' title='bbox 84 1051 191 1112; x_wconf 84' lang='lat' dir='ltr'>terram</span> <span class='ocrx_word' id='word_1_60' title='bbox 206 1050 276 1125; x_wconf 89' lang='lat' dir='ltr'>ejus</span> <span class='ocrx_word' id='word_1_61' title='bbox 290 1063 310 1108; x_wconf 89' lang='lat' dir='ltr'>a</span> <span class='ocrx_word' id='word_1_62' title='bbox 324 1049 357 1110; x_wconf 91' lang='lat' dir='ltr'>te</span> <span class='ocrx_word' id='word_1_63' title='bbox 385 1064 424 1109; x_wconf 90' lang='lat' dir='ltr'>ac</span> <span class='ocrx_word' id='word_1_64' title='bbox 452 1049 651 1124; x_wconf 83' lang='lat' dir='ltr'>protelatae</span> <span class='ocrx_word' id='word_1_65' title='bbox 668 1049 859 1112; x_wconf 86' lang='lat' dir='ltr'>nullatenus</span> <span class='ocrx_word' id='word_1_66' title='bbox 913 1052 957 1113; x_wconf 87' lang='lat' dir='ltr'>tis</span> <span class='ocrx_word' id='word_1_67' title='bbox 973 1053 1129 1116; x_wconf 84' lang='lat' dir='ltr'>affectum</span> <span class='ocrx_word' id='word_1_68' title='bbox 1149 1056 1340 1133; x_wconf 77' lang='lat' dir='ltr'>exprimens</span> <span class='ocrx_word' id='word_1_69' title='bbox 1353 1058 1526 1134; x_wconf 89' lang='lat' dir='ltr'>potiorem,</span> <span class='ocrx_word' id='word_1_70' title='bbox 1544 1058 1660 1120; x_wconf 90' lang='lat' dir='ltr'>utilem</span> <span class='ocrx_word' id='word_1_71' title='bbox 1672 1058 1709 1119; x_wconf 92' lang='lat' dir='ltr'>in</span> 
     </span>
     <span class='ocr_line' id='line_1_8' title="bbox 83 1144 1711 1229; baseline 0.004 -21"><span class='ocrx_word' id='word_1_72' title='bbox 83 1146 268 1216; x_wconf 81' lang='lat' dir='ltr'>relaxentur,</span> <span class='ocrx_word' id='word_1_73' title='bbox 291 1144 357 1206; x_wconf 91' lang='lat' dir='ltr'>nisi</span> <span class='ocrx_word' id='word_1_74' title='bbox 379 1145 502 1207; x_wconf 91' lang='lat' dir='ltr'>dictum</span> <span class='ocrx_word' id='word_1_75' title='bbox 520 1148 666 1209; x_wconf 85' lang='lat' dir='ltr'>castrum</span> <span class='ocrx_word' id='word_1_76' title='bbox 685 1163 761 1209; x_wconf 90' lang='lat' dir='ltr'>cum</span> <span class='ocrx_word' id='word_1_77' title='bbox 783 1164 861 1225; x_wconf 91' lang='lat' dir='ltr'>per·</span> <span class='ocrx_word' id='word_1_78' title='bbox 913 1149 1008 1211; x_wconf 82' lang='lat' dir='ltr'>vobis</span> <span class='ocrx_word' id='word_1_79' title='bbox 1021 1153 1219 1229; x_wconf 85' lang='lat' dir='ltr'>assequatur</span> <span class='ocrx_word' id='word_1_80' title='bbox 1232 1155 1449 1216; x_wconf 85' lang='lat' dir='ltr'>correctionis</span> <span class='ocrx_word' id='word_1_81' title='bbox 1466 1155 1621 1217; x_wconf 84' lang='lat' dir='ltr'>affectum</span> <span class='ocrx_word' id='word_1_82' title='bbox 1632 1155 1711 1216; x_wconf 94' lang='lat' dir='ltr'>uni-</span> 
     </span>
     <span class='ocr_line' id='line_1_9' title="bbox 83 1241 1708 1325; baseline 0.006 -20"><span class='ocrx_word' id='word_1_83' title='bbox 83 1241 292 1305; x_wconf 89' lang='lat' dir='ltr'>tinentiissuis</span> <span class='ocrx_word' id='word_1_84' title='bbox 302 1242 453 1305; x_wconf 81' lang='lat' dir='ltr'>ecclesiae</span> <span class='ocrx_word' id='word_1_85' title='bbox 466 1244 532 1305; x_wconf 87' lang='lat' dir='ltr'>tuae</span> <span class='ocrx_word' id='word_1_86' title='bbox 544 1243 645 1305; x_wconf 89' lang='lat' dir='ltr'>fuerit</span> <span class='ocrx_word' id='word_1_87' title='bbox 656 1244 858 1317; x_wconf 90' lang='lat' dir='ltr'>restitutum,</span> <span class='ocrx_word' id='word_1_88' title='bbox 913 1249 1708 1325; x_wconf 82' lang='lat' dir='ltr'>versitatemvestramsicutiterum,sicattentius</span> 
     </span>
     <span class='ocr_line' id='line_1_10' title="bbox 83 1340 1710 1427; baseline 0.007 -26"><span class='ocrx_word' id='word_1_89' title='bbox 83 1341 111 1405; x_wconf 90' lang='lat' dir='ltr'>et</span> <span class='ocrx_word' id='word_1_90' title='bbox 122 1354 213 1416; x_wconf 91' lang='lat' dir='ltr'>super</span> <span class='ocrx_word' id='word_1_91' title='bbox 224 1340 459 1402; x_wconf 86' lang='lat' dir='ltr'>satisfaciendo</span> <span class='ocrx_word' id='word_1_92' title='bbox 476 1341 517 1402; x_wconf 90' lang='lat' dir='ltr'>de</span> <span class='ocrx_word' id='word_1_93' title='bbox 533 1341 664 1404; x_wconf 89' lang='lat' dir='ltr'>damnis</span> <span class='ocrx_word' id='word_1_94' title='bbox 679 1343 712 1404; x_wconf 90' lang='lat' dir='ltr'>et</span> <span class='ocrx_word' id='word_1_95' title='bbox 725 1342 860 1420; x_wconf 87' lang='lat' dir='ltr'>injuriis</span> <span class='ocrx_word' id='word_1_96' title='bbox 914 1360 1172 1419; x_wconf 90' lang='lat' dir='ltr'>commonemus,</span> <span class='ocrx_word' id='word_1_97' title='bbox 1201 1362 1261 1425; x_wconf 90' lang='lat' dir='ltr'>per</span> <span class='ocrx_word' id='word_1_98' title='bbox 1276 1348 1466 1425; x_wconf 73' lang='lat' dir='ltr'>apostolica</span> <span class='ocrx_word' id='word_1_99' title='bbox 1480 1348 1575 1411; x_wconf 87' lang='lat' dir='ltr'>vobis</span> <span class='ocrx_word' id='word_1_100' title='bbox 1585 1350 1710 1427; x_wconf 88' lang='lat' dir='ltr'>scripta</span> 
     </span>
     <span class='ocr_line' id='line_1_11' title="bbox 82 1437 1708 1523; baseline 0.006 -25"><span class='ocrx_word' id='word_1_101' title='bbox 82 1452 210 1512; x_wconf 88' lang='lat' dir='ltr'>congrue</span> <span class='ocrx_word' id='word_1_102' title='bbox 225 1437 431 1500; x_wconf 80' lang='lat' dir='ltr'>satisdatum.</span> <span class='ocrx_word' id='word_1_103' title='bbox 446 1441 566 1501; x_wconf 89' lang='lat' dir='ltr'>Datum</span> <span class='ocrx_word' id='word_1_104' title='bbox 582 1441 751 1513; x_wconf 83' lang='lat' dir='ltr'>Laterani,</span> <span class='ocrx_word' id='word_1_105' title='bbox 767 1440 860 1502; x_wconf 74' lang='lat' dir='ltr'>Xlra·</span> <span class='ocrx_word' id='word_1_106' title='bbox 915 1441 1055 1505; x_wconf 87' lang='lat' dir='ltr'>tirmiter</span> <span class='ocrx_word' id='word_1_107' title='bbox 1074 1445 1299 1522; x_wconf 89' lang='lat' dir='ltr'>praecipiendo</span> <span class='ocrx_word' id='word_1_108' title='bbox 1322 1447 1518 1509; x_wconf 88' lang='lat' dir='ltr'>mandantes</span> <span class='ocrx_word' id='word_1_109' title='bbox 1534 1448 1708 1523; x_wconf 85' lang='lat' dir='ltr'>quatenus,</span> 
     </span>
     <span class='ocr_line' id='line_1_12' title="bbox 82 1531 1711 1621; baseline 0.009 -30"><span class='ocrx_word' id='word_1_110' title='bbox 82 1531 236 1593; x_wconf 81' lang='lat' dir='ltr'>landarum</span> <span class='ocrx_word' id='word_1_111' title='bbox 243 1534 406 1611; x_wconf 83' lang='lat' dir='ltr'>januarii,</span> <span class='ocrx_word' id='word_1_112' title='bbox 428 1534 641 1612; x_wconf 83' lang='lat' dir='ltr'>pontificatus</span> <span class='ocrx_word' id='word_1_113' title='bbox 655 1535 761 1597; x_wconf 89' lang='lat' dir='ltr'>nostri</span> <span class='ocrx_word' id='word_1_114' title='bbox 771 1550 859 1597; x_wconf 92' lang='lat' dir='ltr'>anno</span> <span class='ocrx_word' id='word_1_115' title='bbox 915 1541 944 1601; x_wconf 91' lang='lat' dir='ltr'>si</span> <span class='ocrx_word' id='word_1_116' title='bbox 958 1541 1035 1618; x_wconf 84' lang='lat' dir='ltr'>qrrid</span> <span class='ocrx_word' id='word_1_117' title='bbox 1047 1542 1082 1603; x_wconf 92' lang='lat' dir='ltr'>in</span> <span class='ocrx_word' id='word_1_118' title='bbox 1093 1541 1187 1604; x_wconf 87' lang='lat' dir='ltr'>vobis</span> <span class='ocrx_word' id='word_1_119' title='bbox 1200 1544 1250 1606; x_wconf 90' lang='lat' dir='ltr'>est</span> <span class='ocrx_word' id='word_1_120' title='bbox 1262 1543 1367 1604; x_wconf 83' lang='lat' dir='ltr'>divini</span> <span class='ocrx_word' id='word_1_121' title='bbox 1391 1544 1521 1606; x_wconf 90' lang='lat' dir='ltr'>timoris</span> <span class='ocrx_word' id='word_1_122' title='bbox 1538 1544 1591 1606; x_wconf 81' lang='lat' dir='ltr'>vel</span> <span class='ocrx_word' id='word_1_123' title='bbox 1604 1544 1711 1621; x_wconf 91' lang='lat' dir='ltr'>pudo-</span> 
     </span>
     <span class='ocr_line' id='line_1_13' title="bbox 81 1632 1710 1718; baseline 0.007 -27"><span class='ocrx_word' id='word_1_124' title='bbox 81 1632 192 1692; x_wconf 86' lang='lat' dir='ltr'>octaro.</span> <span class='ocrx_word' id='word_1_125' title='bbox 914 1638 962 1698; x_wconf 88' lang='lat' dir='ltr'>ris</span> <span class='ocrx_word' id='word_1_126' title='bbox 990 1639 1146 1712; x_wconf 88' lang='lat' dir='ltr'>hnmani,</span> <span class='ocrx_word' id='word_1_127' title='bbox 1170 1639 1348 1718; x_wconf 84' lang='lat' dir='ltr'>antequam</span> <span class='ocrx_word' id='word_1_128' title='bbox 1370 1642 1486 1704; x_wconf 87' lang='lat' dir='ltr'>contra</span> <span class='ocrx_word' id='word_1_129' title='bbox 1506 1657 1566 1704; x_wconf 82' lang='lat' dir='ltr'>ros</span> <span class='ocrx_word' id='word_1_130' title='bbox 1592 1641 1710 1717; x_wconf 85' lang='lat' dir='ltr'>rigidae</span> 
     </span>
     <span class='ocr_line' id='line_1_14' title="bbox 915 1736 1710 1813; baseline 0.005 -17"><span class='ocrx_word' id='word_1_131' title='bbox 915 1736 1051 1798; x_wconf 91' lang='lat' dir='ltr'>ultionis</span> <span class='ocrx_word' id='word_1_132' title='bbox 1066 1737 1198 1813; x_wconf 79' lang='lat' dir='ltr'>gladius</span> <span class='ocrx_word' id='word_1_133' title='bbox 1213 1737 1479 1800; x_wconf 87' lang='lat' dir='ltr'>irrevocabiliter</span> <span class='ocrx_word' id='word_1_134' title='bbox 1486 1738 1654 1812; x_wconf 88' lang='lat' dir='ltr'>exeratur,</span> <span class='ocrx_word' id='word_1_135' title='bbox 1666 1737 1710 1800; x_wconf 93' lang='lat' dir='ltr'>ad</span> 
     </span>
    </p>

    <p class='ocr_par' dir='ltr' id='par_1_3' title="bbox 378 1835 1708 1949">
     <span class='ocr_line' id='line_1_15' title="bbox 378 1835 1708 1949; baseline 0.003 -57"><span class='ocrx_word' id='word_1_136' title='bbox 378 1862 536 1949; x_wconf 74' lang='lat' dir='ltr'>LXXXI</span> <span class='ocrx_word' id='word_1_137' title='bbox 915 1835 1054 1896; x_wconf 87' lang='lat' dir='ltr'>matrem</span> <span class='ocrx_word' id='word_1_138' title='bbox 1069 1836 1216 1897; x_wconf 82' lang='lat' dir='ltr'>vestram</span> <span class='ocrx_word' id='word_1_139' title='bbox 1241 1836 1482 1897; x_wconf 88' lang='lat' dir='ltr'>convertamini</span> <span class='ocrx_word' id='word_1_140' title='bbox 1500 1836 1708 1908; x_wconf 80' lang='lat' dir='ltr'>festinanter,</span> 
     </span>
    </p>

    <p class='ocr_par' dir='ltr' id='par_1_4' title="bbox 914 1928 1710 2008">
     <span class='ocr_line' id='line_1_16' title="bbox 914 1928 1710 2008; baseline 0.004 -17"><span class='ocrx_word' id='word_1_141' title='bbox 914 1928 1079 1995; x_wconf 88' lang='lat' dir='ltr'>obedituri</span> <span class='ocrx_word' id='word_1_142' title='bbox 1094 1931 1279 1992; x_wconf 88' lang='lat' dir='ltr'>venerabili</span> <span class='ocrx_word' id='word_1_143' title='bbox 1303 1931 1399 1994; x_wconf 90' lang='lat' dir='ltr'>fratri</span> <span class='ocrx_word' id='word_1_144' title='bbox 1424 1934 1538 1994; x_wconf 91' lang='lat' dir='ltr'>nostro</span> <span class='ocrx_word' id='word_1_145' title='bbox 1555 1932 1710 2008; x_wconf 85' lang='lat' dir='ltr'>Magalo-</span> 
     </span>
    </p>

    <p class='ocr_par' dir='ltr' id='par_1_5' title="bbox 139 2012 1711 2204">
     <span class='ocr_line' id='line_1_17' title="bbox 139 2012 1711 2108; baseline 0.003 -21"><span class='ocrx_word' id='word_1_146' title='bbox 139 2015 324 2076; x_wconf 67' lang='lat' dir='ltr'>Admililei</span> <span class='ocrx_word' id='word_1_147' title='bbox 335 2012 369 2076; x_wconf 65' lang='grc' dir='ltr'><em>θῖ</em></span> <span class='ocrx_word' id='word_1_148' title='bbox 381 2018 546 2089; x_wconf 81' lang='lat' dir='ltr'>populum</span> <span class='ocrx_word' id='word_1_149' title='bbox 559 2014 797 2089; x_wconf 77' lang='lat' dir='ltr'>merporiemts</span> <span class='ocrx_word' id='word_1_150' title='bbox 914 2028 1011 2088; x_wconf 92' lang='lat' dir='ltr'>nensi</span> <span class='ocrx_word' id='word_1_151' title='bbox 1027 2029 1183 2107; x_wconf 90' lang='lat' dir='ltr'>episcopo</span> <span class='ocrx_word' id='word_1_152' title='bbox 1204 2028 1251 2108; x_wconf 85' lang='lat'>(2)</span> <span class='ocrx_word' id='word_1_153' title='bbox 1267 2031 1424 2106; x_wconf 89' lang='lat' dir='ltr'>tanquam</span> <span class='ocrx_word' id='word_1_154' title='bbox 1445 2029 1579 2092; x_wconf 92' lang='lat' dir='ltr'>domino</span> <span class='ocrx_word' id='word_1_155' title='bbox 1599 2030 1711 2092; x_wconf 86' lang='lat' dir='ltr'>vestro</span> 
     </span>
     <span class='ocr_line' id='line_1_18' title="bbox 365 2112 1710 2204; baseline 0.005 -22"><span class='ocrx_word' id='word_1_156' title='bbox 365 2112 560 2173; x_wconf 64' lang='lat' dir='ltr'>formatus·</span> <span class='ocrx_word' id='word_1_157' title='bbox 915 2124 1087 2187; x_wconf 87' lang='lat' dir='ltr'>humiliter</span> <span class='ocrx_word' id='word_1_158' title='bbox 1097 2128 1131 2188; x_wconf 89' lang='lat' dir='ltr'>et</span> <span class='ocrx_word' id='word_1_159' title='bbox 1144 2127 1272 2198; x_wconf 90' lang='lat' dir='ltr'>devote,</span> <span class='ocrx_word' id='word_1_160' title='bbox 1281 2142 1349 2188; x_wconf 91' lang='lat' dir='ltr'>non</span> <span class='ocrx_word' id='word_1_161' title='bbox 1362 2126 1512 2189; x_wconf 90' lang='lat' dir='ltr'>obstante</span> <span class='ocrx_word' id='word_1_162' title='bbox 1520 2126 1710 2204; x_wconf 89' lang='lat' dir='ltr'>juramento</span> 
     </span>
    </p>

    <p class='ocr_par' dir='ltr' id='par_1_6' title="bbox 325 2221 1708 2303">
     <span class='ocr_line' id='line_1_19' title="bbox 325 2221 1708 2303; baseline 0.005 -25"><span class='ocrx_word' id='word_1_163' title='bbox 325 2242 500 2301; x_wconf 51' lang='lat' dir='ltr'>mmm,</span> <span class='ocrx_word' id='word_1_164' title='bbox 513 2242 593 2301; x_wconf 61' lang='lat'>1223,</span> <span class='ocrx_word' id='word_1_165' title='bbox 915 2221 943 2282; x_wconf 91' lang='lat' dir='ltr'>si</span> <span class='ocrx_word' id='word_1_166' title='bbox 968 2222 1054 2300; x_wconf 86' lang='lat' dir='ltr'>quod</span> <span class='ocrx_word' id='word_1_167' title='bbox 1081 2222 1169 2285; x_wconf 91' lang='lat' dir='ltr'>dicto</span> <span class='ocrx_word' id='word_1_168' title='bbox 1195 2226 1235 2286; x_wconf 87' lang='lat' dir='ltr'>R.</span> <span class='ocrx_word' id='word_1_169' title='bbox 1250 2222 1299 2303; x_wconf 89' lang='lat'>(3)</span> <span class='ocrx_word' id='word_1_170' title='bbox 1324 2223 1462 2297; x_wconf 91' lang='lat' dir='ltr'>fecistis,</span> <span class='ocrx_word' id='word_1_171' title='bbox 1492 2223 1708 2301; x_wconf 86' lang='lat' dir='ltr'>qnodillicite</span> 
     </span>
    </p>

    <p class='ocr_par' dir='ltr' id='par_1_7' title="bbox 81 2320 1712 2724">
     <span class='ocr_line' id='line_1_20' title="bbox 99 2320 1709 2430; baseline 0.005 -55"><span class='ocrx_word' id='word_1_172' title='bbox 99 2364 198 2430; x_wconf 57' lang='lat' dir='ltr'>30qu</span> <span class='ocrx_word' id='word_1_173' title='bbox 217 2366 266 2417; x_wconf 51' lang='lat' dir='ltr'>Bw</span> <span class='ocrx_word' id='word_1_174' title='bbox 286 2365 399 2416; x_wconf 71' lang='lat' dir='ltr'>omnm</span> <span class='ocrx_word' id='word_1_175' title='bbox 422 2366 480 2417; x_wconf 62' lang='lat' dir='ltr'>XIX</span> <span class='ocrx_word' id='word_1_176' title='bbox 501 2365 562 2416; x_wconf 64' lang='lat'>743,</span> <span class='ocrx_word' id='word_1_177' title='bbox 587 2367 685 2430; x_wconf 77' lang='lat' dir='ltr'>aegest.</span> <span class='ocrx_word' id='word_1_178' title='bbox 707 2364 755 2417; x_wconf 84' lang='lat' dir='ltr'>lib.</span> <span class='ocrx_word' id='word_1_179' title='bbox 768 2364 826 2417; x_wconf 84' lang='lat' dir='ltr'>vill</span> <span class='ocrx_word' id='word_1_180' title='bbox 914 2320 1194 2397; x_wconf 86' lang='lat' dir='ltr'>praestitumliciie</span> <span class='ocrx_word' id='word_1_181' title='bbox 1210 2321 1338 2383; x_wconf 90' lang='lat' dir='ltr'>servari</span> <span class='ocrx_word' id='word_1_182' title='bbox 1346 2337 1414 2382; x_wconf 93' lang='lat' dir='ltr'>non</span> <span class='ocrx_word' id='word_1_183' title='bbox 1423 2321 1540 2398; x_wconf 85' lang='lat' dir='ltr'>potest.</span> <span class='ocrx_word' id='word_1_184' title='bbox 1550 2322 1709 2398; x_wconf 83' lang='lat' dir='ltr'>Alioquin</span> 
     </span>
     <span class='ocr_line' id='line_1_21' title="bbox 199 2401 1708 2510; baseline 0.004 -37"><span class='ocrx_word' id='word_1_185' title='bbox 199 2402 207 2425; x_wconf 83' lang='lat'>¹</span> <span class='ocrx_word' id='word_1_186' title='bbox 269 2402 274 2415; x_wconf 86' lang='lat'>&#39;</span> <span class='ocrx_word' id='word_1_187' title='bbox 388 2404 461 2510; x_wconf 71' lang='lat' dir='ltr'>epist.</span> <span class='ocrx_word' id='word_1_188' title='bbox 474 2404 563 2510; x_wconf 53' lang='grc' dir='ltr'>[ω’</span> <span class='ocrx_word' id='word_1_189' title='bbox 690 2402 697 2425; x_wconf 85' lang='grc'><strong>’</strong></span> <span class='ocrx_word' id='word_1_190' title='bbox 830 2401 838 2423; x_wconf 87' lang='grc'>’</span> <span class='ocrx_word' id='word_1_191' title='bbox 916 2433 982 2479; x_wconf 92' lang='lat' dir='ltr'>non</span> <span class='ocrx_word' id='word_1_192' title='bbox 996 2420 1195 2496; x_wconf 80' lang='lat' dir='ltr'>exspectetis</span> <span class='ocrx_word' id='word_1_193' title='bbox 1208 2435 1228 2480; x_wconf 90' lang='lat' dir='ltr'>a</span> <span class='ocrx_word' id='word_1_194' title='bbox 1242 2418 1338 2481; x_wconf 91' lang='lat' dir='ltr'>nobis</span> <span class='ocrx_word' id='word_1_195' title='bbox 1352 2420 1493 2482; x_wconf 88' lang='lat' dir='ltr'>ulterius</span> <span class='ocrx_word' id='word_1_196' title='bbox 1503 2419 1708 2480; x_wconf 89' lang='lat' dir='ltr'>commoneri</span> 
     </span>
     <span class='ocr_line' id='line_1_22' title="bbox 81 2515 1712 2626; baseline 0.005 -19"><span class='ocrx_word' id='word_1_197' title='bbox 81 2549 199 2625; x_wconf 73' lang='lat' dir='ltr'>Obiurgat</span> <span class='ocrx_word' id='word_1_198' title='bbox 211 2567 262 2610; x_wconf 90' lang='lat' dir='ltr'>eos</span> <span class='ocrx_word' id='word_1_199' title='bbox 280 2554 436 2622; x_wconf 84' lang='lat' dir='ltr'>Honorius,</span> <span class='ocrx_word' id='word_1_200' title='bbox 457 2552 564 2625; x_wconf 82' lang='lat' dir='ltr'>quoda</span> <span class='ocrx_word' id='word_1_201' title='bbox 585 2551 713 2610; x_wconf 90' lang='lat' dir='ltr'>dominio</span> <span class='ocrx_word' id='word_1_202' title='bbox 727 2551 858 2625; x_wconf 85' lang='lat' dir='ltr'>Magalo-</span> <span class='ocrx_word' id='word_1_203' title='bbox 915 2515 946 2625; x_wconf 60' lang='lat' dir='ltr'>Si,</span> <span class='ocrx_word' id='word_1_204' title='bbox 955 2517 1078 2593; x_wconf 54' lang='lat' dir='ltr'>quanm</span> <span class='ocrx_word' id='word_1_205' title='bbox 1089 2517 1321 2626; x_wconf 42' lang='lat' dir='ltr'>v⁰⁸h³9sp⁰u⁸</span> <span class='ocrx_word' id='word_1_206' title='bbox 1335 2518 1517 2594; x_wconf 56' lang='lat' dir='ltr'>patientius</span> <span class='ocrx_word' id='word_1_207' title='bbox 1528 2522 1712 2626; x_wconf 53' lang='lat' dir='ltr'>⁰⁰¹¹{pf&#39;m&#39;</span> 
     </span>
     <span class='ocr_line' id='line_1_23' title="bbox 109 2614 1712 2724; baseline 0.002 -27"><span class='ocrx_word' id='word_1_208' title='bbox 109 2644 196 2699; x_wconf 87' lang='lat' dir='ltr'>nensis</span> <span class='ocrx_word' id='word_1_209' title='bbox 220 2641 351 2715; x_wconf 84' lang='lat' dir='ltr'>episcopi</span> <span class='ocrx_word' id='word_1_210' title='bbox 380 2640 415 2699; x_wconf 88' lang='lat' dir='ltr'>ad</span> <span class='ocrx_word' id='word_1_211' title='bbox 438 2648 534 2715; x_wconf 88' lang='lat' dir='ltr'>partes</span> <span class='ocrx_word' id='word_1_212' title='bbox 553 2640 706 2699; x_wconf 84' lang='lat' dir='ltr'>Raimundi</span> <span class='ocrx_word' id='word_1_213' title='bbox 727 2640 861 2698; x_wconf 84' lang='lat' dir='ltr'>Tolosanl</span> <span class='ocrx_word' id='word_1_214' title='bbox 913 2615 1136 2685; x_wconf 53' lang='lat' dir='ltr'>”mammo</span> <span class='ocrx_word' id='word_1_215' title='bbox 1151 2614 1712 2724; x_wconf 25' lang='lat' dir='ltr'>dumamvestramutamsptfstua‘</span> 
     </span>
    </p>

    <p class='ocr_par' dir='ltr' id='par_1_8' title="bbox 71 2711 1710 2802">
     <span class='ocr_line' id='line_1_24' title="bbox 71 2711 1710 2802; baseline 0.002 -17"><span class='ocrx_word' id='word_1_216' title='bbox 71 2726 76 2739; x_wconf 93' lang='lat'><em>&#39;</em></span> <span class='ocrx_word' id='word_1_217' title='bbox 108 2727 277 2800; x_wconf 85' lang='lat' dir='ltr'>desciverint,</span> <span class='ocrx_word' id='word_1_218' title='bbox 301 2737 331 2788; x_wconf 90' lang='lat' dir='ltr'>et</span> <span class='ocrx_word' id='word_1_219' title='bbox 351 2745 466 2802; x_wconf 89' lang='lat' dir='ltr'>poenam</span> <span class='ocrx_word' id='word_1_220' title='bbox 481 2730 517 2787; x_wconf 90' lang='lat' dir='ltr'>ab</span> <span class='ocrx_word' id='word_1_221' title='bbox 531 2729 567 2786; x_wconf 90' lang='lat' dir='ltr'>iis</span> <span class='ocrx_word' id='word_1_222' title='bbox 581 2729 754 2787; x_wconf 87' lang='lat' dir='ltr'>severiorem</span> <span class='ocrx_word' id='word_1_223' title='bbox 767 2744 798 2785; x_wconf 89' lang='lat' dir='ltr'>sc</span> <span class='ocrx_word' id='word_1_224' title='bbox 813 2744 858 2786; x_wconf 88' lang='lat' dir='ltr'>re·</span> <span class='ocrx_word' id='word_1_225' title='bbox 916 2711 1346 2788; x_wconf 60' lang='lat' dir='ltr'>litefquamtemllol&#39;alitffl’</span> <span class='ocrx_word' id='word_1_226' title='bbox 1365 2726 1710 2788; x_wconf 68' lang='lat' dir='ltr'>S⁰V&lt;³l¹11⁸l&gt;¹¹¹¹¹011¹¹1⁸</span> 
     </span>
    </p>
   </div>
   <div class='ocr_carea' id='block_1_3' title="bbox 108 2808 1712 2982">
    <p class='ocr_par' dir='ltr' id='par_1_9' title="bbox 108 2808 1712 2982">
     <span class='ocr_line' id='line_1_25' title="bbox 108 2808 1712 2892; baseline -0.004 -19"><span class='ocrx_word' id='word_1_227' title='bbox 108 2818 247 2888; x_wconf 84' lang='lat' dir='ltr'>perimrnm</span> <span class='ocrx_word' id='word_1_228' title='bbox 267 2819 405 2887; x_wconf 87' lang='lat' dir='ltr'>minatur,</span> <span class='ocrx_word' id='word_1_229' title='bbox 426 2819 481 2875; x_wconf 87' lang='lat' dir='ltr'>nisi</span> <span class='ocrx_word' id='word_1_230' title='bbox 506 2819 535 2875; x_wconf 90' lang='lat' dir='ltr'>in</span> <span class='ocrx_word' id='word_1_231' title='bbox 549 2818 708 2892; x_wconf 83' lang='lat' dir='ltr'>legitimam</span> <span class='ocrx_word' id='word_1_232' title='bbox 723 2818 859 2875; x_wconf 85' lang='lat' dir='ltr'>ditionem</span> <span class='ocrx_word' id='word_1_233' title='bbox 914 2824 973 2868; x_wconf 85' lang='lat' dir='ltr'>vos</span> <span class='ocrx_word' id='word_1_234' title='bbox 988 2811 1146 2886; x_wconf 87' lang='lat' dir='ltr'>tanquam</span> <span class='ocrx_word' id='word_1_235' title='bbox 1160 2809 1304 2886; x_wconf 84' lang='lat' dir='ltr'>perfidos</span> <span class='ocrx_word' id='word_1_236' title='bbox 1323 2810 1356 2875; x_wconf 86' lang='lat' dir='ltr'>et</span> <span class='ocrx_word' id='word_1_237' title='bbox 1369 2809 1456 2871; x_wconf 90' lang='lat' dir='ltr'>bona</span> <span class='ocrx_word' id='word_1_238' title='bbox 1474 2810 1586 2871; x_wconf 88' lang='lat' dir='ltr'>restra</span> <span class='ocrx_word' id='word_1_239' title='bbox 1602 2808 1712 2870; x_wconf 87' lang='lat' dir='ltr'>ornni-</span> 
     </span>
     <span class='ocr_line' id='line_1_26' title="bbox 110 2901 1709 2982; baseline 0.003 -21"><span class='ocrx_word' id='word_1_240' title='bbox 110 2920 195 2963; x_wconf 89' lang='lat' dir='ltr'>mrsus</span> <span class='ocrx_word' id='word_1_241' title='bbox 207 2905 369 2966; x_wconf 87' lang='lat' dir='ltr'>concedere</span> <span class='ocrx_word' id='word_1_242' title='bbox 384 2906 526 2965; x_wconf 86' lang='lat' dir='ltr'>festinent.</span> <span class='ocrx_word' id='word_1_243' title='bbox 915 2904 976 2967; x_wconf 87' lang='lat' dir='ltr'>bus</span> <span class='ocrx_word' id='word_1_244' title='bbox 998 2906 1205 2982; x_wconf 76' lang='lat' dir='ltr'>exponendo·</span> <span class='ocrx_word' id='word_1_245' title='bbox 1235 2908 1354 2973; x_wconf 85' lang='lat' dir='ltr'>natum</span> <span class='ocrx_word' id='word_1_246' title='bbox 1383 2906 1556 2977; x_wconf 84' lang='lat' dir='ltr'>Laterani,</span> <span class='ocrx_word' id='word_1_247' title='bbox 1580 2906 1613 2965; x_wconf 87' lang='lat' dir='ltr'>X</span> <span class='ocrx_word' id='word_1_248' title='bbox 1639 2901 1709 2966; x_wconf 81' lang='lat' dir='ltr'>kal.</span> 
     </span>
    </p>
   </div>
   <div class='ocr_carea' id='block_1_4' title="bbox 113 3003 1666 3122">
    <p class='ocr_par' dir='ltr' id='par_1_10' title="bbox 113 3003 1666 3122">
     <span class='ocr_line' id='line_1_27' title="bbox 113 3003 1666 3122; baseline -0.001 -57"><span class='ocrx_word' id='word_1_249' title='bbox 113 3044 268 3106; x_wconf 57' lang='lat' dir='ltr'>Honorius</span> <span class='ocrx_word' id='word_1_250' title='bbox 278 3044 510 3122; x_wconf 37' lang='lat' dir='ltr'>episcopum</span> <span class='ocrx_word' id='word_1_251' title='bbox 525 3042 686 3105; x_wconf 58' lang='lat' dir='ltr'>militibus</span> <span class='ocrx_word' id='word_1_252' title='bbox 697 3041 860 3120; x_wconf 69' lang='lat' dir='ltr'>etpopulo</span> <span class='ocrx_word' id='word_1_253' title='bbox 911 3004 1073 3080; x_wconf 88' lang='lat' dir='ltr'>januarii,</span> <span class='ocrx_word' id='word_1_254' title='bbox 1088 3004 1302 3080; x_wconf 86' lang='lat' dir='ltr'>pontificatus</span> <span class='ocrx_word' id='word_1_255' title='bbox 1316 3004 1424 3071; x_wconf 80' lang='lat' dir='ltr'>nostri</span> <span class='ocrx_word' id='word_1_256' title='bbox 1434 3019 1523 3073; x_wconf 75' lang='lat' dir='ltr'>anno</span> <span class='ocrx_word' id='word_1_257' title='bbox 1538 3003 1666 3067; x_wconf 79' lang='lat' dir='ltr'>octavo.</span> 
     </span>
    </p>
   </div>
   <div class='ocr_carea' id='block_1_5' title="bbox 75 3137 1711 5469">
    <p class='ocr_par' dir='ltr' id='par_1_11' title="bbox 82 3137 784 3218">
     <span class='ocr_line' id='line_1_28' title="bbox 82 3137 784 3218; baseline 0.004 -21"><span class='ocrx_word' id='word_1_258' title='bbox 82 3137 114 3199; x_wconf 88' lang='lat' dir='ltr'>de</span> <span class='ocrx_word' id='word_1_259' title='bbox 126 3141 288 3217; x_wconf 88' lang='lat' dir='ltr'>ldelgorio,</span> <span class='ocrx_word' id='word_1_260' title='bbox 310 3141 465 3218; x_wconf 88' lang='lat' dir='ltr'>spiritum</span> <span class='ocrx_word' id='word_1_261' title='bbox 481 3141 614 3203; x_wconf 89' lang='lat' dir='ltr'>consilii</span> <span class='ocrx_word' id='word_1_262' title='bbox 629 3140 784 3202; x_wconf 87' lang='lat' dir='ltr'>sanioris.</span> 
     </span>
    </p>

    <p class='ocr_par' dir='ltr' id='par_1_12' title="bbox 77 3236 1711 4968">
     <span class='ocr_line' id='line_1_29' title="bbox 113 3236 1417 3308; baseline -0.002 -10"><span class='ocrx_word' id='word_1_263' title='bbox 113 3238 192 3308; x_wconf 86' lang='lat' dir='ltr'>Quod</span> <span class='ocrx_word' id='word_1_264' title='bbox 207 3239 245 3301; x_wconf 92' lang='lat' dir='ltr'>de</span> <span class='ocrx_word' id='word_1_265' title='bbox 260 3239 430 3301; x_wconf 87' lang='lat' dir='ltr'>libertatis</span> <span class='ocrx_word' id='word_1_266' title='bbox 453 3241 614 3300; x_wconf 86' lang='lat' dir='ltr'>maternae</span> <span class='ocrx_word' id='word_1_267' title='bbox 634 3237 809 3298; x_wconf 90' lang='lat' dir='ltr'>dulcedine</span> <span class='ocrx_word' id='word_1_268' title='bbox 822 3236 859 3297; x_wconf 91' lang='lat' dir='ltr'>in</span> <span class='ocrx_word' id='word_1_269' title='bbox 1414 3250 1417 3256; x_wconf 88' lang='lat'><em>·</em></span> 
     </span>
     <span class='ocr_line' id='line_1_30' title="bbox 82 3293 1402 3414; baseline 0.002 -22"><span class='ocrx_word' id='word_1_270' title='bbox 82 3335 319 3398; x_wconf 89' lang='lat' dir='ltr'>amaritudinem</span> <span class='ocrx_word' id='word_1_271' title='bbox 338 3335 523 3414; x_wconf 71' lang='lat' dir='ltr'>tyrannicae</span> <span class='ocrx_word' id='word_1_272' title='bbox 543 3334 715 3397; x_wconf 83' lang='lat' dir='ltr'>servitutis</span> <span class='ocrx_word' id='word_1_273' title='bbox 741 3335 861 3411; x_wconf 86' lang='lat' dir='ltr'>praeci-</span> <span class='ocrx_word' id='word_1_274' title='bbox 1223 3293 1402 3380; x_wconf 75' lang='lat' dir='ltr'>LXXXII</span> 
     </span>
     <span class='ocr_line' id='line_1_31' title="bbox 82 3430 1552 3518; baseline 0.002 -29"><span class='ocrx_word' id='word_1_275' title='bbox 82 3430 191 3504; x_wconf 78' lang='lat' dir='ltr'>pitastu</span> <span class='ocrx_word' id='word_1_276' title='bbox 217 3433 401 3497; x_wconf 81' lang='lat' dir='ltr'>infeliciter</span> <span class='ocrx_word' id='word_1_277' title='bbox 425 3434 663 3510; x_wconf 61' lang='lat' dir='ltr'>vosmetipsos</span> <span class='ocrx_word' id='word_1_278' title='bbox 699 3431 857 3509; x_wconf 92' lang='lat' dir='ltr'>fugiendo</span> <span class='ocrx_word' id='word_1_279' title='bbox 1003 3469 1006 3475; x_wconf 64' lang='grc'>«</span> <span class='ocrx_word' id='word_1_280' title='bbox 1064 3447 1116 3505; x_wconf 67' lang='lat' dir='ltr'>Aa</span> <span class='ocrx_word' id='word_1_281' title='bbox 1128 3444 1355 3518; x_wconf 47' lang='lat' dir='ltr'>praepositum</span> <span class='ocrx_word' id='word_1_282' title='bbox 1364 3446 1552 3506; x_wconf 61' lang='lat' dir='ltr'>Massaron,</span> 
     </span>
     <span class='ocr_line' id='line_1_32' title="bbox 82 3524 1446 3633; baseline 0.001 -45"><span class='ocrx_word' id='word_1_283' title='bbox 82 3524 236 3607; x_wconf 87' lang='lat' dir='ltr'>benignam</span> <span class='ocrx_word' id='word_1_284' title='bbox 249 3531 513 3593; x_wconf 89' lang='lat' dir='ltr'>dominationem</span> <span class='ocrx_word' id='word_1_285' title='bbox 536 3531 590 3592; x_wconf 81' lang='lat' dir='ltr'>vel</span> <span class='ocrx_word' id='word_1_286' title='bbox 604 3530 715 3606; x_wconf 90' lang='lat' dir='ltr'>potius</span> <span class='ocrx_word' id='word_1_287' title='bbox 731 3528 858 3607; x_wconf 88' lang='lat' dir='ltr'>guber·</span> <span class='ocrx_word' id='word_1_288' title='bbox 1050 3576 1054 3581; x_wconf 90' lang='lat'>.</span> <span class='ocrx_word' id='word_1_289' title='bbox 1145 3592 1150 3605; x_wconf 64' lang='grc'>,</span> <span class='ocrx_word' id='word_1_290' title='bbox 1177 3575 1211 3632; x_wconf 79' lang='lat'>23</span> <span class='ocrx_word' id='word_1_291' title='bbox 1222 3572 1350 3633; x_wconf 38' lang='lat' dir='ltr'><strong>decemb.</strong></span> <span class='ocrx_word' id='word_1_292' title='bbox 1368 3575 1446 3632; x_wconf 78' lang='lat'><strong>1223.</strong></span> 
     </span>
     <span class='ocr_line' id='line_1_33' title="bbox 82 3626 1660 3708; baseline 0.003 -25"><span class='ocrx_word' id='word_1_293' title='bbox 82 3626 228 3690; x_wconf 89' lang='lat' dir='ltr'>nationem</span> <span class='ocrx_word' id='word_1_294' title='bbox 249 3628 503 3705; x_wconf 89' lang='lat' dir='ltr'>Magalonensis</span> <span class='ocrx_word' id='word_1_295' title='bbox 528 3627 689 3700; x_wconf 87' lang='lat' dir='ltr'>ecclesiae,</span> <span class='ocrx_word' id='word_1_296' title='bbox 712 3643 786 3704; x_wconf 84' lang='lat' dir='ltr'>quae</span> <span class='ocrx_word' id='word_1_297' title='bbox 800 3643 860 3689; x_wconf 87' lang='lat' dir='ltr'>ros</span> <span class='ocrx_word' id='word_1_298' title='bbox 1075 3695 1080 3707; x_wconf 51' lang='grc'><strong>,</strong></span> <span class='ocrx_word' id='word_1_299' title='bbox 1230 3696 1236 3708; x_wconf 48' lang='lat'>‚</span> <span class='ocrx_word' id='word_1_300' title='bbox 1654 3696 1660 3708; x_wconf 51' lang='grc'><em>,</em></span> 
     </span>
     <span class='ocr_line' id='line_1_34' title="bbox 82 3696 1693 3812; baseline 0.002 -30"><span class='ocrx_word' id='word_1_301' title='bbox 82 3736 135 3784; x_wconf 90' lang='lat' dir='ltr'>non</span> <span class='ocrx_word' id='word_1_302' title='bbox 145 3725 211 3787; x_wconf 90' lang='lat' dir='ltr'>sine</span> <span class='ocrx_word' id='word_1_303' title='bbox 221 3727 330 3788; x_wconf 91' lang='lat' dir='ltr'>multo</span> <span class='ocrx_word' id='word_1_304' title='bbox 348 3725 541 3788; x_wconf 90' lang='lat' dir='ltr'>discrimine</span> <span class='ocrx_word' id='word_1_305' title='bbox 554 3725 595 3786; x_wconf 92' lang='lat' dir='ltr'>de</span> <span class='ocrx_word' id='word_1_306' title='bbox 610 3725 723 3787; x_wconf 91' lang='lat' dir='ltr'>multis</span> <span class='ocrx_word' id='word_1_307' title='bbox 736 3740 859 3800; x_wconf 89' lang='lat' dir='ltr'>angus·</span> <span class='ocrx_word' id='word_1_308' title='bbox 931 3696 1050 3761; x_wconf 63' lang='lat' dir='ltr'>lamet,</span> <span class='ocrx_word' id='word_1_309' title='bbox 1062 3696 1108 3749; x_wconf 72' lang='lat'><strong>¹¹¹³·</strong></span> <span class='ocrx_word' id='word_1_310' title='bbox 1120 3697 1271 3812; x_wconf 71' lang='lat' dir='ltr'>vn1,ep1si.</span> <span class='ocrx_word' id='word_1_311' title='bbox 1284 3696 1337 3748; x_wconf 60' lang='lat'>¹⁴⁴·</span> <span class='ocrx_word' id='word_1_312' title='bbox 1346 3698 1405 3748; x_wconf 63' lang='lat'><strong>³¹³⁸·</strong></span> <span class='ocrx_word' id='word_1_313' title='bbox 1416 3698 1453 3749; x_wconf 52' lang='grc' dir='ltr'>ω</span> <span class='ocrx_word' id='word_1_314' title='bbox 1464 3699 1539 3748; x_wconf 55' lang='grc' dir='ltr'>Ροῐω</span> <span class='ocrx_word' id='word_1_315' title='bbox 1551 3696 1587 3747; x_wconf 79' lang='lat'>‘¹¹¹</span> <span class='ocrx_word' id='word_1_316' title='bbox 1600 3697 1693 3762; x_wconf 58' lang='grc' dir='ltr'>Μ’]</span> 
     </span>
     <span class='ocr_line' id='line_1_35' title="bbox 81 3811 1707 3913; baseline -0.001 -44"><span class='ocrx_word' id='word_1_317' title='bbox 81 3819 126 3880; x_wconf 72' lang='lat' dir='ltr'>liis</span> <span class='ocrx_word' id='word_1_318' title='bbox 136 3821 298 3896; x_wconf 66' lang='lat' dir='ltr'>liberarat,</span> <span class='ocrx_word' id='word_1_319' title='bbox 316 3824 350 3885; x_wconf 63' lang='lat' dir='ltr'>et</span> <span class='ocrx_word' id='word_1_320' title='bbox 363 3823 523 3884; x_wconf 65' lang='lat' dir='ltr'>tradend0</span> <span class='ocrx_word' id='word_1_321' title='bbox 533 3838 593 3885; x_wconf 71' lang='lat' dir='ltr'>vos</span> <span class='ocrx_word' id='word_1_322' title='bbox 604 3821 801 3900; x_wconf 72' lang='lat' dir='ltr'>proditionis</span> <span class='ocrx_word' id='word_1_323' title='bbox 811 3821 859 3901; x_wconf 87' lang='lat'>(1)</span> <span class='ocrx_word' id='word_1_324' title='bbox 914 3813 1072 3871; x_wconf 83' lang='lat' dir='ltr'>Ecclesiam</span> <span class='ocrx_word' id='word_1_325' title='bbox 1087 3811 1123 3869; x_wconf 92' lang='lat' dir='ltr'>de</span> <span class='ocrx_word' id='word_1_326' title='bbox 1135 3813 1246 3871; x_wconf 74' lang='lat' dir='ltr'>blando</span> <span class='ocrx_word' id='word_1_327' title='bbox 1258 3813 1287 3869; x_wconf 90' lang='lat' dir='ltr'>in</span> <span class='ocrx_word' id='word_1_328' title='bbox 1298 3828 1366 3869; x_wconf 88' lang='lat' dir='ltr'>usus</span> <span class='ocrx_word' id='word_1_329' title='bbox 1381 3813 1511 3913; x_wconf 87' lang='lat' dir='ltr'>proprios</span> <span class='ocrx_word' id='word_1_330' title='bbox 1530 3811 1669 3869; x_wconf 87' lang='lat' dir='ltr'>retinendi</span> <span class='ocrx_word' id='word_1_331' title='bbox 1678 3812 1707 3868; x_wconf 86' lang='lat' dir='ltr'>ei</span> 
     </span>
     <span class='ocr_line' id='line_1_36' title="bbox 81 3898 1469 4007; baseline 0.004 -32"><span class='ocrx_word' id='word_1_332' title='bbox 81 3914 335 3983; x_wconf 88' lang='lat' dir='ltr'>lilioRaimundo</span> <span class='ocrx_word' id='word_1_333' title='bbox 359 3922 438 3982; x_wconf 89' lang='lat' dir='ltr'>nato</span> <span class='ocrx_word' id='word_1_334' title='bbox 467 3923 506 3982; x_wconf 87' lang='lat' dir='ltr'>R.</span> <span class='ocrx_word' id='word_1_335' title='bbox 535 3919 702 3997; x_wconf 88' lang='lat' dir='ltr'>quondam</span> <span class='ocrx_word' id='word_1_336' title='bbox 728 3919 859 3981; x_wconf 89' lang='lat' dir='ltr'>comitis</span> <span class='ocrx_word' id='word_1_337' title='bbox 1153 3900 1316 4007; x_wconf 50' lang='lat' dir='ltr'>siiuimeffl</span> <span class='ocrx_word' id='word_1_338' title='bbox 1327 3898 1469 3958; x_wconf 55' lang='lat' dir='ltr'>imin·</span> 
     </span>
     <span class='ocr_line' id='line_1_37' title="bbox 80 4014 1613 4095; baseline 0.003 -22"><span class='ocrx_word' id='word_1_339' title='bbox 80 4014 226 4091; x_wconf 71' lang='lat' dir='ltr'>tolosani,</span> <span class='ocrx_word' id='word_1_340' title='bbox 249 4022 287 4082; x_wconf 92' lang='lat' dir='ltr'>ut</span> <span class='ocrx_word' id='word_1_341' title='bbox 315 4018 496 4079; x_wconf 88' lang='lat' dir='ltr'>innitentes</span> <span class='ocrx_word' id='word_1_342' title='bbox 517 4016 636 4078; x_wconf 89' lang='lat' dir='ltr'>baculo</span> <span class='ocrx_word' id='word_1_343' title='bbox 662 4016 857 4089; x_wconf 88' lang='lat' dir='ltr'>arundineo,</span> <span class='ocrx_word' id='word_1_344' title='bbox 954 4017 1132 4090; x_wconf 88' lang='lat' dir='ltr'>Honorius,</span> <span class='ocrx_word' id='word_1_345' title='bbox 1147 4020 1222 4090; x_wconf 85' lang='lat' dir='ltr'>etc,</span> <span class='ocrx_word' id='word_1_346' title='bbox 1238 4017 1415 4095; x_wconf 88' lang='lat' dir='ltr'>praeposito</span> <span class='ocrx_word' id='word_1_347' title='bbox 1430 4017 1613 4078; x_wconf 87' lang='lat' dir='ltr'>Massilien.</span> 
     </span>
     <span class='ocr_line' id='line_1_38' title="bbox 82 4109 1710 4192; baseline 0.004 -23"><span class='ocrx_word' id='word_1_348' title='bbox 82 4109 126 4185; x_wconf 82' lang='lat' dir='ltr'>qni</span> <span class='ocrx_word' id='word_1_349' title='bbox 135 4111 252 4176; x_wconf 86' lang='lat' dir='ltr'>fractus</span> <span class='ocrx_word' id='word_1_350' title='bbox 266 4130 404 4176; x_wconf 86' lang='lat' dir='ltr'>manum</span> <span class='ocrx_word' id='word_1_351' title='bbox 420 4113 567 4191; x_wconf 88' lang='lat' dir='ltr'>perforat</span> <span class='ocrx_word' id='word_1_352' title='bbox 579 4113 765 4186; x_wconf 89' lang='lat' dir='ltr'>innitentis,</span> <span class='ocrx_word' id='word_1_353' title='bbox 785 4129 860 4174; x_wconf 90' lang='lat' dir='ltr'>cum</span> <span class='ocrx_word' id='word_1_354' title='bbox 954 4118 1072 4188; x_wconf 88' lang='lat' dir='ltr'>Quum,</span> <span class='ocrx_word' id='word_1_355' title='bbox 1099 4116 1186 4177; x_wconf 89' lang='lat' dir='ltr'>sicut</span> <span class='ocrx_word' id='word_1_356' title='bbox 1204 4115 1354 4177; x_wconf 79' lang='lat' dir='ltr'>exhibita</span> <span class='ocrx_word' id='word_1_357' title='bbox 1389 4114 1483 4176; x_wconf 90' lang='lat' dir='ltr'>nobis</span> <span class='ocrx_word' id='word_1_358' title='bbox 1511 4117 1569 4177; x_wconf 90' lang='lat' dir='ltr'>tua</span> <span class='ocrx_word' id='word_1_359' title='bbox 1594 4114 1710 4192; x_wconf 80' lang='lat' dir='ltr'>petitm</span> 
     </span>
     <span class='ocr_line' id='line_1_39' title="bbox 81 4205 1709 4287; baseline 0.006 -22"><span class='ocrx_word' id='word_1_360' title='bbox 81 4205 167 4271; x_wconf 90' lang='lat' dir='ltr'>fracto</span> <span class='ocrx_word' id='word_1_361' title='bbox 178 4214 274 4274; x_wconf 88' lang='lat' dir='ltr'>etiam</span> <span class='ocrx_word' id='word_1_362' title='bbox 285 4211 559 4287; x_wconf 80' lang='lat' dir='ltr'>confringamini,</span> <span class='ocrx_word' id='word_1_363' title='bbox 572 4226 640 4271; x_wconf 93' lang='lat' dir='ltr'>non</span> <span class='ocrx_word' id='word_1_364' title='bbox 651 4209 861 4272; x_wconf 91' lang='lat' dir='ltr'>solumdam-</span> <span class='ocrx_word' id='word_1_365' title='bbox 914 4212 1109 4281; x_wconf 84' lang='lat' dir='ltr'>declararit,</span> <span class='ocrx_word' id='word_1_366' title='bbox 1125 4214 1215 4274; x_wconf 88' lang='lat' dir='ltr'>cives</span> <span class='ocrx_word' id='word_1_367' title='bbox 1228 4213 1414 4274; x_wconf 88' lang='lat' dir='ltr'>Massilien.</span> <span class='ocrx_word' id='word_1_368' title='bbox 1428 4213 1544 4274; x_wconf 79' lang='lat' dir='ltr'>contra</span> <span class='ocrx_word' id='word_1_369' title='bbox 1555 4215 1659 4273; x_wconf 87' lang='lat' dir='ltr'>Deum</span> <span class='ocrx_word' id='word_1_370' title='bbox 1674 4215 1709 4275; x_wconf 89' lang='lat' dir='ltr'>ei</span> 
     </span>
     <span class='ocr_line' id='line_1_40' title="bbox 81 4304 1710 4388; baseline 0.006 -26"><span class='ocrx_word' id='word_1_371' title='bbox 81 4304 183 4369; x_wconf 87' lang='lat' dir='ltr'>nabilis</span> <span class='ocrx_word' id='word_1_372' title='bbox 203 4312 335 4372; x_wconf 90' lang='lat' dir='ltr'>reatum</span> <span class='ocrx_word' id='word_1_373' title='bbox 349 4308 491 4387; x_wconf 84' lang='lat' dir='ltr'>perjurii</span> <span class='ocrx_word' id='word_1_374' title='bbox 517 4310 550 4370; x_wconf 89' lang='lat' dir='ltr'>et</span> <span class='ocrx_word' id='word_1_375' title='bbox 564 4308 767 4370; x_wconf 86' lang='lat' dir='ltr'>detestandae</span> <span class='ocrx_word' id='word_1_376' title='bbox 782 4323 861 4385; x_wconf 90' lang='lat' dir='ltr'>pro·</span> <span class='ocrx_word' id='word_1_377' title='bbox 910 4311 1075 4387; x_wconf 78' lang='lat' dir='ltr'>Justitiam</span> <span class='ocrx_word' id='word_1_378' title='bbox 1099 4310 1202 4387; x_wconf 89' lang='lat' dir='ltr'>impie</span> <span class='ocrx_word' id='word_1_379' title='bbox 1224 4310 1472 4388; x_wconf 83' lang='lat' dir='ltr'>prosequentes,</span> <span class='ocrx_word' id='word_1_380' title='bbox 1499 4310 1540 4371; x_wconf 91' lang='lat' dir='ltr'>de</span> <span class='ocrx_word' id='word_1_381' title='bbox 1565 4310 1710 4387; x_wconf 88' lang='lat' dir='ltr'>propriis</span> 
     </span>
     <span class='ocr_line' id='line_1_41' title="bbox 81 4399 1710 4484; baseline 0.007 -25"><span class='ocrx_word' id='word_1_382' title='bbox 81 4399 196 4466; x_wconf 90' lang='lat' dir='ltr'>ditionis</span> <span class='ocrx_word' id='word_1_383' title='bbox 208 4407 395 4479; x_wconf 91' lang='lat' dir='ltr'>infamiam,</span> <span class='ocrx_word' id='word_1_384' title='bbox 422 4406 479 4467; x_wconf 90' lang='lat' dir='ltr'>sed</span> <span class='ocrx_word' id='word_1_385' title='bbox 506 4406 606 4468; x_wconf 91' lang='lat' dir='ltr'>etiam</span> <span class='ocrx_word' id='word_1_386' title='bbox 629 4405 860 4466; x_wconf 75' lang='lat' dir='ltr'>abominandae</span> <span class='ocrx_word' id='word_1_387' title='bbox 915 4406 1066 4468; x_wconf 92' lang='lat' dir='ltr'>domibus</span> <span class='ocrx_word' id='word_1_388' title='bbox 1078 4423 1138 4469; x_wconf 88' lang='lat' dir='ltr'>vos</span> <span class='ocrx_word' id='word_1_389' title='bbox 1153 4408 1275 4484; x_wconf 87' lang='lat' dir='ltr'>ejectos</span> <span class='ocrx_word' id='word_1_390' title='bbox 1290 4406 1410 4469; x_wconf 86' lang='lat' dir='ltr'>vestris</span> <span class='ocrx_word' id='word_1_391' title='bbox 1431 4406 1615 4469; x_wconf 86' lang='lat' dir='ltr'>redditibus</span> <span class='ocrx_word' id='word_1_392' title='bbox 1630 4424 1710 4484; x_wconf 86' lang='lat' dir='ltr'>spo-</span> 
     </span>
     <span class='ocr_line' id='line_1_42' title="bbox 79 4496 1711 4579; baseline 0.004 -21"><span class='ocrx_word' id='word_1_393' title='bbox 79 4496 312 4574; x_wconf 88' lang='lat' dir='ltr'>ingratitudinis</span> <span class='ocrx_word' id='word_1_394' title='bbox 340 4504 460 4566; x_wconf 75' lang='lat' dir='ltr'>vitium</span> <span class='ocrx_word' id='word_1_395' title='bbox 486 4505 519 4565; x_wconf 92' lang='lat' dir='ltr'>et</span> <span class='ocrx_word' id='word_1_396' title='bbox 542 4504 654 4564; x_wconf 92' lang='lat' dir='ltr'>notam</span> <span class='ocrx_word' id='word_1_397' title='bbox 675 4502 861 4564; x_wconf 72' lang='lat' dir='ltr'>manifesta)</span> <span class='ocrx_word' id='word_1_398' title='bbox 914 4502 1039 4573; x_wconf 88' lang='lat' dir='ltr'>liarint,</span> <span class='ocrx_word' id='word_1_399' title='bbox 1057 4519 1116 4564; x_wconf 90' lang='lat' dir='ltr'>nos</span> <span class='ocrx_word' id='word_1_400' title='bbox 1129 4502 1189 4566; x_wconf 91' lang='lat' dir='ltr'>tibi</span> <span class='ocrx_word' id='word_1_401' title='bbox 1209 4502 1319 4565; x_wconf 87' lang='lat' dir='ltr'>debito</span> <span class='ocrx_word' id='word_1_402' title='bbox 1330 4503 1568 4579; x_wconf 90' lang='lat' dir='ltr'>compatientes</span> <span class='ocrx_word' id='word_1_403' title='bbox 1588 4504 1711 4565; x_wconf 88' lang='lat' dir='ltr'>affectu</span> 
     </span>
     <span class='ocr_line' id='line_1_43' title="bbox 78 4593 1708 4679; baseline 0.006 -25"><span class='ocrx_word' id='word_1_404' title='bbox 78 4593 233 4663; x_wconf 76' lang='lat' dir='ltr'>dementiae</span> <span class='ocrx_word' id='word_1_405' title='bbox 255 4600 479 4663; x_wconf 89' lang='lat' dir='ltr'>infallibiliter</span> <span class='ocrx_word' id='word_1_406' title='bbox 501 4601 710 4673; x_wconf 71' lang='lat' dir='ltr'>incurristiS,</span> <span class='ocrx_word' id='word_1_407' title='bbox 746 4615 860 4660; x_wconf 92' lang='lat' dir='ltr'>rerum</span> <span class='ocrx_word' id='word_1_408' title='bbox 915 4600 1091 4662; x_wconf 88' lang='lat' dir='ltr'>ecclesiam</span> <span class='ocrx_word' id='word_1_409' title='bbox 1106 4600 1146 4661; x_wconf 93' lang='lat' dir='ltr'>de</span> <span class='ocrx_word' id='word_1_410' title='bbox 1169 4601 1297 4661; x_wconf 82' lang='lat' dir='ltr'>filando</span> <span class='ocrx_word' id='word_1_411' title='bbox 1322 4616 1410 4662; x_wconf 89' lang='lat' dir='ltr'>nunc</span> <span class='ocrx_word' id='word_1_412' title='bbox 1425 4602 1610 4670; x_wconf 87' lang='lat' dir='ltr'>vacantem,</span> <span class='ocrx_word' id='word_1_413' title='bbox 1635 4618 1708 4679; x_wconf 83' lang='lat' dir='ltr'>quea</span> 
     </span>
     <span class='ocr_line' id='line_1_44' title="bbox 78 4690 1710 4777; baseline 0.006 -26"><span class='ocrx_word' id='word_1_414' title='bbox 78 4690 242 4773; x_wconf 87' lang='lat' dir='ltr'>dispendia,</span> <span class='ocrx_word' id='word_1_415' title='bbox 265 4714 488 4777; x_wconf 85' lang='lat' dir='ltr'>personarum</span> <span class='ocrx_word' id='word_1_416' title='bbox 503 4698 652 4774; x_wconf 91' lang='lat' dir='ltr'>pericula</span> <span class='ocrx_word' id='word_1_417' title='bbox 674 4698 707 4759; x_wconf 91' lang='lat' dir='ltr'>et</span> <span class='ocrx_word' id='word_1_418' title='bbox 730 4696 861 4758; x_wconf 87' lang='lat' dir='ltr'>anima·</span> <span class='ocrx_word' id='word_1_419' title='bbox 915 4697 956 4758; x_wconf 88' lang='lat' dir='ltr'>ad</span> <span class='ocrx_word' id='word_1_420' title='bbox 973 4698 1185 4760; x_wconf 89' lang='lat' dir='ltr'>donationem</span> <span class='ocrx_word' id='word_1_421' title='bbox 1200 4700 1290 4760; x_wconf 90' lang='lat' dir='ltr'>tuam</span> <span class='ocrx_word' id='word_1_422' title='bbox 1306 4698 1346 4759; x_wconf 91' lang='lat' dir='ltr'>de</span> <span class='ocrx_word' id='word_1_423' title='bbox 1361 4714 1503 4759; x_wconf 89' lang='lat' dir='ltr'>assensu</span> <span class='ocrx_word' id='word_1_424' title='bbox 1517 4699 1664 4776; x_wconf 88' lang='lat' dir='ltr'>episcopi</span> <span class='ocrx_word' id='word_1_425' title='bbox 1677 4700 1710 4761; x_wconf 91' lang='lat' dir='ltr'>et</span> 
     </span>
     <span class='ocr_line' id='line_1_45' title="bbox 78 4793 1707 4872; baseline 0.001 -19"><span class='ocrx_word' id='word_1_426' title='bbox 78 4804 139 4853; x_wconf 86' lang='lat' dir='ltr'>rum</span> <span class='ocrx_word' id='word_1_427' title='bbox 161 4796 372 4869; x_wconf 89' lang='lat' dir='ltr'>detrimenta,</span> <span class='ocrx_word' id='word_1_428' title='bbox 407 4795 473 4857; x_wconf 90' lang='lat' dir='ltr'>nisi</span> <span class='ocrx_word' id='word_1_429' title='bbox 502 4794 722 4871; x_wconf 87' lang='lat' dir='ltr'>resipueritis,</span> <span class='ocrx_word' id='word_1_430' title='bbox 744 4794 860 4872; x_wconf 91' lang='lat' dir='ltr'>procul</span> <span class='ocrx_word' id='word_1_431' title='bbox 915 4793 1052 4870; x_wconf 90' lang='lat' dir='ltr'>capituli</span> <span class='ocrx_word' id='word_1_432' title='bbox 1068 4795 1217 4855; x_wconf 89' lang='lat' dir='ltr'>noscitur</span> <span class='ocrx_word' id='word_1_433' title='bbox 1226 4794 1404 4872; x_wconf 86' lang='lat' dir='ltr'>pertinere,</span> <span class='ocrx_word' id='word_1_434' title='bbox 1423 4795 1508 4857; x_wconf 91' lang='lat' dir='ltr'>sicut</span> <span class='ocrx_word' id='word_1_435' title='bbox 1523 4794 1658 4865; x_wconf 89' lang='lat' dir='ltr'>asseris,</span> <span class='ocrx_word' id='word_1_436' title='bbox 1673 4794 1707 4854; x_wconf 94' lang='lat' dir='ltr'>in</span> 
     </span>
     <span class='ocr_line' id='line_1_46' title="bbox 77 4886 1709 4968; baseline 0.002 -21"><span class='ocrx_word' id='word_1_437' title='bbox 77 4886 162 4953; x_wconf 93' lang='lat' dir='ltr'>dubio</span> <span class='ocrx_word' id='word_1_438' title='bbox 174 4893 360 4956; x_wconf 89' lang='lat' dir='ltr'>incursuri.</span> <span class='ocrx_word' id='word_1_439' title='bbox 915 4890 1709 4968; x_wconf 86' lang='lat' dir='ltr'>ususpropriosretinendi,donecadpraepositu-</span> 
     </span>
    </p>

    <p class='ocr_par' dir='ltr' id='par_1_13' title="bbox 75 4988 1709 5469">
     <span class='ocr_line' id='line_1_47' title="bbox 108 4988 1707 5064; baseline 0 -15"><span class='ocrx_word' id='word_1_440' title='bbox 108 4989 238 5064; x_wconf 80' lang='lat' dir='ltr'>Verum,</span> <span class='ocrx_word' id='word_1_441' title='bbox 266 5008 343 5053; x_wconf 89' lang='lat' dir='ltr'>cum</span> <span class='ocrx_word' id='word_1_442' title='bbox 368 4990 463 5052; x_wconf 81' lang='lat' dir='ltr'>vobis</span> <span class='ocrx_word' id='word_1_443' title='bbox 485 4990 610 5051; x_wconf 90' lang='lat' dir='ltr'>monita</span> <span class='ocrx_word' id='word_1_444' title='bbox 635 4989 858 5051; x_wconf 77' lang='lat' dir='ltr'>direxerimus</span> <span class='ocrx_word' id='word_1_445' title='bbox 913 5003 986 5048; x_wconf 91' lang='lat' dir='ltr'>ram</span> <span class='ocrx_word' id='word_1_446' title='bbox 1001 4989 1092 5050; x_wconf 92' lang='lat' dir='ltr'>tuam</span> <span class='ocrx_word' id='word_1_447' title='bbox 1105 4988 1242 5063; x_wconf 86' lang='lat' dir='ltr'>pacifice</span> <span class='ocrx_word' id='word_1_448' title='bbox 1257 4988 1367 5050; x_wconf 88' lang='lat' dir='ltr'>redire</span> <span class='ocrx_word' id='word_1_449' title='bbox 1381 4988 1494 5050; x_wconf 81' lang='lat' dir='ltr'>valeas</span> <span class='ocrx_word' id='word_1_450' title='bbox 1509 4989 1586 5051; x_wconf 91' lang='lat' dir='ltr'>etin</span> <span class='ocrx_word' id='word_1_451' title='bbox 1601 5004 1640 5049; x_wconf 89' lang='lat' dir='ltr'>ea</span> <span class='ocrx_word' id='word_1_452' title='bbox 1651 5003 1707 5049; x_wconf 88' lang='lat' dir='ltr'>se-</span> 
     </span>
     <span class='ocr_line' id='line_1_48' title="bbox 77 5083 1709 5164; baseline 0.002 -21"><span class='ocrx_word' id='word_1_453' title='bbox 77 5083 105 5143; x_wconf 85' lang='lat' dir='ltr'>ct</span> <span class='ocrx_word' id='word_1_454' title='bbox 125 5089 288 5162; x_wconf 89' lang='lat' dir='ltr'>mandata,</span> <span class='ocrx_word' id='word_1_455' title='bbox 316 5087 363 5159; x_wconf 90' lang='lat' dir='ltr'>nt,</span> <span class='ocrx_word' id='word_1_456' title='bbox 390 5087 446 5164; x_wconf 87' lang='lat' dir='ltr'>qui</span> <span class='ocrx_word' id='word_1_457' title='bbox 470 5085 630 5148; x_wconf 86' lang='lat' dir='ltr'>abieratis</span> <span class='ocrx_word' id='word_1_458' title='bbox 660 5086 857 5163; x_wconf 78' lang='lat' dir='ltr'>improvide,</span> <span class='ocrx_word' id='word_1_459' title='bbox 914 5101 994 5147; x_wconf 91' lang='lat' dir='ltr'>cure</span> <span class='ocrx_word' id='word_1_460' title='bbox 1023 5085 1159 5157; x_wconf 89' lang='lat' dir='ltr'>morari,</span> <span class='ocrx_word' id='word_1_461' title='bbox 1185 5085 1384 5148; x_wconf 86' lang='lat' dir='ltr'>auctoritate</span> <span class='ocrx_word' id='word_1_462' title='bbox 1410 5086 1471 5148; x_wconf 92' lang='lat' dir='ltr'>tibi</span> <span class='ocrx_word' id='word_1_463' title='bbox 1495 5085 1709 5162; x_wconf 80' lang='lat' dir='ltr'>praesentium</span> 
     </span>
     <span class='ocr_line' id='line_1_49' title="bbox 77 5181 1704 5262; baseline 0.003 -25"><span class='ocrx_word' id='word_1_464' title='bbox 77 5194 112 5239; x_wconf 91' lang='lat' dir='ltr'>ne</span> <span class='ocrx_word' id='word_1_465' title='bbox 124 5182 305 5246; x_wconf 81' lang='lat' dir='ltr'>dixerimus</span> <span class='ocrx_word' id='word_1_466' title='bbox 322 5184 485 5262; x_wconf 88' lang='lat' dir='ltr'>nequiter,</span> <span class='ocrx_word' id='word_1_467' title='bbox 501 5184 541 5244; x_wconf 92' lang='lat' dir='ltr'>de</span> <span class='ocrx_word' id='word_1_468' title='bbox 554 5184 692 5244; x_wconf 81' lang='lat' dir='ltr'>deutera</span> <span class='ocrx_word' id='word_1_469' title='bbox 706 5182 742 5243; x_wconf 92' lang='lat' dir='ltr'>in</span> <span class='ocrx_word' id='word_1_470' title='bbox 758 5183 861 5243; x_wconf 90' lang='lat' dir='ltr'>sinis·</span> <span class='ocrx_word' id='word_1_471' title='bbox 914 5181 1125 5244; x_wconf 85' lang='lat' dir='ltr'>concedimus</span> <span class='ocrx_word' id='word_1_472' title='bbox 1158 5182 1359 5245; x_wconf 85' lang='lat' dir='ltr'>facultatem.</span> <span class='ocrx_word' id='word_1_473' title='bbox 1391 5184 1509 5244; x_wconf 86' lang='lat' dir='ltr'>Datum</span> <span class='ocrx_word' id='word_1_474' title='bbox 1535 5182 1704 5251; x_wconf 82' lang='lat' dir='ltr'>Laterani,</span> 
     </span>
     <span class='ocr_line' id='line_1_50' title="bbox 76 5275 1707 5358; baseline 0.002 -21"><span class='ocrx_word' id='word_1_475' title='bbox 76 5275 159 5351; x_wconf 73' lang='lat' dir='ltr'>uam,</span> <span class='ocrx_word' id='word_1_476' title='bbox 175 5281 215 5344; x_wconf 92' lang='lat' dir='ltr'>de</span> <span class='ocrx_word' id='word_1_477' title='bbox 228 5282 369 5344; x_wconf 86' lang='lat' dir='ltr'>sinistra</span> <span class='ocrx_word' id='word_1_478' title='bbox 383 5282 419 5342; x_wconf 92' lang='lat' dir='ltr'>in</span> <span class='ocrx_word' id='word_1_479' title='bbox 434 5278 605 5342; x_wconf 83' lang='lat' dir='ltr'>dexteram</span> <span class='ocrx_word' id='word_1_480' title='bbox 621 5280 757 5356; x_wconf 79' lang='lat' dir='ltr'>provide</span> <span class='ocrx_word' id='word_1_481' title='bbox 771 5280 862 5340; x_wconf 91' lang='lat' dir='ltr'>redi·</span> <span class='ocrx_word' id='word_1_482' title='bbox 914 5281 944 5340; x_wconf 82' lang='lat' dir='ltr'><strong>X</strong></span> <span class='ocrx_word' id='word_1_483' title='bbox 971 5279 1134 5341; x_wconf 86' lang='lat' dir='ltr'>kalendas</span> <span class='ocrx_word' id='word_1_484' title='bbox 1162 5280 1324 5358; x_wconf 88' lang='lat' dir='ltr'>januarii,</span> <span class='ocrx_word' id='word_1_485' title='bbox 1358 5279 1567 5357; x_wconf 83' lang='lat' dir='ltr'>pontificatus</span> <span class='ocrx_word' id='word_1_486' title='bbox 1601 5281 1707 5341; x_wconf 89' lang='lat' dir='ltr'>nostrl</span> 
     </span>
     <span class='ocr_line' id='line_1_51' title="bbox 75 5375 1183 5469; baseline 0.006 -37"><span class='ocrx_word' id='word_1_487' title='bbox 75 5376 156 5448; x_wconf 87' lang='lat' dir='ltr'>retis,</span> <span class='ocrx_word' id='word_1_488' title='bbox 168 5395 239 5451; x_wconf 81' lang='lat' dir='ltr'>ros,</span> <span class='ocrx_word' id='word_1_489' title='bbox 264 5379 361 5457; x_wconf 88' lang='lat' dir='ltr'>quasi</span> <span class='ocrx_word' id='word_1_490' title='bbox 377 5377 614 5440; x_wconf 85' lang='lat' dir='ltr'>erubescentes</span> <span class='ocrx_word' id='word_1_491' title='bbox 629 5375 707 5444; x_wconf 89' lang='lat' dir='ltr'>inde</span> <span class='ocrx_word' id='word_1_492' title='bbox 723 5393 860 5454; x_wconf 85' lang='lat' dir='ltr'>surgere</span> <span class='ocrx_word' id='word_1_493' title='bbox 916 5392 1002 5438; x_wconf 88' lang='lat' dir='ltr'>anno</span> <span class='ocrx_word' id='word_1_494' title='bbox 1013 5379 1141 5439; x_wconf 85' lang='lat' dir='ltr'>octavo.</span> <span class='ocrx_word' id='word_1_495' title='bbox 1181 5464 1183 5469; x_wconf 67' lang='lat'>,</span> 
     </span>
    </p>
   </div>
   <div class='ocr_carea' id='block_1_6' title="bbox 73 5524 1449 5813">
    <p class='ocr_par' dir='ltr' id='par_1_14' title="bbox 99 5524 1449 5668">
     <span class='ocr_line' id='line_1_52' title="bbox 106 5524 1449 5599; baseline -0.004 -16"><span class='ocrx_word' id='word_1_496' title='bbox 106 5527 205 5585; x_wconf 87' lang='lat' dir='ltr'>riinent</span> <span class='ocrx_word' id='word_1_497' title='bbox 218 5529 399 5597; x_wconf 81' lang='lat' dir='ltr'>comitamur,</span> <span class='ocrx_word' id='word_1_498' title='bbox 412 5529 463 5585; x_wconf 92' lang='lat' dir='ltr'>ulli</span> <span class='ocrx_word' id='word_1_499' title='bbox 477 5524 641 5587; x_wconf 84' lang='lat' dir='ltr'>concedatis</span> <span class='ocrx_word' id='word_1_500' title='bbox 656 5528 861 5585; x_wconf 84' lang='lat' dir='ltr'>omninoextra</span> <span class='ocrx_word' id='word_1_501' title='bbox 952 5526 992 5597; x_wconf 78' lang='lat' dir='ltr'>ll)</span> <span class='ocrx_word' id='word_1_502' title='bbox 1012 5528 1122 5583; x_wconf 75' lang='lat' dir='ltr'>Forsan</span> <span class='ocrx_word' id='word_1_503' title='bbox 1136 5525 1300 5599; x_wconf 87' lang='lat' dir='ltr'>perditionis</span> <span class='ocrx_word' id='word_1_504' title='bbox 1312 5528 1340 5582; x_wconf 81' lang='lat' dir='ltr'>ut</span> <span class='ocrx_word' id='word_1_505' title='bbox 1350 5539 1449 5595; x_wconf 80' lang='lat' dir='ltr'>supro.</span> 
     </span>
     <span class='ocr_line' id='line_1_53' title="bbox 99 5597 1163 5668; baseline 0.004 -18"><span class='ocrx_word' id='word_1_506' title='bbox 99 5598 300 5668; x_wconf 84' lang='lat' dir='ltr'>agaloneneem</span> <span class='ocrx_word' id='word_1_507' title='bbox 317 5599 463 5657; x_wconf 86' lang='lat' dir='ltr'>direcesim</span> <span class='ocrx_word' id='word_1_508' title='bbox 497 5597 696 5655; x_wconf 89' lang='lat' dir='ltr'>commoranti.</span> <span class='ocrx_word' id='word_1_509' title='bbox 720 5599 793 5655; x_wconf 89' lang='lat' dir='ltr'>Nulli</span> <span class='ocrx_word' id='word_1_510' title='bbox 813 5614 858 5655; x_wconf 87' lang='lat' dir='ltr'>er·</span> <span class='ocrx_word' id='word_1_511' title='bbox 964 5599 992 5663; x_wconf 61' lang='grc' dir='ltr'>ἲ)</span> <span class='ocrx_word' id='word_1_512' title='bbox 1009 5598 1163 5655; x_wconf 81' lang='lat' dir='ltr'>bernardo.</span> 
     </span>
    </p>

    <p class='ocr_par' dir='ltr' id='par_1_15' title="bbox 75 5667 1243 5745">
     <span class='ocr_line' id='line_1_54' title="bbox 75 5667 1243 5745; baseline 0.003 -25"><span class='ocrx_word' id='word_1_513' title='bbox 75 5678 116 5735; x_wconf 85' lang='lat' dir='ltr'>go.</span> <span class='ocrx_word' id='word_1_514' title='bbox 128 5675 180 5726; x_wconf 86' lang='lat' dir='ltr'>etc.</span> <span class='ocrx_word' id='word_1_515' title='bbox 198 5672 303 5728; x_wconf 84' lang='lat' dir='ltr'>Datum</span> <span class='ocrx_word' id='word_1_516' title='bbox 315 5670 457 5738; x_wconf 83' lang='lat' dir='ltr'>Laterani,</span> <span class='ocrx_word' id='word_1_517' title='bbox 471 5668 566 5727; x_wconf 87' lang='lat' dir='ltr'>Xlilll</span> <span class='ocrx_word' id='word_1_518' title='bbox 581 5667 639 5726; x_wconf 89' lang='lat' dir='ltr'>kal.</span> <span class='ocrx_word' id='word_1_519' title='bbox 656 5668 735 5736; x_wconf 88' lang='lat' dir='ltr'>maii,</span> <span class='ocrx_word' id='word_1_520' title='bbox 752 5669 861 5741; x_wconf 85' lang='lat' dir='ltr'>pontifl-</span> <span class='ocrx_word' id='word_1_521' title='bbox 964 5670 993 5745; x_wconf 84' lang='lat'>3)</span> <span class='ocrx_word' id='word_1_522' title='bbox 1010 5667 1169 5726; x_wconf 89' lang='lat' dir='ltr'>llaimnndo</span> <span class='ocrx_word' id='word_1_523' title='bbox 1183 5669 1243 5729; x_wconf 85' lang='lat' dir='ltr'>llll.</span> 
     </span>
    </p>

    <p class='ocr_par' dir='ltr' id='par_1_16' title="bbox 73 5739 786 5813">
     <span class='ocr_line' id='line_1_55' title="bbox 73 5739 786 5813; baseline 0.006 -21"><span class='ocrx_word' id='word_1_524' title='bbox 73 5744 143 5796; x_wconf 84' lang='lat' dir='ltr'>catus</span> <span class='ocrx_word' id='word_1_525' title='bbox 155 5742 242 5799; x_wconf 67' lang='lat' dir='ltr'>unsri</span> <span class='ocrx_word' id='word_1_526' title='bbox 255 5755 334 5798; x_wconf 88' lang='lat' dir='ltr'>anno</span> <span class='ocrx_word' id='word_1_527' title='bbox 344 5740 455 5800; x_wconf 88' lang='lat' dir='ltr'>decimo</span> <span class='ocrx_word' id='word_1_528' title='bbox 466 5747 577 5798; x_wconf 84' lang='lat' dir='ltr'>octavo.</span> <span class='ocrx_word' id='word_1_529' title='bbox 597 5739 786 5813; x_wconf 79' lang='lat' dir='ltr'>›(Bnuqnet.)</span> 
     </span>
    </p>
   </div>
   <div class='ocr_carea' id='block_1_7' title="bbox 0 0 1962 6198">
    <p class='ocr_par' dir='ltr' id='par_1_17' title="bbox 0 0 1962 6198">
     <span class='ocr_line' id='line_1_56' title="bbox 0 0 1962 6198; baseline 0 0"><span class='ocrx_word' id='word_1_530' title='bbox 0 0 1962 6198; x_wconf 95' lang='lat' dir='ltr'> </span> 
     </span>
    </p>
   </div>
  </div>
 </body>
</html>
