3916 6204
66 345 122 405 529

65 503 263 580 penitentia
289 504 549 567 misericorditer
568 503 770 566 relaxamus.
792 508 861 566 Da-

64 604 133 663 tum
149 602 321 673 Laterani,
334 601 494 664 kalendas
514 602 685 675 februarii,
703 618 791 665 anno
806 619 863 665 oc·

66 702 153 759 lavo.

386 896 548 981 cxviii

67 1031 115 1090 Ad
128 1029 344 1106 maptstram
366 1028 401 1090 et
423 1030 557 1102 tratres
575 1029 708 1090 mtttttoe
723 1030 861 1103 Templi.

330 1159 347 1216 3
367 1156 502 1216 februarii
522 1159 602 1216 ttal.
625 1232 630 1247 1

80 1283 205 1346 [begeat.
216 1283 263 1335 lib.
274 1282 341 1340 VIII,
356 1283 431 1347 epist.
442 1282 498 1332 24².
509 1283 565 1332 blas.
576 1285 611 1334 La
621 1283 697 1333 Porta
708 1282 742 1332 dn
753 1281 847 1347 Thell]

98 1398 152 1457 Eis
166 1398 300 1472 singulas
315 1397 492 1471 prebendas,
512 1413 527 1455 a
549 1397 601 1455 Pb.
617 1412 687 1471 rege
701 1397 828 1455 Franciae

313 1485 445 1556 donatas,
458 1487 620 1544 confirmat.

102 1605 289 1678 Honorius,
304 1607 379 1677 etc,
403 1605 533 1666 dilectis
557 1604 688 1664 filiis...
704 1604 863 1680 magistro

68 1706 96 1766 et
125 1702 288 1765 iratribus
319 1703 448 1764 militiae
482 1701 609 1778 Templi
638 1701 679 1762 de
707 1702 861 1773 Francia,

67 1802 223 1871 salutem,
242 1802 304 1862 eto.

101 1900 212 1962 iustis
240 1898 434 1975 patentium,
452 1901 528 1969 etc,
555 1912 660 1972 treptie
684 1897 861 1975 complere.

66 1999 174 2069 Qtvum
191 1996 294 2072 igitur
308 1995 408 2056 clarae
424 1996 592 2056 memoriae
609 1996 670 2056 Pb.
686 2011 747 2056 rex
762 1997 864 2055 Fran·

66 2094 126 2154 cias
143 2093 179 2154 in
195 2096 359 2154 Peroneu.
376 2094 409 2154 et
424 2093 536 2154 Sancti
548 2093 698 2165 Quintini
714 2092 864 2154 ecclesiis

66 2191 266 2251 Noviomeu.
282 2189 449 2261 dioecesiS,
472 2190 508 2251 in
531 2190 650 2267 quibus
665 2190 864 2268 praebenda-

65 2304 141 2349 rum
169 2287 383 2348 donationem
407 2287 569 2358 babebat,
601 2286 751 2363 singulas
779 2303 866 2364 prae·

66 2384 205 2455 bendas,
227 2384 315 2445 sicut
336 2385 523 2462 pertinebat
548 2385 589 2445 ad
618 2386 726 2462 ipsum
753 2384 865 2445 domui

66 2482 198 2558 Templi
225 2482 284 2561 pia
308 2481 508 2543 liberalitate
532 2482 682 2554 donavit,
710 2484 807 2559 prout
830 2483 865 2542 in

67 2579 176 2656 ipsius
192 2578 314 2640 litteris
334 2579 465 2656 planius
489 2580 689 2651 continetur,
711 2595 772 2640 nos
787 2593 864 2640 ves-

67 2676 129 2737 tris
152 2675 308 2754 precibus
332 2675 495 2747 inclinati,
517 2675 603 2753 quod
632 2675 674 2736 ab
700 2692 739 2737 eo
766 2691 866 2752 super

67 2774 132 2835 boc
156 2773 230 2835 sine
254 2774 419 2851 pravitate
442 2773 496 2850 ple
519 2790 559 2835 ac
583 2775 719 2851 provide
742 2773 865 2836 lactum

66 2872 131 2942 est,
145 2871 345 2932 auctoritate
366 2871 556 2947 apostolica
576 2871 811 2932 confirmamus
833 2871 866 2931 at

67 2968 246 3045 praesentis
266 2968 382 3043 scripti
405 2968 590 3044 patrocinio
611 2968 863 3029 communimus.

66 3064 160 3126 Nulli
175 3080 267 3141 erge,
281 3072 358 3136 etc„
375 3064 462 3126 hauc
477 3066 632 3142 paginam
652 3067 775 3126 nostrae
791 3082 866 3127 cou-

68 3162 270 3223 firmationis
303 3161 498 3238 infringere,
530 3164 592 3224 etc.
629 3163 663 3223 Si
699 3163 772 3240 quis
800 3179 865 3224 au-

67 3258 146 3328 tem,
175 3259 238 3319 etc.
266 3259 386 3319 Datum
414 3258 582 3330 Laterani,
612 3260 656 3318 111
683 3274 788 3320 nonas
817 3257 867 3319 le-

68 3353 210 3427 bruarii,
225 3370 314 3416 anno
329 3355 457 3417 octavo.

409 3586 532 3672 CXIX

85 3730 134 3788 Ad
155 3731 320 3790 rhomam
339 3729 541 3801 archiepisc.
562 3729 850 3805 Stmponteosem.

336 3857 353 3914 3
371 3855 503 3913 lebruarii
520 3858 599 3916 latu.

186 3970 317 4034 [Theium.
329 3971 396 4020 blou.
412 3970 556 4035 ilungariae,
569 3972 590 4033 1,
600 3971 640 4029 39,
654 3986 679 4021 n.
695 3971 748 4037 80.]

91 4086 125 4142 lit
133 4084 279 4158 judicibus
301 4087 330 4142 iu
347 4085 471 4157 quadam
485 4087 535 4143 lite
549 4088 722 4144 sententiam
734 4086 848 4145 tlnalem

329 4173 457 4246 prolerre
468 4174 612 4248 iniungat.

109 4292 275 4353 Honorius
289 4292 600 4368 episcopusservus
613 4307 785 4353 servorum
793 4293 864 4365 Dei,

69 4387 254 4449 venarabili
264 4387 361 4451 fratri
372 4389 623 4466 archiepiscopo
633 4390 865 4466 strigoniensi,

69 4483 228 4545 salutem.

113 4582 228 4643 Dilecti
253 4582 314 4643 lilii
334 4582 437 4644 abbas
475 4584 508 4645 et
534 4585 717 4646 conventus
752 4584 865 4646 Sancti

69 4679 206 4740 Martini
217 4680 250 4740 in
265 4681 438 4742 Pannonia
459 4681 556 4742 nobis
574 4682 746 4742 insinuare
761 4698 865 4744 cura·

68 4775 161 4845 runt,
174 4777 259 4852 quod
279 4793 380 4853 quum
404 4794 505 4854 super
519 4777 769 4854 quaestionibus,
784 4796 866 4856 quas

69 4884 172 4944 super
185 4871 347 4939 ecclesiis,
371 4871 509 4935 decimis
524 4874 557 4934 et
580 4873 679 4934 rebus
699 4875 787 4945 aliis,
805 4875 867 4934 ba-

68 4964 171 5028 beant
194 4970 354 5030 adversus
381 4971 606 5032 venerabilem
635 4970 772 5033 fratrem
788 4988 867 5034 nos-

70 5065 194 5126 trum...
211 5067 441 5143 Abrigiansem
454 5066 532 5147 (stc)
554 5069 744 5145 episcopum
759 5071 793 5131 et
806 5086 867 5130 ca-

67 5160 293 5236 pitulum,nec
308 5180 374 5225 nou
386 5165 546 5226 adversus
557 5166 733 5227 Albensem
745 5170 868 5228 etVes-

69 5257 284 5333 pruniensem
300 5262 497 5338 praepositos
512 5265 545 5324 et
563 5263 709 5340 capitula
729 5279 865 5325 eorum-

69 5355 159 5426 dem,
175 5360 205 5420 et
219 5359 378 5435 quosdam
386 5359 471 5420 alios
484 5375 503 5419 a
518 5361 802 5422 felicismemoriae
813 5364 863 5421 Ι...

69 5467 159 5528 papa
177 5456 421 5531 praedecessore
445 5459 570 5529 nostro,
587 5458 629 5518 ad
644 5459 794 5520 diversos
805 5462 866 5536 ju-

68 5547 164 5611 dices
177 5552 218 5613 ab
231 5553 280 5614 eis
295 5553 356 5614 tibi
379 5555 523 5632 propriis
542 5555 731 5617 nominibus
749 5557 866 5633 expri-

70 5649 219 5723 mendos,
235 5650 479 5713 commissionis
501 5652 629 5715 litteras
645 5653 864 5730 impetrarint,

669 344 898 405 EPIS'I’OLAEI.
927 345 1012 405 LIB.·
1027 347 1114 407 VIII.

1655 345 1717 406 530

918 506 952 567 et
977 521 1039 566 nos
1062 520 1162 581 super
1190 504 1243 566 bIs
1264 504 1390 582 pluries
1416 506 1465 567 ets
1493 506 1715 569 direxerimus

918 592 1041 678 scripta
1056 605 1170 665 nostra
1183 620 1191 663 ε
1204 604 1351 680 ipsorum
1363 607 1473 666 tamen
1484 605 1634 682 jndioum
1649 620 1714 667 ne-

918 700 1713 776 gligentia,etadversariorumversutiaiaciente,

918 798 1064 858 nondum
1077 814 1171 858 suam
1184 800 1531 876 potueruntJustitiam
1544 799 1713 874 obtinere3

919 910 1023 970 quare
1046 895 1217 957 humiliter
1245 897 1422 971 petierunt,
1447 898 1484 958 ut
1512 898 1715 975 quaestiones

919 991 1713 1068 hujusmodiadnostrumrevocaremusexamen.

918 1088 1074 1151 Volentes
1098 1090 1201 1165 igitur
1224 1106 1362 1167 parcere
1388 1092 1535 1168 ipsarum
1570 1095 1714 1169 partium

919 1186 1087 1248 laboribus
1109 1188 1142 1248 et
1170 1189 1337 1265 expensis,
1354 1188 1558 1251 fraternitati
1579 1192 1642 1252 tuae
1655 1206 1716 1267 per

918 1285 1109 1361 apostolica
1120 1285 1243 1361 scripta
1257 1286 1466 1357 mandamus,
1484 1289 1647 1363 quatenus
1661 1288 1716 1347 in-

915 1384 1038 1458 jungas
1052 1382 1234 1457 ludicibus,
1258 1383 1378 1460 quibus
1406 1386 1484 1445 sunt
1511 1384 1593 1460 ipsae
1620 1400 1715 1449 com-

919 1478 1030 1539 missae
1045 1493 1166 1549 causae,
1184 1480 1219 1539 ut
1235 1478 1322 1540 inira
1337 1479 1457 1541 festum
1471 1480 1717 1556 assumptionis

918 1566 1024 1635 beatae
1037 1576 1152 1636 Mariae
1169 1578 1322 1651 proximo
1346 1577 1556 1652 venturump
1576 1577 1717 1639 ocedant
1792 1628 1802 1639 .

920 1664 1064 1733 finaliter
1078 1674 1112 1733 in
1126 1674 1238 1734 causis
1251 1673 1375 1734 eisdem
1387 1677 1486 1751 juxta
1498 1593 1639 1736 traditas
1651 1675 1715 1736 sibi

920 1770 1054 1830 formas.
1064 1770 1502 1848 Quodsipernegligentiam
1511 1772 1714 1845 eorumdem,

918 1868 971 1928 val
985 1883 1045 1944 per
1059 1868 1328 1930 adversariorum
1344 1870 1506 1931 malitiam
1532 1886 1599 1932 nou
1616 1871 1716 1933 luerit

919 1964 1145 2040 adimpletum,
1169 1966 1326 2041 injungas
1336 1966 1497 2042 partibus,
1508 1968 1543 2027 ut
1556 1966 1589 2027 iu
1600 1966 1717 2044 proxi·

920 2078 972 2122 mo
987 2062 1071 2123 festo
1084 2062 1237 2123 Omnium
1248 2066 1456 2135 Sanctorum,
1473 2064 1560 2141 quod
1583 2064 1632 2124 eis
1646 2064 1717 2125 ter-

920 2160 1044 2219 minum
1060 2160 1316 2235 peremptorium
1331 2161 1551 2237 assignamus,
1570 2176 1630 2236 per
1643 2175 1716 2236 pro·

920 2257 1090 2318 curatores
1123 2256 1326 2319 sufficientes
1358 2259 1571 2334 compareant
1603 2272 1716 2318 coram

919 2352 1015 2414 nobis
1030 2369 1130 2429 super
1140 2357 1210 2430 jam
1220 2353 1317 2414 dictis
1328 2354 1566 2431 quaestionibus
1581 2369 1718 2430 proces-

921 2466 1008 2510 surae
1025 2472 1032 2510 ε
1049 2450 1157 2522 nobis,
1172 2450 1258 2528 quod
1285 2451 1362 2512 inda
1384 2450 1513 2525 seceris,
1534 2451 1718 2527 rescriptu-

920 2562 988 2608 rus.
1004 2551 1123 2609 Datum
1147 2549 1315 2619 Laterani,
1343 2551 1388 2609 111
1412 2564 1518 2617 nouas
1545 2546 1716 2617 februarii,

921 2646 1134 2722 pontificatus
1144 2647 1251 2707 nostri
1265 2661 1354 2707 auno
1365 2648 1495 2708 octavu.

1268 2887 1367 2973 CXX

920 3030 972 3089 Ad
985 3028 1159 3090 rectorem
1172 3029 1205 3089 et
1215 3028 1389 3102 fratreas.
1403 3031 1531 3090 Marica
1542 3032 1580 3090 ia
1589 3031 1712 3091 Scato.

1184 3159 1202 3217 t
1217 3156 1349 3217 februarii
1364 3159 1442 3217 last.

941 3274 1061 3337 meges,
1072 3272 1118 3323 lib.
1126 3274 1193 3333 VIII,
1205 3274 1281 3339 epist.
1293 3274 1351 3325 252.
1363 3275 1421 3325 blas.
1430 3276 1466 3326 La
1475 3275 1551 3325 Porta
1561 3274 1596 3325 du
1605 3275 1700 3341 alsait]

921 3388 1037 3449 Mandat
1050 3399 1081 3447 ut
1090 3405 1176 3465 super
1187 3389 1311 3463 quadam
1327 3389 1480 3463 prebenda
1494 3390 1583 3448 abbas
1597 3406 1631 3449 ac
1643 3406 1712 3449 con·

957 3486 1059 3538 ventus
1070 3480 1098 3536 S.
1108 3478 1247 3537 lobannis
1260 3494 1310 3537 eos
1326 3480 1479 3537 molestare
1496 3481 1680 3553 nonpossint.

961 3604 1138 3675 Honorius,
1151 3607 1227 3675 etc„
1255 3604 1386 3667 dilectis
1413 3605 1531 3667 tiliis...
1545 3606 1669 3667 rectori
1683 3608 1717 3669 et

921 3701 1080 3764 fratribus
1116 3704 1245 3764 Sanctae
1273 3704 1390 3765 Mariae
1416 3703 1451 3763 in
1481 3704 1594 3775 Saxia,
1620 3703 1716 3764 salu·

923 3802 998 3871 tem,
1014 3801 1077 3861 etc.

961 3900 1008 3958 De
1026 3897 1139 3958 radice
1168 3897 1348 3973 procedere
1368 3897 1501 3959 videtur
1525 3895 1717 3975 cupiditatis

922 3996 1091 4061 extremae,
1109 3996 1138 4055 si
1152 3994 1217 4056 viri
1231 3994 1464 4071 religiosi,par
1478 4010 1560 4071 quos
1574 3994 1718 4055 aliorum

921 4093 972 4154 est
992 4091 1177 4168 indigentia
1211 4091 1426 4164 sublevanda,
1456 4090 1519 4152 sibi
1555 4107 1718 4168 usurpare

921 4190 1161 4252 contenderent
1183 4205 1256 4265 quae
1272 4189 1457 4265 provisioni
1471 4190 1548 4250 sunt
1562 4188 1717 4251 intirmo-

921 4303 995 4347 rum
1009 4288 1041 4348 et
1053 4302 1236 4363 pauperum
1250 4287 1416 4363 deputata,
1429 4302 1571 4364 quorum
1584 4287 1717 4364 quidem

921 4384 963 4445 ab
978 4386 1055 4445 aliis
1080 4385 1180 4446 etiam
1201 4385 1323 4461 inopte
1343 4385 1529 4446 consulitur
1543 4385 1576 4446 et
1594 4401 1715 4447 neces-

922 4482 1076 4544 sitatibus
1095 4481 1302 4543 subvenitur.
1327 4482 1421 4542 Unde
1436 4498 1511 4542 cum
1530 4482 1626 4545 bonae
1642 4501 1716 4546 me-

922 4580 1036 4641 moriae
1062 4580 1276 4641 Carnotensis
1298 4580 1475 4656 episcopus
1501 4580 1541 4642 da
1570 4582 1716 4658 permis-

921 4677 1015 4738 sione
1043 4658 1233 4753 Apostolioa
1262 4675 1474 4752 praebendam
1504 4679 1540 4739 in
1572 4678 1716 4739 ecclesia

921 4773 1716 4850 carnotensiadpauperum,etiniirmorumusus

921 4872 1078 4949 hospitali
1092 4872 1201 4933 vestro
1212 4872 1426 4942 concesserit,
1441 4873 1488 4934 ita
1502 4876 1537 4934 ut
1547 4873 1620 4933 duae
1635 4888 1716 4949 par·

922 4970 970 5031 tes
987 4970 1207 5046 proventuum
1228 4969 1378 5045 ejusdem
1398 4969 1556 5046 hospitali
1575 4971 1715 5045 integrae

921 5067 1018 5128 annis
1035 5066 1177 5142 siugulis
1193 5066 1416 5142 assignentur,
1434 5067 1533 5129 tertia
1552 5083 1631 5128 vero
1648 5067 1715 5127 ali-

921 5164 974 5225 cui
990 5164 1162 5236 canonico,
1180 5164 1232 5225 val
1242 5165 1381 5233 vicario,
1393 5166 1450 5242 qui
1464 5180 1522 5241 pro
1538 5164 1715 5240 praebenda

921 5262 994 5337 ipsa
1009 5262 1044 5321 in
1057 5262 1172 5322 eadem
1188 5262 1329 5323 ecclesia
1339 5262 1505 5323 deserviat
1516 5260 1715 5338 praebeatur,

922 5363 954 5421 et
967 5359 1046 5420 talis
1057 5360 1228 5420 concessio
1244 5376 1303 5435 par
1314 5360 1430 5419 Sedem
1442 5358 1717 5434 sitnpostolicam

921 5457 1127 5524 confirmata,
1140 5456 1356 5527 de...abbata,
1372 5471 1413 5516 ac
1427 5457 1591 5517 conventu
1603 5457 1718 5519 Sancti

920 5553 1084 5617 iohannis
1095 5554 1135 5614 de
1147 5553 1277 5614 valleia
1291 5552 1466 5615 carnoten.
1484 5551 1637 5615 dioecesis
1653 5556 1719 5616 mi·

922 5651 989 5713 rari
1011 5651 1251 5727 compellimur,
1283 5648 1369 5727 quod
1395 5649 1457 5726 ipsi
1477 5649 1565 5712 sicut
1585 5651 1717 5713 andivi-
