3886 6214
241 230 302 294 315
865 225 1041 288 HONORII
1062 225 1109 287 111
1129 226 1278 288 OPERA.
1794 241 1838 302 310

576 395 698 485 XCVI
1091 383 1166 463 plus
1192 364 1325 462 placare
1351 378 1518 449 nobilibus
1551 386 1741 467 quibusdam,
1764 409 1839 472 quan

1091 481 1221 544 deterre
1238 482 1379 560 justitiae
1402 483 1583 560 cupientes,
1607 485 1679 547 dam
1698 495 1839 557 causasab

243 553 296 617 Ad
319 551 483 612 lamium
515 545 855 621 ammi'mbi‘mm
890 546 1035 607 Pam*
1091 579 1281 657 Apostolica
1307 580 1393 641 Sede
1425 580 1490 640 sibi
1516 582 1701 644 commissas
1725 586 1756 646 in
1778 587 1840 652 locis

589 658 686 705 mim·
1091 677 1235 739 tractant
1257 675 1393 749 vilibus,
1420 677 1594 755 inquibus
1613 679 1840 758 jurisperitomrr

524 776 543 834 b
563 775 661 848 aprilis
674 774 753 835 lm.
1092 774 1188 851 copia
1209 790 1276 835 non
1304 760 1456 846 babetur,
1478 774 1512 835 in
1541 791 1600 837 suo
1633 777 1695 839 sint
1718 794 1842 855 processa

375 898 527 967 [eomedas
546 897 664 950 naerens
677 898 789 958 venam,
799 895 842 955 lii,
858 895 911 960 aa]
1092 871 1290 949 praecipites,
1306 886 1371 933 non
1384 872 1525 934 rationis
1533 873 1701 949 judicium,
1715 876 1765 937 sed
1777 893 1842 954 pra-

242 1015 358 1076 llandat
374 1022 404 1073 ut
418 1015 447 1072 in
462 1029 549 1072 causa
566 1014 639 1071 inter
655 1015 680 1072 l.
697 1011 850 1087 plebanum
864 1013 893 1070 S·
910 1010 1037 1069 Silvestri
1092 966 1256 1030 di⁰t⁰r¹m
1282 970 1457 1046 ⁸⁰q¹¹⁰¹¹t⁰⁸
1490 968 1650 1031 ¹¹⁰bi¹i¹¹m
1674 971 1841 1049 wlunmffli

277 1112 306 1163 et
324 1104 477 1179 plebanum
488 1103 665 1176 clericosque
681 1103 710 1160 S.
734 1100 907 1176 Apollinaris
921 1098 957 1156 de
978 1100 1035 1159 ve·
1092 1066 1227 1142 Pmptffl‘
1241 1065 1327 1175 Μ
1337 1065 1693 1177 ΓΓΘἿΠθΠῑθΓῘῙῙθᾶξῘθΠῙ
1705 1070 1843 1145 diffiniit

276 1194 362 1252 napis
375 1200 514 1261 vertente,
527 1189 648 1249 decidat.
1092 1162 1248 1223 scandala
1258 1165 1422 1224 orruntnr.
1434 1166 1543 1236 Quare
1554 1164 1844 1243 adunerisuparboe

1090 1260 1289 1336 apostolieae
1299 1259 1609 1338 circumspectionis
1623 1262 1781 1324 consilinm
1790 1280 1844 1342 sup

1091 1356 1251 1433 plicastis.
1270 1358 1339 1418 Nos
1353 1373 1434 1434 ergo
1446 1359 1568 1421 vestris
1584 1359 1844 1437 supplicationibus

1092 1453 1261 1526 inclinati,
1304 1457 1519 1533 praesentium
1552 1455 1647 1518 vobis
1684 1457 1845 1519 auctoritate

1091 1551 1314 1624 concedimus,
1328 1552 1363 1613 ut
1373 1569 1433 1630 per
1439 1554 1687 1615 commissiones
1696 1556 1796 1615 contm
1803 1569 1846 1616 ros

1090 1648 1132 1710 ad
1147 1649 1231 1710 tales
1246 1648 1397 1711 obtentas
1412 1665 1479 1712 nou
1493 1651 1561 1712 nisi
1574 1651 1609 1712 in
1625 1650 1803 1721 civitatibus,
1820 1651 1846 1711 in

1091 1745 1209 1823 quibus
1230 1762 1304 1808 esse
1321 1747 1595 1824 jurisperitorum
1621 1749 1712 1825 copia
1732 1763 1846 1809 consue·
1901 1758 1903 1839 l

1091 1844 1150 1915 vit,
1173 1858 1215 1905 ne
1237 1844 1314 1920 quid
1330 1844 1527 1921 ignorantiae
1543 1846 1691 1907 caecitate
1710 1845 1847 1921 contingat
1901 1842 1903 1911 i

1090 1940 1125 2000 in
1145 1941 1234 2017 juris
1256 1941 1484 2018 praeiudicium
1507 1943 1675 2014 attentari,
1695 1957 1794 2005 coram
1812 1941 1848 2001 cis

1090 2037 1271 2099 teneamini
1297 2039 1509 2116 respondere.
1531 2040 1625 2101 Nulli
1645 2055 1720 2115 argo
1742 2038 1847 2100 ommno
1903 2108 1904 2121 2

281 1312 1035 1395 Honoriusepiscopus,serrussarrorumliai,

242 1415 363 1479 dilecto
386 1415 457 1477 filio
476 1412 765 1490 archipresbytero
789 1411 960 1487 Palicano,
981 1425 1038 1473 sa·

241 1512 343 1579 intem
359 1513 391 1574 et
405 1511 630 1588 apostolicam
644 1509 921 1573 benedictionem.

281 1611 428 1673 Dilectus
452 1608 541 1671 fliius
568 1609 599 1673 J.
629 1606 789 1684 plebanus
818 1607 850 1666 S.
876 1603 1037 1685 sylvestri

241 1706 338 1773 nobis
352 1705 584 1784 conquerendo
598 1705 799 1768 monstrarit
813 1703 899 1780 quod
916 1701 1034 1780 pleba-

242 1821 316 1869 mus
330 1804 364 1869 et
382 1803 541 1869 clericis.
556 1800 760 1879 Apollinaris
775 1801 815 1862 de
829 1800 990 1870 venetiis,
1004 1799 1036 1861 et

240 1901 375 1983 quidam
393 1900 452 1963 alii
471 1899 586 1962 clerici
604 1901 637 1961 et
649 1898 727 1959 laici
744 1897 940 1961 castellanae
952 1896 1038 1959 dioe-

241 1998 327 2063 cesis
349 2013 451 2075 super
464 1995 661 2074 quibusdam
681 1995 830 2066 decimis,
852 1994 1037 2072 possessio·

240 2096 339 2159 nibus
374 2096 408 2161 et
445 2094 544 2156 rebus
580 2093 657 2154 aliis
683 2092 889 2170 inJuriantur
916 2089 1034 2153 eidem.

241 2193 384 2271 ideoque
425 2190 618 2252 discretioni
653 2191 718 2251 tuae
756 2204 816 2267 per
846 2187 1036 2266 Apostolica

242 2291 368 2366 scripta
382 2287 589 2359 mandamus,
609 2289 772 2364 quatenus
785 2285 935 2364 partibus
951 2300 1034 2347 con·

239 2386 379 2459 vocatis,
397 2386 514 2448 audias
529 2400 664 2446 causam
685 2386 718 2447 et
736 2383 959 2460 appellatione
976 2397 1035 2443 re-

240 2483 330 2549 mota
345 2482 455 2544 debito
476 2481 542 2543 tine
564 2481 708 2554 decidas,
725 2480 853 2542 iaciens
875 2479 963 2556 quod
977 2478 1036 2539 de-

240 2579 388 2645 creveris
411 2593 472 2655 per
493 2592 668 2639 censuram
688 2575 949 2638 ecclesiasticam
972 2574 1034 2634 tir·

238 2675 339 2738 miter
366 2674 547 2738 obseruari.
564 2675 677 2735 Testes
702 2674 813 2736 autem
837 2671 895 2750 qui
911 2671 1035 2733 ruerint

240 2773 415 2846 nominati,
430 2772 459 2833 si
476 2788 513 2834 sa
526 2771 646 2848 gratia,
663 2769 739 2833 odio
753 2771 807 2830 vel
820 2770 938 2831 timore
956 2767 1036 2829 sub-

239 2871 416 2943 traxerint,
438 2886 498 2947 par
521 2884 696 2931 censuram
710 2867 871 2938 eamdem,
885 2864 1036 2943 appella-

239 2968 330 3031 tione
354 2968 515 3039 cessante,
537 2963 716 3043 compellas
735 2963 870 3027 veritati
884 2964 1035 3025 testimo·

239 3065 333 3126 nium
358 3064 545 3143 perhibere.
575 3063 694 3125 Datum
725 3060 902 3133 Laterani,
935 3060 1034 3122 nonis

239 3162 369 3241 aprilis,
385 3160 596 3240 pontificatus
611 3158 717 3222 nostri
734 3174 823 3223 anno
839 3158 993 3236 septimo.
1397 3136 1563 3227 XCVIII

1129 3306 1181 3365 Ad
1196 3304 1433 3370 cierationem
1453 3311 1652 3383 episcopum
1671 3308 1824 3372 Prtesloe·
1908 3322 1910 3407 l

1373 3437 1504 3511 rapinis
1524 3439 1603 3497 rasa.

1173 3557 1269 3622 [Voigb
1282 3558 1344 3610 Cod.
1358 3558 1467 3624 diplom.
1482 3561 1602 3621 Prassiae,
1616 3563 1638 3622 l,
1655 3563 1693 3623 lt,
1706 3576 1732 3611 n.
1749 3558 1794 3623 lt]

238 3642 291 3705 Aa
311 3642 607 3715 archiepiscopum
620 3639 872 3749 Trasimenicam,
892 3636 926 3698 et
941 3637 1034 3710 epm·
1089 3680 1225 3741 Annum
1248 3683 1352 3757 viginti
1375 3697 1538 3742 mmmm
1558 3685 1702 3744 rentium
1718 3683 1752 3742 ab
1762 3680 1857 3740 mm

277 3751 379 3813 capos
400 3737 603 3808 Meieuscm,
634 3737 884 3797 Vardanensem
903 3734 937 3795 et
956 3736 1036 3795 iui-
1124 3768 1292 3827 mmffione
1308 3769 1557 3846 Brandeburgensi
1571 3788 1740 3832 comum
1751 3769 1855 3829 amm,

278 3839 419 3899 lenaem.
1123 3864 1207 3928 tates,
1231 3859 1426 3917 immunitates
1445 3875 1480 3918 ac
1501 3864 1700 3936 exemptiones
1718 3860 1752 3920 ab
1773 3854 1858 3917 codols

520 3910 651 3983 ⁷⁸¹³ssss
672 3909 750 3968 Μ’
1124 3945 1213 4004 nobili
1229 3946 1362 4018 indultas,
1378 3949 1405 4005 ei
1420 3949 1579 4011 condrmat

346 4034 505 4101 [llontbeim
516 4033 629 4085 Historia
640 4031 806 4092 Trevirensis,
823 4032 844 4094 l,
857 4031 925 4098 aba]

1091 2134 1261 2195 bominum
1277 2134 1376 2196 liceat
1388 2134 1476 2196 hanc
1489 2136 1644 2213 paginam
1660 2138 1770 2196 uosbae
1785 2149 1848 2194 con·
1903 2134 1905 2287 4

1091 2232 1252 2292 cessionis
1269 2231 1464 2308 infringere,
1487 2233 1540 2294 val
1555 2235 1586 2294 ei
1603 2250 1686 2295 ausu
1703 2230 1848 2294 temerario

1090 2328 1268 2390 contraire.
1287 2330 1321 2391 Si
1338 2330 1413 2406 quis
1425 2330 1535 2392 autem
1549 2331 1615 2392 boc
1630 2328 1781 2392 attentare
1789 2343 1850 2405 prae

1091 2427 1278 2503 sumpserit,
1333 2427 1596 2502 indignationem
1649 2423 1849 2503 omnipotentis
1905 2436 1906 2469 l

1089 2524 1149 2584 Dei
1164 2526 1197 2584 et
1210 2523 1361 2584 divorum
1377 2525 1472 2587 Petri
1492 2526 1526 2588 et
1542 2526 1640 2587 Pauli
1659 2523 1850 2602 apostolorum
1905 2510 1907 2635 l

1090 2622 1278 2684 sanaverit
1302 2622 1526 2683 Incursurum.
1556 2625 1676 2686 Datum
1707 2619 1849 2687 Laterani
1906 2644 1907 2685 3

1089 2719 1150 2779 Vll
1173 2717 1249 2778 idus
1275 2719 1402 2796 aprilis,
1431 2720 1644 2797 pontificatus
1667 2719 1765 2785 nostri
1785 2725 1851 2778 auno

1090 2814 1248 2892 septimo..

565 3488 709 3575 XCVII

1126 4072 1295 4135 Honorius
1309 4073 1794 4150 episeopus,servussarrorum
1801 4066 1858 4139 nai,

239 4160 383 4223 Honorius
402 4160 505 4228 sancit,
521 4166 553 4216 ut
571 4158 667 4217 nullus
687 4157 842 4230 provincie
858 4157 1035 4216 Treviransis
1089 4169 1210 4232 dilecto
1235 4168 1304 4231 filio
1333 4170 1521 4234 Christiano
1546 4174 1702 4252 episcopo
1722 4167 1857 4235 prussia,

273 4256 405 4349 ‘enimus
425 4246 609 4321 ‘effidem
628 4244 676 4303 ubi
699 4261 756 4304 ¹¹⁰⁰
778 4251 822 4305 θθῑ
845 4242 928 4318 009ῑᾶ
944 4244 1031 4319 lufss'
1087 4266 1230 4328 salutem
1245 4267 1512 4344 etApostolicam
1527 4269 1796 4333 benedictionem.

272 4343 437 4411 mmmm·
1128 4364 1347 4426 sacrosancta
1381 4367 1532 4428 Romana
1563 4367 1724 4440 Ecclesia,
1761 4365 1858 4429 ete...·‚

276 4461 636 4538 Honoriusepiscopus,
649 4476 765 4523 servus
777 4461 1031 4532 serrorumiiei,
1086 4475 1194 4534 usque
1215 4460 1403 4524 contovere.
1418 4464 1612 4541 Eaproptar,
1628 4455 1861 4527 venerabilisir

235 4558 482 4624 venerabilibus
510 4558 670 4621 iratribus
691 4558 886 4619 l'revirensi
914 4557 1031 4619 arabi·
1087 4557 1218 4620 cbristo
1232 4557 1347 4630 frater,
1363 4558 1429 4621 tuis
1439 4561 1541 4637 justis
1550 4562 1707 4638 precibus
1718 4552 1860 4623 inclinati.

237 4657 404 4735 episcopo,
426 4656 579 4729 liciensi,
604 4654 808 4718 virdunensi
831 4657 865 4717 at
883 4653 1031 4716 Tullensi
1087 4669 1235 4718 annuum
1257 4655 1376 4731 viginti
1392 4671 1581 4719 marcarum
1602 4658 1799 4721 reddituma
1817 4649 1862 4711 di·

236 4754 402 4832 episcopis
415 4753 733 4830 suffraganeisejus,
748 4755 908 4814 eteorum
923 4750 1034 4813 subdi·
1086 4751 1172 4815 lecto
1197 4751 1233 4813 ln
1258 4751 1390 4814 Christo
1415 4752 1486 4816 lilio
1513 4755 1618 4818 nobili
1645 4757 1720 4819 viro
1746 4747 1862 4815 biberto

236 4851 291 4924 tis,
308 4850 450 4913 salutem
463 4849 731 4927 etApostolicam
754 4846 1030 4910 benedictionem.
1086 4848 1281 4913 marchione
1306 4850 1597 4928 Brandeburgensi
1619 4852 1681 4915 tibi
1709 4853 1742 4914 et
1765 4845 1863 4929 perir

226 5010 233 5017 ,
277 4951 384 5021 Quum
405 4964 426 5009 a
446 4946 543 5010 nobis
558 4947 683 5024 petitur
696 4946 919 5023 quodjustum
934 4946 984 5008 est
999 4946 1032 5008 et
1086 4945 1236 5008 ecclesiae
1254 4946 1321 5008 tum
1341 4948 1376 5009 et
1394 4949 1645 5012 successoribus
1666 4948 1734 5013 tuis
1747 4940 1863 5025 pretam

236 5045 424 5114 honestum,
441 5045 508 5107 tam
520 5044 617 5120 vigor
635 5042 815 5120 aequetis,
833 5057 933 5120 quam
949 5042 1031 5105 ordo
1086 5042 1221 5105 obtentu
1233 5058 1442 5118 concessum,
1463 5061 1525 5108 nec
1542 5062 1611 5109 non
1624 5040 1865 5114 incuriosior·

137 5184 139 5193 ,
235 5143 341 5220 exigit
368 5140 564 5214 communis,
585 5142 623 5203 ut
642 5139 676 5201 id
694 5155 754 5217 per
772 5138 1031 5202 sollicitudinem
1085 5140 1266 5203 munitates
1289 5142 1323 5202 et
1341 5143 1572 5220 exemptiones
1590 5143 1631 5205 ab
1645 5143 1762 5206 eodem
1775 5133 1865 5201 nobili

235 5240 338 5305 alricii
361 5238 468 5303 nostri
488 5238 530 5299 ad
550 5236 697 5300 debitum
714 5237 912 5314 perducatur
924 5236 1030 5301 effec-
1084 5236 1146 5301 tibi
1167 5237 1202 5299 et
1226 5236 1417 5300 bominibus
1446 5240 1514 5301 tuis
1537 5240 1708 5314 indultas,
1729 5238 1810 5301 sicut
1831 5246 1864 5295 ea

235 5339 317 5400 tum.
342 5340 393 5398 lix
415 5338 529 5399 vestra
552 5350 634 5397 sane
656 5335 751 5412 parte
765 5333 829 5396 fuit
842 5334 1030 5411 poposiium
1085 5333 1308 5411 omniajuste,
1325 5336 1487 5399 canonice
1508 5336 1692 5414 etpacidce
1705 5326 1866 5399 obtineset

236 5449 349 5496 coram
377 5433 490 5506 nobis,
521 5432 608 5510 quod
637 5431 789 5493 nonnulli
821 5429 1030 5493 Trevirensis
1084 5431 1120 5491 in
1142 5430 1248 5507 ipsius
1271 5432 1476 5495 marchionis
1505 5433 1626 5497 litteris
1654 5433 1784 5512 plenius
1800 5442 1866 5507 per·

236 5530 416 5607 provinciae
445 5544 512 5592 non
533 5528 693 5592 habentes
715 5528 970 5606 iurisperitiam,
998 5530 1031 5590 et
1084 5528 1255 5605 speximus
1270 5528 1446 5600 contineri,
1463 5529 1523 5592 tibi
1539 5532 1685 5608 etperte
1700 5525 1865 5608 ipsieccle-
