<?xml version="1.0" encoding="UTF-8"?>
<!DOCTYPE html PUBLIC "-//W3C//DTD XHTML 1.0 Transitional//EN"
    "http://www.w3.org/TR/xhtml1/DTD/xhtml1-transitional.dtd">
<html xmlns="http://www.w3.org/1999/xhtml" xml:lang="en" lang="en">
 <head>
  <title>
</title>
<meta http-equiv="Content-Type" content="text/html;charset=utf-8" />
  <meta name='ocr-system' content='tesseract 3.04.00' />
  <meta name='ocr-capabilities' content='ocr_page ocr_carea ocr_par ocr_line ocrx_word'/>
</head>
<body>
  <div class='ocr_page' id='page_1' title='image "./mediiaevibiblio04bottgoog_0329.png"; bbox 0 0 3930 6206; ppageno 0'>
   <div class='ocr_carea' id='block_1_1' title="bbox 205 267 266 327">
    <p class='ocr_par' dir='ltr' id='par_1_1' title="bbox 205 267 266 327">
     <span class='ocr_line' id='line_1_1' title="bbox 205 267 266 327; baseline -0.016 0"><span class='ocrx_word' id='word_1_1' title='bbox 205 267 266 327; x_wconf 78' lang='lat'>627</span> 
     </span>
    </p>
   </div>
   <div class='ocr_carea' id='block_1_2' title="bbox 196 426 1000 2744">
    <p class='ocr_par' dir='ltr' id='par_1_2' title="bbox 196 426 1000 2744">
     <span class='ocr_line' id='line_1_2' title="bbox 203 426 1000 504; baseline 0.008 -18"><span class='ocrx_word' id='word_1_2' title='bbox 203 427 274 487; x_wconf 89' lang='lat' dir='ltr'>tras</span> <span class='ocrx_word' id='word_1_3' title='bbox 292 441 393 504; x_wconf 90' lang='lat' dir='ltr'>super</span> <span class='ocrx_word' id='word_1_4' title='bbox 406 427 505 489; x_wconf 87' lang='lat' dir='ltr'>hoc...</span> <span class='ocrx_word' id='word_1_5' title='bbox 523 426 634 489; x_wconf 86' lang='lat' dir='ltr'>abbati</span> <span class='ocrx_word' id='word_1_6' title='bbox 657 427 698 490; x_wconf 88' lang='lat' dir='ltr'>de</span> <span class='ocrx_word' id='word_1_7' title='bbox 710 427 952 491; x_wconf 81' lang='lat' dir='ltr'>Glaromarisco</span> <span class='ocrx_word' id='word_1_8' title='bbox 967 432 1000 492; x_wconf 93' lang='lat' dir='ltr'>et</span> 
     </span>
     <span class='ocr_line' id='line_1_3' title="bbox 205 524 999 601; baseline 0.005 -15"><span class='ocrx_word' id='word_1_9' title='bbox 205 524 433 601; x_wconf 88' lang='lat' dir='ltr'>conjudicibus</span> <span class='ocrx_word' id='word_1_10' title='bbox 443 527 516 601; x_wconf 86' lang='lat' dir='ltr'>ejus</span> <span class='ocrx_word' id='word_1_11' title='bbox 528 525 657 587; x_wconf 87' lang='lat' dir='ltr'>litteras</span> <span class='ocrx_word' id='word_1_12' title='bbox 668 525 883 588; x_wconf 88' lang='lat' dir='ltr'>destinantes.</span> <span class='ocrx_word' id='word_1_13' title='bbox 893 529 999 590; x_wconf 75' lang='lat' dir='ltr'>Caete-</span> 
     </span>
     <span class='ocr_line' id='line_1_4' title="bbox 204 623 999 701; baseline 0.005 -19"><span class='ocrx_word' id='word_1_14' title='bbox 204 637 279 682; x_wconf 90' lang='lat' dir='ltr'>rum</span> <span class='ocrx_word' id='word_1_15' title='bbox 297 638 341 683; x_wconf 84' lang='lat' dir='ltr'>ex</span> <span class='ocrx_word' id='word_1_16' title='bbox 353 624 446 698; x_wconf 86' lang='lat' dir='ltr'>parte</span> <span class='ocrx_word' id='word_1_17' title='bbox 464 623 610 701; x_wconf 82' lang='lat' dir='ltr'>episcopi</span> <span class='ocrx_word' id='word_1_18' title='bbox 630 638 722 685; x_wconf 89' lang='lat' dir='ltr'>more</span> <span class='ocrx_word' id='word_1_19' title='bbox 742 639 803 685; x_wconf 90' lang='lat' dir='ltr'>suo</span> <span class='ocrx_word' id='word_1_20' title='bbox 829 625 999 701; x_wconf 86' lang='lat' dir='ltr'>exceptio·</span> 
     </span>
     <span class='ocr_line' id='line_1_5' title="bbox 204 719 1000 799; baseline 0.004 -20"><span class='ocrx_word' id='word_1_21' title='bbox 204 719 302 780; x_wconf 86' lang='lat' dir='ltr'>nibus</span> <span class='ocrx_word' id='word_1_22' title='bbox 325 719 511 792; x_wconf 84' lang='lat' dir='ltr'><strong>insistente,</strong></span> <span class='ocrx_word' id='word_1_23' title='bbox 540 720 641 781; x_wconf 89' lang='lat' dir='ltr'>etad</span> <span class='ocrx_word' id='word_1_24' title='bbox 678 721 795 783; x_wconf 85' lang='lat' dir='ltr'>sedem</span> <span class='ocrx_word' id='word_1_25' title='bbox 829 722 1000 799; x_wconf 82' lang='lat' dir='ltr'>Apostoli·</span> 
     </span>
     <span class='ocr_line' id='line_1_6' title="bbox 203 818 997 896; baseline 0.004 -19"><span class='ocrx_word' id='word_1_26' title='bbox 203 832 276 877; x_wconf 90' lang='lat' dir='ltr'>cam</span> <span class='ocrx_word' id='word_1_27' title='bbox 312 818 512 893; x_wconf 80' lang='lat' dir='ltr'>appellante,</span> <span class='ocrx_word' id='word_1_28' title='bbox 553 818 685 879; x_wconf 89' lang='lat' dir='ltr'>demum</span> <span class='ocrx_word' id='word_1_29' title='bbox 726 819 997 896; x_wconf 81' lang='lat' dir='ltr'>procuratoribus</span> 
     </span>
     <span class='ocr_line' id='line_1_7' title="bbox 203 914 995 992; baseline 0.005 -19"><span class='ocrx_word' id='word_1_30' title='bbox 203 914 359 990; x_wconf 88' lang='lat' dir='ltr'>partium,</span> <span class='ocrx_word' id='word_1_31' title='bbox 385 915 421 975; x_wconf 91' lang='lat' dir='ltr'>in</span> <span class='ocrx_word' id='word_1_32' title='bbox 449 916 564 977; x_wconf 87' lang='lat' dir='ltr'>nostra</span> <span class='ocrx_word' id='word_1_33' title='bbox 591 916 771 992; x_wconf 84' lang='lat' dir='ltr'>praesentia</span> <span class='ocrx_word' id='word_1_34' title='bbox 795 917 995 985; x_wconf 88' lang='lat' dir='ltr'>constitutis,</span> 
     </span>
     <span class='ocr_line' id='line_1_8' title="bbox 203 1011 998 1089; baseline 0.006 -19"><span class='ocrx_word' id='word_1_35' title='bbox 203 1011 359 1073; x_wconf 90' lang='lat' dir='ltr'>dilectum</span> <span class='ocrx_word' id='word_1_36' title='bbox 385 1012 492 1073; x_wconf 87' lang='lat' dir='ltr'>illium</span> <span class='ocrx_word' id='word_1_37' title='bbox 514 1014 665 1074; x_wconf 90' lang='lat' dir='ltr'>nostrum</span> <span class='ocrx_word' id='word_1_38' title='bbox 685 1013 867 1089; x_wconf 85' lang='lat' dir='ltr'>AEgidium,</span> <span class='ocrx_word' id='word_1_39' title='bbox 893 1016 998 1075; x_wconf 86' lang='lat' dir='ltr'>Sanc·</span> 
     </span>
     <span class='ocr_line' id='line_1_9' title="bbox 201 1108 998 1173; baseline 0.004 -5"><span class='ocrx_word' id='word_1_40' title='bbox 201 1108 309 1171; x_wconf 86' lang='grc'><strong>100010</strong></span> <span class='ocrx_word' id='word_1_41' title='bbox 326 1111 452 1171; x_wconf 78' lang='lat' dir='ltr'>Cosmus</span> <span class='ocrx_word' id='word_1_42' title='bbox 477 1116 510 1171; x_wconf 93' lang='grc'>01</span> <span class='ocrx_word' id='word_1_43' title='bbox 524 1110 677 1171; x_wconf 89' lang='lat' dir='ltr'>Damiani</span> <span class='ocrx_word' id='word_1_44' title='bbox 694 1110 869 1172; x_wconf 90' lang='lat' dir='ltr'>diaconum</span> <span class='ocrx_word' id='word_1_45' title='bbox 886 1112 998 1173; x_wconf 88' lang='lat' dir='ltr'>cardi·</span> 
     </span>
     <span class='ocr_line' id='line_1_10' title="bbox 201 1206 998 1287; baseline 0.005 -20"><span class='ocrx_word' id='word_1_46' title='bbox 201 1206 312 1268; x_wconf 90' lang='lat' dir='ltr'>nalem</span> <span class='ocrx_word' id='word_1_47' title='bbox 326 1207 477 1269; x_wconf 84' lang='lat' dir='ltr'>dedimus</span> <span class='ocrx_word' id='word_1_48' title='bbox 497 1209 693 1281; x_wconf 85' lang='lat' dir='ltr'>auditorem,</span> <span class='ocrx_word' id='word_1_49' title='bbox 710 1211 744 1271; x_wconf 88' lang='grc'>01</span> <span class='ocrx_word' id='word_1_50' title='bbox 769 1210 833 1282; x_wconf 88' lang='grc'><strong>1110,</strong></span> <span class='ocrx_word' id='word_1_51' title='bbox 849 1226 924 1287; x_wconf 86' lang='lat' dir='ltr'>quae</span> <span class='ocrx_word' id='word_1_52' title='bbox 939 1226 998 1273; x_wconf 92' lang='lat' dir='ltr'>co-</span> 
     </span>
     <span class='ocr_line' id='line_1_11' title="bbox 202 1305 998 1383; baseline 0.005 -19"><span class='ocrx_word' id='word_1_53' title='bbox 202 1320 273 1365; x_wconf 90' lang='lat' dir='ltr'>ram</span> <span class='ocrx_word' id='word_1_54' title='bbox 308 1305 381 1381; x_wconf 91' lang='lat' dir='ltr'>ipso</span> <span class='ocrx_word' id='word_1_55' title='bbox 419 1305 554 1366; x_wconf 85' lang='lat' dir='ltr'>fuerunt</span> <span class='ocrx_word' id='word_1_56' title='bbox 594 1307 780 1383; x_wconf 86' lang='lat' dir='ltr'>proposita,</span> <span class='ocrx_word' id='word_1_57' title='bbox 821 1307 998 1383; x_wconf 75' lang='lat' dir='ltr'>diligenter</span> 
     </span>
     <span class='ocr_line' id='line_1_12' title="bbox 201 1400 996 1480; baseline 0.006 -20"><span class='ocrx_word' id='word_1_58' title='bbox 201 1400 336 1472; x_wconf 90' lang='lat' dir='ltr'>auditis,</span> <span class='ocrx_word' id='word_1_59' title='bbox 354 1403 474 1463; x_wconf 89' lang='lat' dir='ltr'>iterum</span> <span class='ocrx_word' id='word_1_60' title='bbox 490 1402 689 1463; x_wconf 89' lang='lat' dir='ltr'>indulsimus</span> <span class='ocrx_word' id='word_1_61' title='bbox 710 1404 817 1464; x_wconf 90' lang='lat' dir='ltr'>eidem</span> <span class='ocrx_word' id='word_1_62' title='bbox 841 1404 996 1480; x_wconf 90' lang='lat' dir='ltr'>episcopo</span> 
     </span>
     <span class='ocr_line' id='line_1_13' title="bbox 201 1499 993 1578; baseline 0.004 -20"><span class='ocrx_word' id='word_1_63' title='bbox 201 1499 327 1575; x_wconf 88' lang='lat' dir='ltr'>septem</span> <span class='ocrx_word' id='word_1_64' title='bbox 340 1514 483 1572; x_wconf 90' lang='lat' dir='ltr'>menses,</span> <span class='ocrx_word' id='word_1_65' title='bbox 496 1501 702 1575; x_wconf 88' lang='lat' dir='ltr'>negotium...</span> <span class='ocrx_word' id='word_1_66' title='bbox 715 1500 864 1563; x_wconf 84' lang='lat' dir='ltr'>abbati...</span> <span class='ocrx_word' id='word_1_67' title='bbox 877 1502 993 1578; x_wconf 89' lang='lat' dir='ltr'>priori,</span> 
     </span>
     <span class='ocr_line' id='line_1_14' title="bbox 200 1596 993 1673; baseline 0.003 -17"><span class='ocrx_word' id='word_1_68' title='bbox 200 1596 270 1658; x_wconf 88' lang='lat' dir='ltr'>et...</span> <span class='ocrx_word' id='word_1_69' title='bbox 311 1596 477 1673; x_wconf 90' lang='lat' dir='ltr'>subpriori</span> <span class='ocrx_word' id='word_1_70' title='bbox 510 1597 624 1658; x_wconf 87' lang='lat' dir='ltr'>Sancti</span> <span class='ocrx_word' id='word_1_71' title='bbox 648 1597 794 1659; x_wconf 84' lang='lat' dir='ltr'>Victoris</span> <span class='ocrx_word' id='word_1_72' title='bbox 829 1599 993 1660; x_wconf 88' lang='lat' dir='ltr'>Parisien.</span> 
     </span>
     <span class='ocr_line' id='line_1_15' title="bbox 202 1694 994 1773; baseline 0.006 -20"><span class='ocrx_word' id='word_1_73' title='bbox 202 1694 448 1756; x_wconf 88' lang='lat' dir='ltr'>committendo.</span> <span class='ocrx_word' id='word_1_74' title='bbox 465 1696 653 1773; x_wconf 83' lang='lat' dir='ltr'>Eodemque</span> <span class='ocrx_word' id='word_1_75' title='bbox 667 1712 801 1757; x_wconf 90' lang='lat' dir='ltr'>rursum</span> <span class='ocrx_word' id='word_1_76' title='bbox 822 1697 929 1758; x_wconf 90' lang='lat' dir='ltr'>relato</span> <span class='ocrx_word' id='word_1_77' title='bbox 953 1698 994 1758; x_wconf 88' lang='lat' dir='ltr'>ad</span> 
     </span>
     <span class='ocr_line' id='line_1_16' title="bbox 200 1791 995 1861; baseline 0.005 -10"><span class='ocrx_word' id='word_1_78' title='bbox 200 1791 405 1854; x_wconf 89' lang='lat' dir='ltr'>audientiam</span> <span class='ocrx_word' id='word_1_79' title='bbox 432 1794 594 1861; x_wconf 88' lang='lat' dir='ltr'>nostram,</span> <span class='ocrx_word' id='word_1_80' title='bbox 624 1795 658 1854; x_wconf 92' lang='lat' dir='ltr'>et</span> <span class='ocrx_word' id='word_1_81' title='bbox 687 1794 802 1855; x_wconf 90' lang='lat' dir='ltr'>eodem</span> <span class='ocrx_word' id='word_1_82' title='bbox 831 1795 995 1855; x_wconf 81' lang='lat' dir='ltr'>cardinali</span> 
     </span>
     <span class='ocr_line' id='line_1_17' title="bbox 199 1888 994 1966; baseline 0.006 -18"><span class='ocrx_word' id='word_1_83' title='bbox 199 1888 344 1966; x_wconf 88' lang='lat' dir='ltr'>partium</span> <span class='ocrx_word' id='word_1_84' title='bbox 384 1889 654 1965; x_wconf 85' lang='lat' dir='ltr'>procuratoribus</span> <span class='ocrx_word' id='word_1_85' title='bbox 690 1891 811 1953; x_wconf 89' lang='lat' dir='ltr'>iterum</span> <span class='ocrx_word' id='word_1_86' title='bbox 843 1892 994 1953; x_wconf 87' lang='lat' dir='ltr'>auditore</span> 
     </span>
     <span class='ocr_line' id='line_1_18' title="bbox 199 1987 994 2054; baseline 0.004 -8"><span class='ocrx_word' id='word_1_87' title='bbox 199 2001 369 2054; x_wconf 87' lang='lat' dir='ltr'>concesso,</span> <span class='ocrx_word' id='word_1_88' title='bbox 386 1987 427 2047; x_wconf 92' lang='lat' dir='ltr'>ad</span> <span class='ocrx_word' id='word_1_89' title='bbox 442 2003 572 2049; x_wconf 90' lang='lat' dir='ltr'>omnem</span> <span class='ocrx_word' id='word_1_90' title='bbox 588 1988 798 2049; x_wconf 87' lang='lat' dir='ltr'>occasionem</span> <span class='ocrx_word' id='word_1_91' title='bbox 813 1989 994 2050; x_wconf 88' lang='lat' dir='ltr'>murmuris</span> 
     </span>
     <span class='ocr_line' id='line_1_19' title="bbox 199 2082 995 2162; baseline 0.008 -20"><span class='ocrx_word' id='word_1_92' title='bbox 199 2082 263 2161; x_wconf 89' lang='lat' dir='ltr'>ipsi</span> <span class='ocrx_word' id='word_1_93' title='bbox 284 2085 439 2161; x_wconf 89' lang='lat' dir='ltr'>episcopo</span> <span class='ocrx_word' id='word_1_94' title='bbox 455 2086 700 2162; x_wconf 88' lang='lat' dir='ltr'>amputandam,</span> <span class='ocrx_word' id='word_1_95' title='bbox 718 2086 825 2147; x_wconf 90' lang='lat' dir='ltr'>eidem</span> <span class='ocrx_word' id='word_1_96' title='bbox 846 2087 888 2149; x_wconf 87' lang='lat' dir='ltr'>ad</span> <span class='ocrx_word' id='word_1_97' title='bbox 909 2087 995 2148; x_wconf 89' lang='lat' dir='ltr'>lina-</span> 
     </span>
     <span class='ocr_line' id='line_1_20' title="bbox 198 2180 993 2260; baseline 0.006 -21"><span class='ocrx_word' id='word_1_98' title='bbox 198 2180 264 2242; x_wconf 91' lang='lat' dir='ltr'>lem</span> <span class='ocrx_word' id='word_1_99' title='bbox 279 2182 532 2243; x_wconf 85' lang='lat' dir='ltr'>instructionem</span> <span class='ocrx_word' id='word_1_100' title='bbox 554 2182 661 2260; x_wconf 89' lang='lat' dir='ltr'>ipsius</span> <span class='ocrx_word' id='word_1_101' title='bbox 677 2199 779 2244; x_wconf 87' lang='lat' dir='ltr'>causa</span> <span class='ocrx_word' id='word_1_102' title='bbox 795 2183 993 2244; x_wconf 89' lang='lat' dir='ltr'>indulsimus</span> 
     </span>
     <span class='ocr_line' id='line_1_21' title="bbox 198 2278 993 2358; baseline 0.003 -19"><span class='ocrx_word' id='word_1_103' title='bbox 198 2278 282 2339; x_wconf 88' lang='lat' dir='ltr'>duos</span> <span class='ocrx_word' id='word_1_104' title='bbox 300 2295 441 2351; x_wconf 87' lang='lat' dir='ltr'>menses,</span> <span class='ocrx_word' id='word_1_105' title='bbox 464 2280 633 2355; x_wconf 85' lang='lat' dir='ltr'>negotium</span> <span class='ocrx_word' id='word_1_106' title='bbox 649 2280 689 2340; x_wconf 91' lang='lat' dir='ltr'>ad</span> <span class='ocrx_word' id='word_1_107' title='bbox 712 2282 845 2341; x_wconf 89' lang='lat' dir='ltr'>eosdem</span> <span class='ocrx_word' id='word_1_108' title='bbox 862 2281 993 2358; x_wconf 89' lang='lat' dir='ltr'>judices</span> 
     </span>
     <span class='ocr_line' id='line_1_22' title="bbox 198 2375 992 2452; baseline 0.003 -16"><span class='ocrx_word' id='word_1_109' title='bbox 198 2375 407 2448; x_wconf 90' lang='lat' dir='ltr'>remittendo,</span> <span class='ocrx_word' id='word_1_110' title='bbox 422 2376 561 2452; x_wconf 89' lang='lat' dir='ltr'>quicum</span> <span class='ocrx_word' id='word_1_111' title='bbox 576 2376 708 2438; x_wconf 89' lang='lat' dir='ltr'>demum</span> <span class='ocrx_word' id='word_1_112' title='bbox 723 2393 859 2439; x_wconf 88' lang='lat' dir='ltr'>causam</span> <span class='ocrx_word' id='word_1_113' title='bbox 875 2378 916 2438; x_wconf 88' lang='lat' dir='ltr'>ad</span> <span class='ocrx_word' id='word_1_114' title='bbox 929 2394 992 2440; x_wconf 90' lang='lat' dir='ltr'>nos</span> 
     </span>
     <span class='ocr_line' id='line_1_23' title="bbox 196 2472 992 2552; baseline 0.004 -19"><span class='ocrx_word' id='word_1_115' title='bbox 196 2473 381 2534; x_wconf 88' lang='lat' dir='ltr'>remisisset</span> <span class='ocrx_word' id='word_1_116' title='bbox 394 2472 601 2545; x_wconf 86' lang='lat' dir='ltr'>instructam,</span> <span class='ocrx_word' id='word_1_117' title='bbox 619 2475 652 2536; x_wconf 90' lang='lat' dir='ltr'>et</span> <span class='ocrx_word' id='word_1_118' title='bbox 670 2475 813 2551; x_wconf 88' lang='lat' dir='ltr'>partium</span> <span class='ocrx_word' id='word_1_119' title='bbox 829 2490 992 2552; x_wconf 91' lang='lat' dir='ltr'>procura·</span> 
     </span>
     <span class='ocr_line' id='line_1_24' title="bbox 198 2570 989 2648; baseline 0.005 -17"><span class='ocrx_word' id='word_1_120' title='bbox 198 2570 288 2632; x_wconf 88' lang='lat' dir='ltr'>tores</span> <span class='ocrx_word' id='word_1_121' title='bbox 298 2570 338 2631; x_wconf 91' lang='lat' dir='ltr'>de</span> <span class='ocrx_word' id='word_1_122' title='bbox 349 2570 402 2631; x_wconf 90' lang='lat' dir='ltr'>die</span> <span class='ocrx_word' id='word_1_123' title='bbox 415 2571 450 2631; x_wconf 93' lang='lat' dir='ltr'>in</span> <span class='ocrx_word' id='word_1_124' title='bbox 459 2571 545 2632; x_wconf 89' lang='lat' dir='ltr'>diem</span> <span class='ocrx_word' id='word_1_125' title='bbox 557 2572 755 2633; x_wconf 89' lang='lat' dir='ltr'>sententiam</span> <span class='ocrx_word' id='word_1_126' title='bbox 764 2575 989 2648; x_wconf 80' lang='lat' dir='ltr'>expectarent,</span> 
     </span>
     <span class='ocr_line' id='line_1_25' title="bbox 197 2667 993 2744; baseline 0.005 -17"><span class='ocrx_word' id='word_1_127' title='bbox 197 2667 270 2743; x_wconf 91' lang='lat' dir='ltr'>ipso</span> <span class='ocrx_word' id='word_1_128' title='bbox 297 2668 452 2744; x_wconf 89' lang='lat' dir='ltr'>episcopo</span> <span class='ocrx_word' id='word_1_129' title='bbox 479 2669 612 2730; x_wconf 91' lang='lat' dir='ltr'>interim</span> <span class='ocrx_word' id='word_1_130' title='bbox 637 2669 736 2730; x_wconf 88' lang='lat' dir='ltr'>rebus</span> <span class='ocrx_word' id='word_1_131' title='bbox 758 2669 903 2730; x_wconf 87' lang='lat' dir='ltr'>bominis</span> <span class='ocrx_word' id='word_1_132' title='bbox 931 2686 993 2731; x_wconf 83' lang='lat' dir='ltr'>ex-</span> 
     </span>
    </p>
   </div>
   <div class='ocr_carea' id='block_1_3' title="bbox 99 2765 993 2844">
    <p class='ocr_par' dir='ltr' id='par_1_3' title="bbox 99 2765 993 2844">
     <span class='ocr_line' id='line_1_26' title="bbox 99 2765 993 2844; baseline 0.003 -19"><span class='ocrx_word' id='word_1_133' title='bbox 99 2818 107 2833; x_wconf 87' lang='grc'><strong>,</strong></span> <span class='ocrx_word' id='word_1_134' title='bbox 196 2765 316 2841; x_wconf 86' lang='lat' dir='ltr'>empto,</span> <span class='ocrx_word' id='word_1_135' title='bbox 333 2765 366 2826; x_wconf 92' lang='grc'>01</span> <span class='ocrx_word' id='word_1_136' title='bbox 379 2768 452 2843; x_wconf 89' lang='lat' dir='ltr'>ejus</span> <span class='ocrx_word' id='word_1_137' title='bbox 475 2768 690 2842; x_wconf 86' lang='lat' dir='ltr'>procuratore</span> <span class='ocrx_word' id='word_1_138' title='bbox 705 2767 747 2827; x_wconf 84' lang='lat' dir='ltr'>ad</span> <span class='ocrx_word' id='word_1_139' title='bbox 771 2768 917 2844; x_wconf 90' lang='lat' dir='ltr'>propria,</span> <span class='ocrx_word' id='word_1_140' title='bbox 935 2770 993 2844; x_wconf 86' lang='lat' dir='ltr'>ju-</span> 
     </span>
    </p>
   </div>
   <div class='ocr_carea' id='block_1_4' title="bbox 192 2860 993 4399">
    <p class='ocr_par' dir='ltr' id='par_1_4' title="bbox 192 2860 993 4399">
     <span class='ocr_line' id='line_1_27' title="bbox 196 2860 990 2940; baseline 0.004 -19"><span class='ocrx_word' id='word_1_141' title='bbox 196 2860 284 2923; x_wconf 89' lang='lat' dir='ltr'>dicio</span> <span class='ocrx_word' id='word_1_142' title='bbox 316 2862 365 2923; x_wconf 92' lang='lat' dir='ltr'>sic</span> <span class='ocrx_word' id='word_1_143' title='bbox 398 2864 572 2940; x_wconf 88' lang='lat' dir='ltr'>pendente,</span> <span class='ocrx_word' id='word_1_144' title='bbox 605 2879 772 2939; x_wconf 86' lang='lat' dir='ltr'>regresso,</span> <span class='ocrx_word' id='word_1_145' title='bbox 806 2866 990 2926; x_wconf 88' lang='lat' dir='ltr'>successori</span> 
     </span>
     <span class='ocr_line' id='line_1_28' title="bbox 195 2958 993 3037; baseline 0.004 -19"><span class='ocrx_word' id='word_1_146' title='bbox 195 2959 343 3034; x_wconf 90' lang='lat' dir='ltr'>ejusdem</span> <span class='ocrx_word' id='word_1_147' title='bbox 356 2958 503 3036; x_wconf 90' lang='lat' dir='ltr'>episcopi</span> <span class='ocrx_word' id='word_1_148' title='bbox 524 2975 584 3037; x_wconf 90' lang='lat' dir='ltr'>per</span> <span class='ocrx_word' id='word_1_149' title='bbox 598 2959 750 3022; x_wconf 85' lang='lat' dir='ltr'>abbatem</span> <span class='ocrx_word' id='word_1_150' title='bbox 778 2962 891 3022; x_wconf 87' lang='lat' dir='ltr'>Sancti</span> <span class='ocrx_word' id='word_1_151' title='bbox 907 2963 993 3021; x_wconf 89' lang='lat' dir='ltr'>Mar·</span> 
     </span>
     <span class='ocr_line' id='line_1_29' title="bbox 194 3055 990 3135; baseline 0.005 -20"><span class='ocrx_word' id='word_1_152' title='bbox 194 3055 257 3116; x_wconf 91' lang='lat' dir='ltr'>tini</span> <span class='ocrx_word' id='word_1_153' title='bbox 272 3056 507 3118; x_wconf 88' lang='lat' dir='ltr'>Ambianensis</span> <span class='ocrx_word' id='word_1_154' title='bbox 523 3059 556 3118; x_wconf 90' lang='lat' dir='ltr'>et</span> <span class='ocrx_word' id='word_1_155' title='bbox 567 3058 712 3134; x_wconf 86' lang='lat' dir='ltr'>collegas</span> <span class='ocrx_word' id='word_1_156' title='bbox 728 3061 800 3135; x_wconf 86' lang='lat' dir='ltr'>ejus</span> <span class='ocrx_word' id='word_1_157' title='bbox 812 3058 990 3120; x_wconf 89' lang='lat' dir='ltr'>terminum</span> 
     </span>
     <span class='ocr_line' id='line_1_30' title="bbox 195 3152 991 3231; baseline 0.001 -17"><span class='ocrx_word' id='word_1_158' title='bbox 195 3155 464 3230; x_wconf 88' lang='lat' dir='ltr'>peremptorium,</span> <span class='ocrx_word' id='word_1_159' title='bbox 479 3171 544 3231; x_wconf 80' lang='lat' dir='ltr'>quo</span> <span class='ocrx_word' id='word_1_160' title='bbox 559 3171 619 3231; x_wconf 90' lang='lat' dir='ltr'>per</span> <span class='ocrx_word' id='word_1_161' title='bbox 633 3170 680 3227; x_wconf 98' lang='grc'>00,</span> <span class='ocrx_word' id='word_1_162' title='bbox 694 3156 747 3216; x_wconf 88' lang='lat' dir='ltr'>vel</span> <span class='ocrx_word' id='word_1_163' title='bbox 760 3170 820 3231; x_wconf 88' lang='lat' dir='ltr'>per</span> <span class='ocrx_word' id='word_1_164' title='bbox 834 3152 991 3231; x_wconf 87' lang='lat' dir='ltr'>procura·</span> 
     </span>
     <span class='ocr_line' id='line_1_31' title="bbox 194 3251 990 3328; baseline 0.001 -17"><span class='ocrx_word' id='word_1_165' title='bbox 194 3252 300 3312; x_wconf 86' lang='lat' dir='ltr'>torem</span> <span class='ocrx_word' id='word_1_166' title='bbox 322 3252 478 3313; x_wconf 90' lang='lat' dir='ltr'>idoneum</span> <span class='ocrx_word' id='word_1_167' title='bbox 498 3253 612 3313; x_wconf 92' lang='lat' dir='ltr'>nostro</span> <span class='ocrx_word' id='word_1_168' title='bbox 634 3268 671 3313; x_wconf 93' lang='lat' dir='ltr'>se</span> <span class='ocrx_word' id='word_1_169' title='bbox 689 3251 881 3328; x_wconf 91' lang='lat' dir='ltr'>conspectui</span> <span class='ocrx_word' id='word_1_170' title='bbox 900 3267 990 3328; x_wconf 87' lang='lat' dir='ltr'>prae-</span> 
     </span>
     <span class='ocr_line' id='line_1_32' title="bbox 194 3348 990 3425; baseline 0.003 -17"><span class='ocrx_word' id='word_1_171' title='bbox 194 3350 351 3419; x_wconf 89' lang='lat' dir='ltr'>sentaret,</span> <span class='ocrx_word' id='word_1_172' title='bbox 384 3349 583 3413; x_wconf 86' lang='lat' dir='ltr'>seutentiam</span> <span class='ocrx_word' id='word_1_173' title='bbox 616 3351 821 3425; x_wconf 87' lang='lat' dir='ltr'>recepturus,</span> <span class='ocrx_word' id='word_1_174' title='bbox 851 3348 990 3410; x_wconf 85' lang='lat' dir='ltr'>lecimus</span> 
     </span>
     <span class='ocr_line' id='line_1_33' title="bbox 193 3445 989 3523; baseline 0 -18"><span class='ocrx_word' id='word_1_175' title='bbox 193 3445 361 3520; x_wconf 86' lang='lat' dir='ltr'>assignari</span> <span class='ocrx_word' id='word_1_176' title='bbox 386 3466 394 3504; x_wconf 71' lang='grc' dir='ltr'><strong>ε</strong></span> <span class='ocrx_word' id='word_1_177' title='bbox 424 3445 693 3522; x_wconf 90' lang='lat' dir='ltr'>procuratoribus</span> <span class='ocrx_word' id='word_1_178' title='bbox 717 3446 822 3521; x_wconf 89' lang='lat' dir='ltr'>igitur</span> <span class='ocrx_word' id='word_1_179' title='bbox 843 3447 989 3523; x_wconf 90' lang='lat' dir='ltr'>partium</span> 
     </span>
     <span class='ocr_line' id='line_1_34' title="bbox 195 3543 989 3620; baseline 0.003 -18"><span class='ocrx_word' id='word_1_180' title='bbox 195 3557 268 3602; x_wconf 90' lang='lat' dir='ltr'>cum</span> <span class='ocrx_word' id='word_1_181' title='bbox 284 3558 385 3603; x_wconf 89' lang='lat' dir='ltr'>causa</span> <span class='ocrx_word' id='word_1_182' title='bbox 400 3543 560 3605; x_wconf 88' lang='lat' dir='ltr'>instructa</span> <span class='ocrx_word' id='word_1_183' title='bbox 571 3559 631 3620; x_wconf 90' lang='lat' dir='ltr'>pro</span> <span class='ocrx_word' id='word_1_184' title='bbox 647 3543 812 3604; x_wconf 91' lang='lat' dir='ltr'>audienda</span> <span class='ocrx_word' id='word_1_185' title='bbox 826 3545 989 3605; x_wconf 89' lang='lat' dir='ltr'>sententia</span> 
     </span>
     <span class='ocr_line' id='line_1_35' title="bbox 193 3640 988 3717; baseline 0.004 -17"><span class='ocrx_word' id='word_1_186' title='bbox 193 3640 229 3700; x_wconf 93' lang='lat' dir='ltr'>in</span> <span class='ocrx_word' id='word_1_187' title='bbox 257 3640 371 3701; x_wconf 90' lang='lat' dir='ltr'>nostra</span> <span class='ocrx_word' id='word_1_188' title='bbox 399 3641 577 3717; x_wconf 86' lang='lat' dir='ltr'>praesentia</span> <span class='ocrx_word' id='word_1_189' title='bbox 603 3640 801 3711; x_wconf 89' lang='lat' dir='ltr'>constitutis,</span> <span class='ocrx_word' id='word_1_190' title='bbox 832 3641 988 3703; x_wconf 89' lang='lat' dir='ltr'>dilectum</span> 
     </span>
     <span class='ocr_line' id='line_1_36' title="bbox 194 3736 990 3809; baseline 0.004 -13"><span class='ocrx_word' id='word_1_191' title='bbox 194 3736 299 3798; x_wconf 89' lang='grc'><strong>1111010</strong></span> <span class='ocrx_word' id='word_1_192' title='bbox 315 3738 465 3799; x_wconf 90' lang='lat' dir='ltr'>nostrum</span> <span class='ocrx_word' id='word_1_193' title='bbox 484 3741 535 3809; x_wconf 79' lang='grc'><strong>(1.,</strong></span> <span class='ocrx_word' id='word_1_194' title='bbox 561 3738 674 3799; x_wconf 87' lang='lat' dir='ltr'>Sancti</span> <span class='ocrx_word' id='word_1_195' title='bbox 689 3737 854 3799; x_wconf 88' lang='lat' dir='ltr'>Theodori</span> <span class='ocrx_word' id='word_1_196' title='bbox 876 3739 990 3799; x_wconf 89' lang='lat' dir='ltr'>diaco-</span> 
     </span>
     <span class='ocr_line' id='line_1_37' title="bbox 193 3835 986 3912; baseline 0 -16"><span class='ocrx_word' id='word_1_197' title='bbox 193 3852 271 3896; x_wconf 89' lang='lat' dir='ltr'>num</span> <span class='ocrx_word' id='word_1_198' title='bbox 293 3835 509 3907; x_wconf 90' lang='lat' dir='ltr'>cardinalem,</span> <span class='ocrx_word' id='word_1_199' title='bbox 526 3836 608 3912; x_wconf 90' lang='lat' dir='ltr'>ipsis</span> <span class='ocrx_word' id='word_1_200' title='bbox 624 3836 775 3896; x_wconf 88' lang='lat' dir='ltr'>dedimus</span> <span class='ocrx_word' id='word_1_201' title='bbox 790 3836 986 3906; x_wconf 88' lang='lat' dir='ltr'>auditorem,</span> 
     </span>
     <span class='ocr_line' id='line_1_38' title="bbox 193 3932 989 4010; baseline -0.001 -18"><span class='ocrx_word' id='word_1_202' title='bbox 193 3933 339 4009; x_wconf 89' lang='lat' dir='ltr'>quicum</span> <span class='ocrx_word' id='word_1_203' title='bbox 354 3932 558 4010; x_wconf 81' lang='lat' dir='ltr'>inspexisset</span> <span class='ocrx_word' id='word_1_204' title='bbox 579 3934 654 3994; x_wconf 89' lang='lat' dir='ltr'>acta</span> <span class='ocrx_word' id='word_1_205' title='bbox 665 3932 786 4009; x_wconf 80' lang='lat' dir='ltr'>Judicii</span> <span class='ocrx_word' id='word_1_206' title='bbox 809 3932 989 4007; x_wconf 83' lang='lat' dir='ltr'>diligenter</span> 
     </span>
     <span class='ocr_line' id='line_1_39' title="bbox 192 4030 989 4108; baseline 0 -17"><span class='ocrx_word' id='word_1_207' title='bbox 192 4030 380 4092; x_wconf 83' lang='lat' dir='ltr'>claudis&#39;set</span> <span class='ocrx_word' id='word_1_208' title='bbox 390 4047 463 4108; x_wconf 74' lang='grc'>000</span> <span class='ocrx_word' id='word_1_209' title='bbox 472 4033 705 4107; x_wconf 88' lang='lat' dir='ltr'>procuratores</span> <span class='ocrx_word' id='word_1_210' title='bbox 713 4031 779 4106; x_wconf 89' lang='lat' dir='ltr'>ipsi</span> <span class='ocrx_word' id='word_1_211' title='bbox 789 4031 989 4091; x_wconf 86' lang='lat' dir='ltr'>curaverunt</span> 
     </span>
     <span class='ocr_line' id='line_1_40' title="bbox 194 4126 986 4204; baseline 0.001 -17"><span class='ocrx_word' id='word_1_212' title='bbox 194 4142 376 4204; x_wconf 88' lang='lat' dir='ltr'>proponere</span> <span class='ocrx_word' id='word_1_213' title='bbox 391 4140 504 4189; x_wconf 90' lang='lat' dir='ltr'>coram</span> <span class='ocrx_word' id='word_1_214' title='bbox 519 4143 570 4195; x_wconf 91' lang='lat' dir='ltr'>ec,</span> <span class='ocrx_word' id='word_1_215' title='bbox 587 4143 658 4198; x_wconf 90' lang='lat' dir='ltr'>nos,</span> <span class='ocrx_word' id='word_1_216' title='bbox 677 4128 798 4204; x_wconf 89' lang='grc'><strong>010000</strong></span> <span class='ocrx_word' id='word_1_217' title='bbox 812 4130 884 4203; x_wconf 87' lang='lat' dir='ltr'>ejus</span> <span class='ocrx_word' id='word_1_218' title='bbox 901 4126 986 4188; x_wconf 85' lang='lat' dir='ltr'>lide-</span> 
     </span>
     <span class='ocr_line' id='line_1_41' title="bbox 192 4224 984 4302; baseline 0.001 -18"><span class='ocrx_word' id='word_1_219' title='bbox 192 4224 256 4285; x_wconf 93' lang='lat' dir='ltr'>lem</span> <span class='ocrx_word' id='word_1_220' title='bbox 270 4225 466 4286; x_wconf 89' lang='lat' dir='ltr'>relationem</span> <span class='ocrx_word' id='word_1_221' title='bbox 480 4225 602 4286; x_wconf 90' lang='lat' dir='ltr'>auditis</span> <span class='ocrx_word' id='word_1_222' title='bbox 613 4225 785 4302; x_wconf 88' lang='grc'><strong>010100100</strong></span> <span class='ocrx_word' id='word_1_223' title='bbox 796 4225 984 4296; x_wconf 70' lang='lat' dir='ltr'>intellectis</span> 
     </span>
     <span class='ocr_line' id='line_1_42' title="bbox 193 4322 985 4399; baseline 0 -18"><span class='ocrx_word' id='word_1_224' title='bbox 193 4322 379 4397; x_wconf 81' lang='lat' dir='ltr'>privilegiis</span> <span class='ocrx_word' id='word_1_225' title='bbox 395 4338 525 4399; x_wconf 85' lang='lat' dir='ltr'>quoque</span> <span class='ocrx_word' id='word_1_226' title='bbox 544 4338 584 4384; x_wconf 92' lang='grc'>00</span> <span class='ocrx_word' id='word_1_227' title='bbox 598 4322 814 4398; x_wconf 84' lang='lat' dir='ltr'>indulgentiis</span> <span class='ocrx_word' id='word_1_228' title='bbox 840 4322 985 4397; x_wconf 84' lang='lat' dir='ltr'>Aposto-</span> 
     </span>
    </p>
   </div>
   <div class='ocr_carea' id='block_1_5' title="bbox 821 270 1234 335">
    <p class='ocr_par' dir='ltr' id='par_1_5' title="bbox 821 270 1234 335">
     <span class='ocr_line' id='line_1_43' title="bbox 821 270 1234 335; baseline 0.01 -6"><span class='ocrx_word' id='word_1_229' title='bbox 821 270 998 333; x_wconf 86' lang='lat' dir='ltr'>HONORII</span> <span class='ocrx_word' id='word_1_230' title='bbox 1020 273 1066 333; x_wconf 87' lang='lat'>111</span> <span class='ocrx_word' id='word_1_231' title='bbox 1087 274 1234 335; x_wconf 78' lang='lat' dir='ltr'><strong>OPERA.</strong></span> 
     </span>
    </p>
   </div>
   <div class='ocr_carea' id='block_1_6' title="bbox 1391 446 1506 533">
    <p class='ocr_par' dir='ltr' id='par_1_6' title="bbox 1391 446 1506 533">
     <span class='ocr_line' id='line_1_44' title="bbox 1391 446 1506 533; baseline -0.009 0"><span class='ocrx_word' id='word_1_232' title='bbox 1391 446 1506 533; x_wconf 79' lang='lat' dir='ltr'>tull</span> 
     </span>
    </p>
   </div>
   <div class='ocr_carea' id='block_1_7' title="bbox 1092 605 1809 685">
    <p class='ocr_par' dir='ltr' id='par_1_7' title="bbox 1092 605 1809 685">
     <span class='ocr_line' id='line_1_45' title="bbox 1092 605 1809 685; baseline 0.013 -23"><span class='ocrx_word' id='word_1_233' title='bbox 1092 605 1144 662; x_wconf 79' lang='lat' dir='ltr'>Ad</span> <span class='ocrx_word' id='word_1_234' title='bbox 1154 605 1390 665; x_wconf 75' lang='lat' dir='ltr'>Ruamtlcuum</span> <span class='ocrx_word' id='word_1_235' title='bbox 1405 610 1565 683; x_wconf 76' lang='lat' dir='ltr'>reginam</span> <span class='ocrx_word' id='word_1_236' title='bbox 1581 610 1622 669; x_wconf 83' lang='lat' dir='ltr'>de</span> <span class='ocrx_word' id='word_1_237' title='bbox 1638 611 1809 685; x_wconf 76' lang='grc'><strong>01100010</strong></span> 
     </span>
    </p>
   </div>
   <div class='ocr_carea' id='block_1_8' title="bbox 1183 744 1716 935">
    <p class='ocr_par' dir='ltr' id='par_1_8' title="bbox 1183 744 1716 935">
     <span class='ocr_line' id='line_1_46' title="bbox 1343 744 1551 803; baseline 0.005 -2"><span class='ocrx_word' id='word_1_238' title='bbox 1343 744 1378 801; x_wconf 78' lang='lat'>12</span> <span class='ocrx_word' id='word_1_239' title='bbox 1392 745 1459 801; x_wconf 83' lang='lat' dir='ltr'>muli</span> <span class='ocrx_word' id='word_1_240' title='bbox 1473 745 1551 803; x_wconf 66' lang='lat' dir='ltr'>lm.</span> 
     </span>
     <span class='ocr_line' id='line_1_47' title="bbox 1183 865 1716 935; baseline 0.004 -18"><span class='ocrx_word' id='word_1_241' title='bbox 1183 865 1318 930; x_wconf 68' lang='lat' dir='ltr'>[Raynald</span> <span class='ocrx_word' id='word_1_242' title='bbox 1333 867 1426 916; x_wconf 79' lang='lat' dir='ltr'>Annal.</span> <span class='ocrx_word' id='word_1_243' title='bbox 1439 868 1470 918; x_wconf 86' lang='lat' dir='ltr'>ad</span> <span class='ocrx_word' id='word_1_244' title='bbox 1481 882 1541 917; x_wconf 89' lang='lat' dir='ltr'>ann.</span> <span class='ocrx_word' id='word_1_245' title='bbox 1554 868 1624 927; x_wconf 73' lang='lat'>1224,</span> <span class='ocrx_word' id='word_1_246' title='bbox 1638 870 1716 935; x_wconf 64' lang='grc'><strong>511]</strong></span> 
     </span>
    </p>
   </div>
   <div class='ocr_carea' id='block_1_9' title="bbox 1052 991 1849 1154">
    <p class='ocr_par' dir='ltr' id='par_1_9' title="bbox 1052 991 1849 1154">
     <span class='ocr_line' id='line_1_48' title="bbox 1052 991 1849 1068; baseline 0.006 -21"><span class='ocrx_word' id='word_1_247' title='bbox 1052 991 1243 1048; x_wconf 81' lang='grc' dir='ltr'><strong>11000010υο10</strong></span> <span class='ocrx_word' id='word_1_248' title='bbox 1259 992 1389 1064; x_wconf 86' lang='lat' dir='ltr'>reginam</span> <span class='ocrx_word' id='word_1_249' title='bbox 1405 991 1440 1050; x_wconf 89' lang='lat' dir='ltr'>de</span> <span class='ocrx_word' id='word_1_250' title='bbox 1464 993 1596 1066; x_wconf 77' lang='lat' dir='ltr'>Anagnia</span> <span class='ocrx_word' id='word_1_251' title='bbox 1620 992 1721 1051; x_wconf 84' lang='lat' dir='ltr'>laudat</span> <span class='ocrx_word' id='word_1_252' title='bbox 1736 1003 1849 1068; x_wconf 83' lang='lat' dir='ltr'>propter</span> 
     </span>
     <span class='ocr_line' id='line_1_49' title="bbox 1087 1078 1812 1154; baseline 0.007 -19"><span class='ocrx_word' id='word_1_253' title='bbox 1087 1078 1173 1135; x_wconf 84' lang='lat' dir='ltr'>tidem</span> <span class='ocrx_word' id='word_1_254' title='bbox 1188 1094 1222 1136; x_wconf 90' lang='lat' dir='ltr'>ac</span> <span class='ocrx_word' id='word_1_255' title='bbox 1235 1080 1360 1138; x_wconf 88' lang='lat' dir='ltr'>studium</span> <span class='ocrx_word' id='word_1_256' title='bbox 1375 1096 1444 1154; x_wconf 88' lang='lat' dir='ltr'>erga</span> <span class='ocrx_word' id='word_1_257' title='bbox 1464 1082 1625 1140; x_wconf 79' lang='lat' dir='ltr'>Romanam</span> <span class='ocrx_word' id='word_1_258' title='bbox 1640 1084 1812 1141; x_wconf 83' lang='lat' dir='ltr'>Ecclesiam.</span> 
     </span>
    </p>
   </div>
   <div class='ocr_carea' id='block_1_10' title="bbox 1040 1205 1847 4395">
    <p class='ocr_par' dir='ltr' id='par_1_10' title="bbox 1092 1205 1345 1277">
     <span class='ocr_line' id='line_1_50' title="bbox 1092 1205 1345 1277; baseline 0.008 -13"><span class='ocrx_word' id='word_1_259' title='bbox 1092 1205 1270 1277; x_wconf 89' lang='lat' dir='ltr'>Honorius,</span> <span class='ocrx_word' id='word_1_260' title='bbox 1283 1208 1345 1269; x_wconf 90' lang='grc'><strong>010.</strong></span> 
     </span>
    </p>

    <p class='ocr_par' dir='ltr' id='par_1_11' title="bbox 1040 1302 1847 4395">
     <span class='ocr_line' id='line_1_51' title="bbox 1090 1302 1847 1384; baseline 0.005 -21"><span class='ocrx_word' id='word_1_261' title='bbox 1090 1302 1230 1363; x_wconf 88' lang='lat' dir='ltr'>Multum</span> <span class='ocrx_word' id='word_1_262' title='bbox 1255 1303 1363 1379; x_wconf 82' lang='lat' dir='ltr'>gavisi</span> <span class='ocrx_word' id='word_1_263' title='bbox 1387 1320 1500 1365; x_wconf 88' lang='lat' dir='ltr'>sumus</span> <span class='ocrx_word' id='word_1_264' title='bbox 1523 1307 1559 1367; x_wconf 93' lang='lat' dir='ltr'>in</span> <span class='ocrx_word' id='word_1_265' title='bbox 1580 1308 1727 1368; x_wconf 88' lang='lat' dir='ltr'>Domino</span> <span class='ocrx_word' id='word_1_266' title='bbox 1750 1322 1847 1384; x_wconf 90' lang='lat' dir='ltr'>super</span> 
     </span>
     <span class='ocr_line' id='line_1_52' title="bbox 1051 1398 1847 1478; baseline 0.009 -19"><span class='ocrx_word' id='word_1_267' title='bbox 1051 1398 1237 1471; x_wconf 88' lang='lat' dir='ltr'>devotione,</span> <span class='ocrx_word' id='word_1_268' title='bbox 1254 1417 1352 1478; x_wconf 89' lang='lat' dir='ltr'>quam</span> <span class='ocrx_word' id='word_1_269' title='bbox 1367 1401 1469 1463; x_wconf 88' lang='lat' dir='ltr'>habes</span> <span class='ocrx_word' id='word_1_270' title='bbox 1484 1403 1525 1464; x_wconf 88' lang='lat' dir='ltr'>ad</span> <span class='ocrx_word' id='word_1_271' title='bbox 1540 1420 1613 1475; x_wconf 90' lang='lat' dir='ltr'>nos,</span> <span class='ocrx_word' id='word_1_272' title='bbox 1627 1407 1662 1466; x_wconf 91' lang='lat' dir='ltr'>et</span> <span class='ocrx_word' id='word_1_273' title='bbox 1670 1405 1716 1465; x_wconf 91' lang='lat' dir='ltr'>ad</span> <span class='ocrx_word' id='word_1_274' title='bbox 1725 1408 1847 1466; x_wconf 89' lang='lat' dir='ltr'>Roma-</span> 
     </span>
     <span class='ocr_line' id='line_1_53' title="bbox 1050 1497 1846 1569; baseline 0.009 -13"><span class='ocrx_word' id='word_1_275' title='bbox 1050 1512 1126 1557; x_wconf 91' lang='lat' dir='ltr'>nam</span> <span class='ocrx_word' id='word_1_276' title='bbox 1138 1497 1332 1569; x_wconf 82' lang='lat' dir='ltr'>Ecclesiam,</span> <span class='ocrx_word' id='word_1_277' title='bbox 1346 1501 1487 1561; x_wconf 87' lang='lat' dir='ltr'>matrem</span> <span class='ocrx_word' id='word_1_278' title='bbox 1494 1500 1766 1563; x_wconf 87' lang='lat' dir='ltr'>Christianorum</span> <span class='ocrx_word' id='word_1_279' title='bbox 1776 1519 1846 1563; x_wconf 89' lang='lat' dir='ltr'>cm-</span> 
     </span>
     <span class='ocr_line' id='line_1_54' title="bbox 1050 1594 1844 1675; baseline 0.009 -22"><span class='ocrx_word' id='word_1_280' title='bbox 1050 1594 1142 1655; x_wconf 90' lang='lat' dir='ltr'>nium</span> <span class='ocrx_word' id='word_1_281' title='bbox 1158 1597 1191 1656; x_wconf 91' lang='lat' dir='ltr'>et</span> <span class='ocrx_word' id='word_1_282' title='bbox 1204 1596 1399 1671; x_wconf 81' lang='lat' dir='ltr'>magistram</span> <span class='ocrx_word' id='word_1_283' title='bbox 1413 1619 1420 1656; x_wconf 91' lang='lat'>:</span> <span class='ocrx_word' id='word_1_284' title='bbox 1432 1599 1465 1658; x_wconf 93' lang='lat' dir='ltr'>et</span> <span class='ocrx_word' id='word_1_285' title='bbox 1475 1613 1576 1675; x_wconf 88' lang='lat' dir='ltr'>super</span> <span class='ocrx_word' id='word_1_286' title='bbox 1593 1599 1649 1675; x_wconf 91' lang='lat' dir='ltr'>pio</span> <span class='ocrx_word' id='word_1_287' title='bbox 1665 1600 1844 1673; x_wconf 86' lang='lat' dir='ltr'>desiderio,</span> 
     </span>
     <span class='ocr_line' id='line_1_55' title="bbox 1050 1691 1845 1768; baseline 0.004 -15"><span class='ocrx_word' id='word_1_288' title='bbox 1050 1692 1135 1768; x_wconf 87' lang='lat' dir='ltr'>quod</span> <span class='ocrx_word' id='word_1_289' title='bbox 1149 1691 1252 1753; x_wconf 86' lang='lat' dir='ltr'>habes</span> <span class='ocrx_word' id='word_1_290' title='bbox 1267 1693 1307 1753; x_wconf 92' lang='lat' dir='ltr'>de</span> <span class='ocrx_word' id='word_1_291' title='bbox 1320 1693 1517 1756; x_wconf 89' lang='lat' dir='ltr'>liberatione</span> <span class='ocrx_word' id='word_1_292' title='bbox 1529 1697 1643 1758; x_wconf 88' lang='lat' dir='ltr'>Terrae</span> <span class='ocrx_word' id='word_1_293' title='bbox 1657 1698 1845 1767; x_wconf 84' lang='lat' dir='ltr'>Sanctae‚in</span> 
     </span>
     <span class='ocr_line' id='line_1_56' title="bbox 1049 1791 1846 1869; baseline 0.006 -19"><span class='ocrx_word' id='word_1_294' title='bbox 1049 1806 1113 1866; x_wconf 87' lang='lat' dir='ltr'>qua</span> <span class='ocrx_word' id='word_1_295' title='bbox 1138 1791 1296 1852; x_wconf 88' lang='lat' dir='ltr'>Dominus</span> <span class='ocrx_word' id='word_1_296' title='bbox 1315 1794 1413 1853; x_wconf 82' lang='grc'><strong>10000</strong></span> <span class='ocrx_word' id='word_1_297' title='bbox 1437 1793 1589 1854; x_wconf 87' lang='lat' dir='ltr'>Christus</span> <span class='ocrx_word' id='word_1_298' title='bbox 1614 1793 1774 1869; x_wconf 87' lang='lat' dir='ltr'>dignatus</span> <span class='ocrx_word' id='word_1_299' title='bbox 1797 1798 1846 1855; x_wconf 85' lang='lat' dir='ltr'>est</span> 
     </span>
     <span class='ocr_line' id='line_1_57' title="bbox 1049 1887 1841 1965; baseline 0.005 -18"><span class='ocrx_word' id='word_1_300' title='bbox 1049 1887 1186 1948; x_wconf 89' lang='lat' dir='ltr'>humani</span> <span class='ocrx_word' id='word_1_301' title='bbox 1212 1889 1343 1963; x_wconf 88' lang='lat' dir='ltr'>generis</span> <span class='ocrx_word' id='word_1_302' title='bbox 1368 1890 1501 1965; x_wconf 92' lang='lat' dir='ltr'>operari</span> <span class='ocrx_word' id='word_1_303' title='bbox 1520 1890 1677 1962; x_wconf 89' lang='lat' dir='ltr'>salutem,</span> <span class='ocrx_word' id='word_1_304' title='bbox 1704 1892 1841 1953; x_wconf 78' lang='grc'><strong>10011000</strong></span> 
     </span>
     <span class='ocr_line' id='line_1_58' title="bbox 1048 1986 1845 2065; baseline 0.004 -19"><span class='ocrx_word' id='word_1_305' title='bbox 1048 1986 1267 2047; x_wconf 89' lang='lat' dir='ltr'>morticrucis</span> <span class='ocrx_word' id='word_1_306' title='bbox 1290 1986 1453 2048; x_wconf 80' lang='lat' dir='ltr'>ineffabili</span> <span class='ocrx_word' id='word_1_307' title='bbox 1481 1987 1605 2064; x_wconf 88' lang='grc'><strong>0101010</strong></span> <span class='ocrx_word' id='word_1_308' title='bbox 1625 1988 1787 2065; x_wconf 86' lang='lat' dir='ltr'>seipsum,</span> <span class='ocrx_word' id='word_1_309' title='bbox 1809 1991 1845 2049; x_wconf 91' lang='grc'>01</span> 
     </span>
     <span class='ocr_line' id='line_1_59' title="bbox 1047 2084 1839 2162; baseline 0.006 -18"><span class='ocrx_word' id='word_1_310' title='bbox 1047 2100 1151 2159; x_wconf 89' lang='lat' dir='ltr'>genus</span> <span class='ocrx_word' id='word_1_311' title='bbox 1160 2084 1369 2145; x_wconf 82' lang='grc'><strong>1100100000</strong></span> <span class='ocrx_word' id='word_1_312' title='bbox 1382 2086 1488 2146; x_wconf 91' lang='lat' dir='ltr'>morte</span> <span class='ocrx_word' id='word_1_313' title='bbox 1498 2087 1659 2162; x_wconf 87' lang='lat' dir='ltr'>perpetua</span> <span class='ocrx_word' id='word_1_314' title='bbox 1674 2086 1839 2162; x_wconf 79' lang='lat' dir='ltr'>liberaret</span> 
     </span>
     <span class='ocr_line' id='line_1_60' title="bbox 1048 2182 1839 2258; baseline 0.003 -16"><span class='ocrx_word' id='word_1_315' title='bbox 1048 2185 1155 2258; x_wconf 88' lang='lat' dir='ltr'>Super</span> <span class='ocrx_word' id='word_1_316' title='bbox 1169 2184 1275 2243; x_wconf 87' lang='lat' dir='ltr'>morte</span> <span class='ocrx_word' id='word_1_317' title='bbox 1295 2185 1405 2243; x_wconf 88' lang='lat' dir='ltr'>autem</span> <span class='ocrx_word' id='word_1_318' title='bbox 1420 2182 1521 2244; x_wconf 87' lang='lat' dir='ltr'>clarae</span> <span class='ocrx_word' id='word_1_319' title='bbox 1542 2184 1755 2245; x_wconf 80' lang='lat' dir='ltr'>memoriae...</span> <span class='ocrx_word' id='word_1_320' title='bbox 1769 2184 1839 2244; x_wconf 81' lang='lat' dir='ltr'>ira-</span> 
     </span>
     <span class='ocr_line' id='line_1_61' title="bbox 1047 2279 1841 2358; baseline 0.003 -17"><span class='ocrx_word' id='word_1_321' title='bbox 1047 2279 1107 2341; x_wconf 90' lang='lat' dir='ltr'>tris</span> <span class='ocrx_word' id='word_1_322' title='bbox 1137 2279 1187 2341; x_wconf 91' lang='grc'>101</span> <span class='ocrx_word' id='word_1_323' title='bbox 1215 2280 1304 2356; x_wconf 90' lang='lat' dir='ltr'>regis</span> <span class='ocrx_word' id='word_1_324' title='bbox 1333 2280 1596 2355; x_wconf 84' lang='lat' dir='ltr'>Georgianorum</span> <span class='ocrx_word' id='word_1_325' title='bbox 1617 2281 1681 2343; x_wconf 89' lang='lat' dir='ltr'>tihi</span> <span class='ocrx_word' id='word_1_326' title='bbox 1705 2286 1841 2358; x_wconf 85' lang='lat' dir='ltr'>paterno</span> 
     </span>
     <span class='ocr_line' id='line_1_62' title="bbox 1047 2376 1842 2453; baseline 0.003 -16"><span class='ocrx_word' id='word_1_327' title='bbox 1047 2376 1214 2453; x_wconf 86' lang='lat' dir='ltr'>compassi</span> <span class='ocrx_word' id='word_1_328' title='bbox 1240 2393 1354 2437; x_wconf 90' lang='lat' dir='ltr'>sumus</span> <span class='ocrx_word' id='word_1_329' title='bbox 1377 2376 1510 2449; x_wconf 87' lang='lat' dir='ltr'>affectu,</span> <span class='ocrx_word' id='word_1_330' title='bbox 1535 2393 1576 2440; x_wconf 89' lang='lat' dir='ltr'>ac</span> <span class='ocrx_word' id='word_1_331' title='bbox 1600 2378 1636 2438; x_wconf 91' lang='lat' dir='ltr'>in</span> <span class='ocrx_word' id='word_1_332' title='bbox 1660 2394 1701 2440; x_wconf 90' lang='grc'>00</span> <span class='ocrx_word' id='word_1_333' title='bbox 1724 2379 1842 2439; x_wconf 87' lang='lat' dir='ltr'>subse-</span> 
     </span>
     <span class='ocr_line' id='line_1_63' title="bbox 1047 2474 1844 2551; baseline 0.004 -17"><span class='ocrx_word' id='word_1_334' title='bbox 1047 2476 1187 2551; x_wconf 87' lang='lat' dir='ltr'>quenter</span> <span class='ocrx_word' id='word_1_335' title='bbox 1194 2474 1411 2551; x_wconf 82' lang='lat' dir='ltr'>gavisi,quod</span> <span class='ocrx_word' id='word_1_336' title='bbox 1420 2474 1558 2551; x_wconf 83' lang='lat' dir='ltr'>pacifice</span> <span class='ocrx_word' id='word_1_337' title='bbox 1567 2475 1844 2551; x_wconf 87' lang='lat' dir='ltr'>obtinesregnum</span> 
     </span>
     <span class='ocr_line' id='line_1_64' title="bbox 1047 2571 1841 2649; baseline 0.003 -16"><span class='ocrx_word' id='word_1_338' title='bbox 1047 2575 1129 2648; x_wconf 85' lang='lat' dir='ltr'>ejus,</span> <span class='ocrx_word' id='word_1_339' title='bbox 1146 2572 1232 2632; x_wconf 90' lang='lat' dir='ltr'>sicut</span> <span class='ocrx_word' id='word_1_340' title='bbox 1244 2571 1339 2632; x_wconf 89' lang='lat' dir='ltr'>nohis</span> <span class='ocrx_word' id='word_1_341' title='bbox 1353 2588 1411 2648; x_wconf 92' lang='lat' dir='ltr'>per</span> <span class='ocrx_word' id='word_1_342' title='bbox 1424 2573 1515 2649; x_wconf 89' lang='lat' dir='ltr'>ipsas</span> <span class='ocrx_word' id='word_1_343' title='bbox 1525 2572 1657 2634; x_wconf 87' lang='lat' dir='ltr'>litteras</span> <span class='ocrx_word' id='word_1_344' title='bbox 1668 2574 1841 2645; x_wconf 86' lang='lat' dir='ltr'>intimasti,</span> 
     </span>
     <span class='ocr_line' id='line_1_65' title="bbox 1047 2652 1844 2747; baseline 0.001 -17"><span class='ocrx_word' id='word_1_345' title='bbox 1047 2669 1198 2746; x_wconf 89' lang='lat' dir='ltr'>optantes</span> <span class='ocrx_word' id='word_1_346' title='bbox 1214 2652 1350 2730; x_wconf 84' lang='grc'><strong>0111000</strong></span> <span class='ocrx_word' id='word_1_347' title='bbox 1376 2670 1411 2729; x_wconf 88' lang='grc'>10</span> <span class='ocrx_word' id='word_1_348' title='bbox 1430 2673 1525 2747; x_wconf 75' lang='grc'><strong>00100</strong></span> <span class='ocrx_word' id='word_1_349' title='bbox 1547 2685 1651 2732; x_wconf 90' lang='grc'><strong>10000</strong></span> <span class='ocrx_word' id='word_1_350' title='bbox 1670 2673 1747 2731; x_wconf 88' lang='lat' dir='ltr'>sunt</span> <span class='ocrx_word' id='word_1_351' title='bbox 1763 2674 1844 2747; x_wconf 83' lang='lat' dir='ltr'>jura</span> 
     </span>
     <span class='ocr_line' id='line_1_66' title="bbox 1046 2768 1843 2843; baseline 0.003 -17"><span class='ocrx_word' id='word_1_352' title='bbox 1046 2782 1161 2842; x_wconf 88' lang='lat' dir='ltr'>regum</span> <span class='ocrx_word' id='word_1_353' title='bbox 1187 2768 1220 2828; x_wconf 92' lang='lat' dir='ltr'>et</span> <span class='ocrx_word' id='word_1_354' title='bbox 1247 2781 1362 2842; x_wconf 88' lang='lat' dir='ltr'>regna,</span> <span class='ocrx_word' id='word_1_355' title='bbox 1387 2768 1419 2827; x_wconf 92' lang='grc'>10</span> <span class='ocrx_word' id='word_1_356' title='bbox 1446 2782 1486 2828; x_wconf 89' lang='grc'>00</span> <span class='ocrx_word' id='word_1_357' title='bbox 1518 2769 1612 2828; x_wconf 89' lang='grc'><strong>10010</strong></span> <span class='ocrx_word' id='word_1_358' title='bbox 1644 2783 1787 2843; x_wconf 88' lang='lat' dir='ltr'>regnum</span> <span class='ocrx_word' id='word_1_359' title='bbox 1808 2769 1843 2827; x_wconf 89' lang='lat' dir='ltr'>in</span> 
     </span>
     <span class='ocr_line' id='line_1_67' title="bbox 1046 2864 1842 2941; baseline 0.003 -18"><span class='ocrx_word' id='word_1_360' title='bbox 1046 2879 1107 2923; x_wconf 88' lang='grc'>000</span> <span class='ocrx_word' id='word_1_361' title='bbox 1122 2864 1186 2924; x_wconf 89' lang='lat' dir='ltr'>fide</span> <span class='ocrx_word' id='word_1_362' title='bbox 1199 2879 1239 2924; x_wconf 89' lang='lat' dir='ltr'>ac</span> <span class='ocrx_word' id='word_1_363' title='bbox 1251 2864 1436 2936; x_wconf 82' lang='lat' dir='ltr'>devotione,</span> <span class='ocrx_word' id='word_1_364' title='bbox 1453 2865 1552 2941; x_wconf 88' lang='lat' dir='ltr'>atque</span> <span class='ocrx_word' id='word_1_365' title='bbox 1566 2865 1602 2925; x_wconf 90' lang='lat' dir='ltr'>in</span> <span class='ocrx_word' id='word_1_366' title='bbox 1617 2864 1715 2925; x_wconf 90' lang='lat' dir='ltr'>bonis</span> <span class='ocrx_word' id='word_1_367' title='bbox 1729 2866 1842 2925; x_wconf 89' lang='lat' dir='ltr'>omni-</span> 
     </span>
     <span class='ocr_line' id='line_1_68' title="bbox 1045 2960 1841 3037; baseline 0.001 -15"><span class='ocrx_word' id='word_1_368' title='bbox 1045 2960 1107 3022; x_wconf 89' lang='lat' dir='ltr'>hus</span> <span class='ocrx_word' id='word_1_369' title='bbox 1122 2961 1301 3037; x_wconf 85' lang='lat' dir='ltr'>amplificet</span> <span class='ocrx_word' id='word_1_370' title='bbox 1316 2962 1349 3023; x_wconf 90' lang='grc'>01</span> <span class='ocrx_word' id='word_1_371' title='bbox 1372 2964 1556 3024; x_wconf 85' lang='lat' dir='ltr'>conservet.</span> <span class='ocrx_word' id='word_1_372' title='bbox 1579 2963 1649 3023; x_wconf 79' lang='lat' dir='ltr'>Etsi</span> <span class='ocrx_word' id='word_1_373' title='bbox 1664 2964 1753 3024; x_wconf 90' lang='lat' dir='ltr'>enim</span> <span class='ocrx_word' id='word_1_374' title='bbox 1779 2962 1841 3023; x_wconf 86' lang='lat' dir='ltr'>ab·</span> 
     </span>
     <span class='ocr_line' id='line_1_69' title="bbox 1046 3058 1843 3136; baseline 0.003 -17"><span class='ocrx_word' id='word_1_375' title='bbox 1046 3058 1157 3119; x_wconf 88' lang='lat' dir='ltr'>sentes</span> <span class='ocrx_word' id='word_1_376' title='bbox 1192 3059 1296 3119; x_wconf 91' lang='lat' dir='ltr'>simus</span> <span class='ocrx_word' id='word_1_377' title='bbox 1331 3075 1480 3136; x_wconf 87' lang='lat' dir='ltr'>corpore,</span> <span class='ocrx_word' id='word_1_378' title='bbox 1515 3064 1698 3136; x_wconf 85' lang='lat' dir='ltr'>praesentes</span> <span class='ocrx_word' id='word_1_379' title='bbox 1730 3062 1843 3122; x_wconf 86' lang='lat' dir='ltr'>tamen</span> 
     </span>
     <span class='ocr_line' id='line_1_70' title="bbox 1045 3155 1846 3233; baseline 0.005 -18"><span class='ocrx_word' id='word_1_380' title='bbox 1045 3156 1175 3233; x_wconf 89' lang='lat' dir='ltr'>spiritu,</span> <span class='ocrx_word' id='word_1_381' title='bbox 1190 3156 1223 3218; x_wconf 92' lang='lat' dir='ltr'>te</span> <span class='ocrx_word' id='word_1_382' title='bbox 1235 3172 1275 3217; x_wconf 90' lang='lat' dir='ltr'>ac</span> <span class='ocrx_word' id='word_1_383' title='bbox 1285 3155 1369 3217; x_wconf 91' lang='lat' dir='ltr'>alios</span> <span class='ocrx_word' id='word_1_384' title='bbox 1383 3156 1586 3218; x_wconf 88' lang='lat' dir='ltr'>christianos</span> <span class='ocrx_word' id='word_1_385' title='bbox 1600 3158 1697 3233; x_wconf 89' lang='lat' dir='ltr'>regni</span> <span class='ocrx_word' id='word_1_386' title='bbox 1708 3159 1758 3219; x_wconf 89' lang='grc'>101</span> <span class='ocrx_word' id='word_1_387' title='bbox 1773 3174 1846 3219; x_wconf 88' lang='lat' dir='ltr'>ccr-</span> 
     </span>
     <span class='ocr_line' id='line_1_71' title="bbox 1046 3253 1841 3326; baseline 0.004 -13"><span class='ocrx_word' id='word_1_388' title='bbox 1046 3253 1096 3313; x_wconf 93' lang='lat' dir='ltr'>dis</span> <span class='ocrx_word' id='word_1_389' title='bbox 1112 3253 1218 3315; x_wconf 92' lang='lat' dir='ltr'>oculis</span> <span class='ocrx_word' id='word_1_390' title='bbox 1237 3254 1415 3325; x_wconf 88' lang='lat' dir='ltr'>intuemur,</span> <span class='ocrx_word' id='word_1_391' title='bbox 1432 3254 1466 3314; x_wconf 91' lang='grc'>01</span> <span class='ocrx_word' id='word_1_392' title='bbox 1485 3254 1691 3316; x_wconf 81' lang='lat' dir='ltr'>delectamur</span> <span class='ocrx_word' id='word_1_393' title='bbox 1714 3255 1748 3316; x_wconf 93' lang='lat' dir='ltr'>in</span> <span class='ocrx_word' id='word_1_394' title='bbox 1763 3255 1841 3326; x_wconf 84' lang='lat' dir='ltr'>tide,</span> 
     </span>
     <span class='ocr_line' id='line_1_72' title="bbox 1045 3350 1843 3427; baseline 0.004 -17"><span class='ocrx_word' id='word_1_395' title='bbox 1045 3365 1143 3427; x_wconf 89' lang='lat' dir='ltr'>quam</span> <span class='ocrx_word' id='word_1_396' title='bbox 1158 3350 1288 3412; x_wconf 89' lang='lat' dir='ltr'>hahetis</span> <span class='ocrx_word' id='word_1_397' title='bbox 1304 3352 1338 3411; x_wconf 91' lang='lat' dir='ltr'>in</span> <span class='ocrx_word' id='word_1_398' title='bbox 1361 3351 1501 3412; x_wconf 88' lang='lat' dir='ltr'>Domino</span> <span class='ocrx_word' id='word_1_399' title='bbox 1522 3354 1605 3413; x_wconf 86' lang='lat' dir='ltr'>Jesu</span> <span class='ocrx_word' id='word_1_400' title='bbox 1620 3352 1765 3423; x_wconf 88' lang='lat' dir='ltr'>Christo,</span> <span class='ocrx_word' id='word_1_401' title='bbox 1788 3354 1843 3413; x_wconf 92' lang='lat' dir='ltr'>cui</span> 
     </span>
     <span class='ocr_line' id='line_1_73' title="bbox 1045 3447 1843 3526; baseline 0.005 -19"><span class='ocrx_word' id='word_1_402' title='bbox 1045 3463 1084 3508; x_wconf 91' lang='lat' dir='ltr'>eo</span> <span class='ocrx_word' id='word_1_403' title='bbox 1099 3447 1171 3523; x_wconf 87' lang='lat' dir='ltr'>ipso</span> <span class='ocrx_word' id='word_1_404' title='bbox 1192 3449 1243 3509; x_wconf 90' lang='grc'>001</span> <span class='ocrx_word' id='word_1_405' title='bbox 1254 3449 1422 3524; x_wconf 85' lang='lat' dir='ltr'>acceptior</span> <span class='ocrx_word' id='word_1_406' title='bbox 1437 3448 1519 3509; x_wconf 85' lang='lat' dir='ltr'>tides</span> <span class='ocrx_word' id='word_1_407' title='bbox 1529 3450 1653 3521; x_wconf 82' lang='lat' dir='ltr'>vestra,</span> <span class='ocrx_word' id='word_1_408' title='bbox 1666 3449 1752 3526; x_wconf 88' lang='lat' dir='ltr'>quod</span> <span class='ocrx_word' id='word_1_409' title='bbox 1768 3465 1843 3511; x_wconf 85' lang='lat' dir='ltr'>eam</span> 
     </span>
     <span class='ocr_line' id='line_1_74' title="bbox 1045 3545 1845 3617; baseline 0.005 -12"><span class='ocrx_word' id='word_1_410' title='bbox 1045 3545 1184 3605; x_wconf 83' lang='lat' dir='ltr'>serratis</span> <span class='ocrx_word' id='word_1_411' title='bbox 1198 3545 1234 3605; x_wconf 92' lang='lat' dir='ltr'>in</span> <span class='ocrx_word' id='word_1_412' title='bbox 1243 3545 1351 3605; x_wconf 90' lang='lat' dir='ltr'>medio</span> <span class='ocrx_word' id='word_1_413' title='bbox 1359 3545 1544 3606; x_wconf 86' lang='lat' dir='ltr'>infidelium</span> <span class='ocrx_word' id='word_1_414' title='bbox 1557 3546 1743 3617; x_wconf 90' lang='lat' dir='ltr'>nationum,</span> <span class='ocrx_word' id='word_1_415' title='bbox 1755 3547 1845 3609; x_wconf 86' lang='lat' dir='ltr'>inter</span> 
     </span>
     <span class='ocr_line' id='line_1_75' title="bbox 1044 3641 1845 3718; baseline 0.004 -17"><span class='ocrx_word' id='word_1_416' title='bbox 1044 3657 1125 3718; x_wconf 89' lang='lat' dir='ltr'>quas</span> <span class='ocrx_word' id='word_1_417' title='bbox 1138 3641 1256 3702; x_wconf 89' lang='lat' dir='ltr'>lucetis</span> <span class='ocrx_word' id='word_1_418' title='bbox 1281 3642 1376 3718; x_wconf 86' lang='lat' dir='ltr'>quasi</span> <span class='ocrx_word' id='word_1_419' title='bbox 1399 3642 1544 3704; x_wconf 85' lang='lat' dir='ltr'>lucernae</span> <span class='ocrx_word' id='word_1_420' title='bbox 1571 3642 1607 3702; x_wconf 91' lang='grc'>10</span> <span class='ocrx_word' id='word_1_421' title='bbox 1635 3643 1797 3714; x_wconf 88' lang='lat' dir='ltr'>tenebris,</span> <span class='ocrx_word' id='word_1_422' title='bbox 1811 3649 1845 3704; x_wconf 86' lang='grc'>01</span> 
     </span>
     <span class='ocr_line' id='line_1_76' title="bbox 1043 3738 1842 3817; baseline 0.005 -18"><span class='ocrx_word' id='word_1_423' title='bbox 1043 3738 1199 3800; x_wconf 89' lang='lat' dir='ltr'>redoletis</span> <span class='ocrx_word' id='word_1_424' title='bbox 1215 3740 1311 3816; x_wconf 88' lang='lat' dir='ltr'>quasi</span> <span class='ocrx_word' id='word_1_425' title='bbox 1327 3740 1398 3799; x_wconf 88' lang='lat' dir='ltr'>lilia</span> <span class='ocrx_word' id='word_1_426' title='bbox 1420 3740 1509 3800; x_wconf 86' lang='lat' dir='ltr'>inter</span> <span class='ocrx_word' id='word_1_427' title='bbox 1529 3741 1657 3816; x_wconf 88' lang='lat' dir='ltr'>spinas,</span> <span class='ocrx_word' id='word_1_428' title='bbox 1684 3744 1842 3817; x_wconf 87' lang='lat' dir='ltr'>reporta-</span> 
     </span>
     <span class='ocr_line' id='line_1_77' title="bbox 1046 3836 1844 3908; baseline 0.003 -11"><span class='ocrx_word' id='word_1_429' title='bbox 1046 3836 1109 3897; x_wconf 88' lang='lat' dir='ltr'>turi</span> <span class='ocrx_word' id='word_1_430' title='bbox 1124 3836 1202 3896; x_wconf 87' lang='lat' dir='ltr'>fidei</span> <span class='ocrx_word' id='word_1_431' title='bbox 1217 3838 1337 3899; x_wconf 86' lang='lat' dir='ltr'>vestrae</span> <span class='ocrx_word' id='word_1_432' title='bbox 1348 3836 1605 3898; x_wconf 88' lang='lat' dir='ltr'>desiderabilem</span> <span class='ocrx_word' id='word_1_433' title='bbox 1619 3838 1731 3908; x_wconf 83' lang='lat' dir='ltr'>linem,</span> <span class='ocrx_word' id='word_1_434' title='bbox 1748 3838 1844 3899; x_wconf 86' lang='lat' dir='ltr'>salu·</span> 
     </span>
     <span class='ocr_line' id='line_1_78' title="bbox 1042 3933 1843 4011; baseline 0.001 -16"><span class='ocrx_word' id='word_1_435' title='bbox 1042 3935 1107 3995; x_wconf 90' lang='lat' dir='ltr'>tem</span> <span class='ocrx_word' id='word_1_436' title='bbox 1124 3936 1312 3995; x_wconf 79' lang='lat' dir='ltr'>vestrarum</span> <span class='ocrx_word' id='word_1_437' title='bbox 1320 3933 1475 3995; x_wconf 83' lang='lat' dir='ltr'>videlicet</span> <span class='ocrx_word' id='word_1_438' title='bbox 1487 3934 1689 3995; x_wconf 88' lang='lat' dir='ltr'>animarum.</span> <span class='ocrx_word' id='word_1_439' title='bbox 1702 3938 1843 4011; x_wconf 86' lang='lat' dir='ltr'>Propter</span> 
     </span>
     <span class='ocr_line' id='line_1_79' title="bbox 1042 4030 1841 4108; baseline 0.003 -18"><span class='ocrx_word' id='word_1_440' title='bbox 1042 4030 1127 4108; x_wconf 88' lang='lat' dir='ltr'>quod</span> <span class='ocrx_word' id='word_1_441' title='bbox 1145 4031 1236 4091; x_wconf 88' lang='grc'><strong>10010</strong></span> <span class='ocrx_word' id='word_1_442' title='bbox 1254 4030 1470 4091; x_wconf 82' lang='lat' dir='ltr'>exhortamur</span> <span class='ocrx_word' id='word_1_443' title='bbox 1489 4030 1525 4090; x_wconf 94' lang='lat' dir='ltr'>ln</span> <span class='ocrx_word' id='word_1_444' title='bbox 1541 4032 1684 4093; x_wconf 89' lang='lat' dir='ltr'>Domino</span> <span class='ocrx_word' id='word_1_445' title='bbox 1700 4032 1841 4092; x_wconf 87' lang='lat' dir='ltr'>celsitu-</span> 
     </span>
     <span class='ocr_line' id='line_1_80' title="bbox 1044 4127 1839 4203; baseline 0.001 -17"><span class='ocrx_word' id='word_1_446' title='bbox 1044 4127 1165 4198; x_wconf 90' lang='lat' dir='ltr'>dinem,</span> <span class='ocrx_word' id='word_1_447' title='bbox 1183 4127 1219 4187; x_wconf 91' lang='lat' dir='ltr'>ut</span> <span class='ocrx_word' id='word_1_448' title='bbox 1231 4128 1322 4188; x_wconf 86' lang='lat' dir='ltr'>certa</span> <span class='ocrx_word' id='word_1_449' title='bbox 1337 4128 1378 4187; x_wconf 93' lang='lat' dir='ltr'>de</span> <span class='ocrx_word' id='word_1_450' title='bbox 1394 4127 1616 4203; x_wconf 87' lang='lat' dir='ltr'>promissione</span> <span class='ocrx_word' id='word_1_451' title='bbox 1642 4128 1765 4189; x_wconf 83' lang='lat' dir='ltr'>Christi</span> <span class='ocrx_word' id='word_1_452' title='bbox 1784 4128 1839 4187; x_wconf 93' lang='lat' dir='ltr'>di-</span> 
     </span>
     <span class='ocr_line' id='line_1_81' title="bbox 1042 4221 1841 4293; baseline -0.001 -10"><span class='ocrx_word' id='word_1_453' title='bbox 1042 4221 1146 4284; x_wconf 90' lang='lat' dir='ltr'>centis</span> <span class='ocrx_word' id='word_1_454' title='bbox 1164 4243 1171 4283; x_wconf 91' lang='lat'><strong>:</strong></span> <span class='ocrx_word' id='word_1_455' title='bbox 1187 4222 1249 4293; x_wconf 89' lang='lat' dir='ltr'>Qui</span> <span class='ocrx_word' id='word_1_456' title='bbox 1264 4222 1476 4284; x_wconf 84' lang='lat' dir='ltr'>confitebitur</span> <span class='ocrx_word' id='word_1_457' title='bbox 1491 4239 1544 4283; x_wconf 91' lang='grc'>100</span> <span class='ocrx_word' id='word_1_458' title='bbox 1560 4239 1676 4284; x_wconf 89' lang='lat' dir='ltr'>coram</span> <span class='ocrx_word' id='word_1_459' title='bbox 1695 4223 1841 4285; x_wconf 88' lang='lat' dir='ltr'>homini-</span> 
     </span>
     <span class='ocr_line' id='line_1_82' title="bbox 1040 4319 1837 4395; baseline 0.003 -16"><span class='ocrx_word' id='word_1_460' title='bbox 1040 4319 1112 4390; x_wconf 88' lang='lat' dir='ltr'>bus,</span> <span class='ocrx_word' id='word_1_461' title='bbox 1127 4319 1308 4381; x_wconf 83' lang='grc' dir='ltr'><strong>000111011οο</strong></span> <span class='ocrx_word' id='word_1_462' title='bbox 1320 4321 1353 4381; x_wconf 88' lang='grc'>01</span> <span class='ocrx_word' id='word_1_463' title='bbox 1367 4335 1427 4395; x_wconf 88' lang='lat' dir='ltr'>ego</span> <span class='ocrx_word' id='word_1_464' title='bbox 1436 4335 1512 4380; x_wconf 90' lang='lat' dir='ltr'>eum</span> <span class='ocrx_word' id='word_1_465' title='bbox 1520 4336 1635 4381; x_wconf 89' lang='lat' dir='ltr'>coram</span> <span class='ocrx_word' id='word_1_466' title='bbox 1645 4324 1744 4382; x_wconf 89' lang='lat' dir='ltr'>Patre</span> <span class='ocrx_word' id='word_1_467' title='bbox 1751 4335 1837 4389; x_wconf 88' lang='grc'><strong>1000,</strong></span> 
     </span>
    </p>
   </div>
   <div class='ocr_carea' id='block_1_11' title="bbox 189 4416 1844 5563">
    <p class='ocr_par' dir='ltr' id='par_1_12' title="bbox 189 4416 1840 5080">
     <span class='ocr_line' id='line_1_83' title="bbox 192 4416 1839 4495; baseline -0.001 -17"><span class='ocrx_word' id='word_1_468' title='bbox 192 4419 265 4480; x_wconf 86' lang='grc'><strong>11000</strong></span> <span class='ocrx_word' id='word_1_469' title='bbox 291 4420 385 4481; x_wconf 81' lang='lat' dir='ltr'>Sedis</span> <span class='ocrx_word' id='word_1_470' title='bbox 411 4418 570 4481; x_wconf 81' lang='lat' dir='ltr'>exhibitis</span> <span class='ocrx_word' id='word_1_471' title='bbox 596 4435 656 4495; x_wconf 89' lang='lat' dir='ltr'>pro</span> <span class='ocrx_word' id='word_1_472' title='bbox 685 4419 886 4480; x_wconf 87' lang='lat' dir='ltr'>monasterio</span> <span class='ocrx_word' id='word_1_473' title='bbox 913 4419 985 4495; x_wconf 90' lang='lat' dir='ltr'>ipso</span> <span class='ocrx_word' id='word_1_474' title='bbox 1040 4416 1096 4494; x_wconf 90' lang='lat' dir='ltr'>qui</span> <span class='ocrx_word' id='word_1_475' title='bbox 1122 4418 1172 4477; x_wconf 89' lang='lat' dir='ltr'>est</span> <span class='ocrx_word' id='word_1_476' title='bbox 1190 4418 1225 4476; x_wconf 91' lang='lat' dir='ltr'>in</span> <span class='ocrx_word' id='word_1_477' title='bbox 1241 4417 1351 4488; x_wconf 86' lang='lat' dir='ltr'>coelis;</span> <span class='ocrx_word' id='word_1_478' title='bbox 1377 4416 1839 4489; x_wconf 80' lang='grc'><strong>1000010001000,0010010</strong></span> 
     </span>
     <span class='ocr_line' id='line_1_84' title="bbox 191 4513 1837 4594; baseline -0.002 -17"><span class='ocrx_word' id='word_1_479' title='bbox 191 4516 371 4593; x_wconf 90' lang='lat' dir='ltr'>diligenter</span> <span class='ocrx_word' id='word_1_480' title='bbox 391 4517 562 4594; x_wconf 90' lang='lat' dir='ltr'>inspectis,</span> <span class='ocrx_word' id='word_1_481' title='bbox 577 4517 617 4577; x_wconf 92' lang='lat' dir='ltr'>de</span> <span class='ocrx_word' id='word_1_482' title='bbox 632 4515 771 4578; x_wconf 78' lang='lat' dir='ltr'>fratrum</span> <span class='ocrx_word' id='word_1_483' title='bbox 797 4517 985 4576; x_wconf 90' lang='lat' dir='ltr'>nostrorum</span> <span class='ocrx_word' id='word_1_484' title='bbox 1039 4513 1146 4575; x_wconf 91' lang='lat' dir='ltr'>sancti</span> <span class='ocrx_word' id='word_1_485' title='bbox 1167 4513 1312 4574; x_wconf 90' lang='lat' dir='ltr'>nominis</span> <span class='ocrx_word' id='word_1_486' title='bbox 1333 4516 1406 4589; x_wconf 84' lang='lat' dir='ltr'>eJus</span> <span class='ocrx_word' id='word_1_487' title='bbox 1426 4514 1523 4574; x_wconf 88' lang='grc'><strong>110100</strong></span> <span class='ocrx_word' id='word_1_488' title='bbox 1544 4513 1739 4591; x_wconf 86' lang='lat' dir='ltr'>stabilisque</span> <span class='ocrx_word' id='word_1_489' title='bbox 1757 4528 1837 4590; x_wconf 84' lang='lat' dir='ltr'>pcr-</span> 
     </span>
     <span class='ocr_line' id='line_1_85' title="bbox 191 4608 1840 4685; baseline -0.002 -11"><span class='ocrx_word' id='word_1_490' title='bbox 191 4616 330 4676; x_wconf 91' lang='lat' dir='ltr'>consilio</span> <span class='ocrx_word' id='word_1_491' title='bbox 359 4614 483 4677; x_wconf 91' lang='lat' dir='ltr'>dictum</span> <span class='ocrx_word' id='word_1_492' title='bbox 509 4614 747 4675; x_wconf 88' lang='lat' dir='ltr'>monasterium</span> <span class='ocrx_word' id='word_1_493' title='bbox 778 4613 985 4674; x_wconf 88' lang='lat' dir='ltr'>decrevimus</span> <span class='ocrx_word' id='word_1_494' title='bbox 1040 4610 1149 4680; x_wconf 88' lang='lat' dir='ltr'>sistas,</span> <span class='ocrx_word' id='word_1_495' title='bbox 1178 4610 1211 4670; x_wconf 89' lang='lat' dir='ltr'>et</span> <span class='ocrx_word' id='word_1_496' title='bbox 1228 4608 1270 4669; x_wconf 93' lang='lat' dir='ltr'>ad</span> <span class='ocrx_word' id='word_1_497' title='bbox 1296 4608 1540 4685; x_wconf 89' lang='lat' dir='ltr'>persistendum</span> <span class='ocrx_word' id='word_1_498' title='bbox 1562 4611 1599 4670; x_wconf 89' lang='lat' dir='ltr'>in</span> <span class='ocrx_word' id='word_1_499' title='bbox 1624 4627 1666 4671; x_wconf 89' lang='lat' dir='ltr'>ea</span> <span class='ocrx_word' id='word_1_500' title='bbox 1692 4609 1840 4670; x_wconf 78' lang='lat' dir='ltr'>subditos</span> 
     </span>
     <span class='ocr_line' id='line_1_86' title="bbox 190 4706 1835 4783; baseline -0.004 -11"><span class='ocrx_word' id='word_1_501' title='bbox 190 4711 343 4783; x_wconf 86' lang='lat' dir='ltr'>liberum,</span> <span class='ocrx_word' id='word_1_502' title='bbox 361 4713 393 4773; x_wconf 89' lang='grc'>01</span> <span class='ocrx_word' id='word_1_503' title='bbox 406 4712 447 4772; x_wconf 91' lang='lat' dir='ltr'>ad</span> <span class='ocrx_word' id='word_1_504' title='bbox 470 4712 577 4772; x_wconf 90' lang='grc'><strong>001010</strong></span> <span class='ocrx_word' id='word_1_505' title='bbox 592 4715 775 4773; x_wconf 84' lang='lat' dir='ltr'>Romanum</span> <span class='ocrx_word' id='word_1_506' title='bbox 790 4710 984 4771; x_wconf 75' lang='lat' dir='ltr'>Pontificem</span> <span class='ocrx_word' id='word_1_507' title='bbox 1039 4706 1835 4783; x_wconf 78' lang='lat' dir='ltr'>tuosexemplosanctaeconversationisinducas,</span> 
     </span>
     <span class='ocr_line' id='line_1_87' title="bbox 189 4802 1839 4886; baseline -0.006 -15"><span class='ocrx_word' id='word_1_508' title='bbox 189 4809 369 4886; x_wconf 89' lang='lat' dir='ltr'>pertinere,</span> <span class='ocrx_word' id='word_1_509' title='bbox 392 4808 475 4870; x_wconf 92' lang='lat' dir='ltr'>illud</span> <span class='ocrx_word' id='word_1_510' title='bbox 501 4808 543 4869; x_wconf 90' lang='lat' dir='ltr'>ah</span> <span class='ocrx_word' id='word_1_511' title='bbox 563 4809 772 4885; x_wconf 90' lang='lat' dir='ltr'>impetitione</span> <span class='ocrx_word' id='word_1_512' title='bbox 796 4807 901 4883; x_wconf 89' lang='lat' dir='ltr'>partis</span> <span class='ocrx_word' id='word_1_513' title='bbox 924 4806 985 4866; x_wconf 90' lang='lat' dir='ltr'>ad·</span> <span class='ocrx_word' id='word_1_514' title='bbox 1041 4805 1075 4864; x_wconf 91' lang='grc'>01</span> <span class='ocrx_word' id='word_1_515' title='bbox 1090 4804 1166 4879; x_wconf 90' lang='lat' dir='ltr'>post</span> <span class='ocrx_word' id='word_1_516' title='bbox 1177 4802 1277 4880; x_wconf 86' lang='lat' dir='ltr'>hujus</span> <span class='ocrx_word' id='word_1_517' title='bbox 1291 4804 1493 4865; x_wconf 86' lang='lat' dir='ltr'>transitoriae</span> <span class='ocrx_word' id='word_1_518' title='bbox 1508 4804 1589 4865; x_wconf 83' lang='lat' dir='ltr'>ritae</span> <span class='ocrx_word' id='word_1_519' title='bbox 1611 4803 1839 4866; x_wconf 83' lang='lat' dir='ltr'>inevitabilem</span> 
     </span>
     <span class='ocr_line' id='line_1_88' title="bbox 189 4898 1839 4982; baseline -0.004 -16"><span class='ocrx_word' id='word_1_520' title='bbox 189 4922 296 4967; x_wconf 84' lang='lat' dir='ltr'>versae</span> <span class='ocrx_word' id='word_1_521' title='bbox 317 4908 384 4967; x_wconf 89' lang='lat' dir='ltr'>tam</span> <span class='ocrx_word' id='word_1_522' title='bbox 415 4905 605 4982; x_wconf 88' lang='lat' dir='ltr'>superbis,</span> <span class='ocrx_word' id='word_1_523' title='bbox 634 4921 707 4982; x_wconf 88' lang='lat' dir='ltr'>quae</span> <span class='ocrx_word' id='word_1_524' title='bbox 734 4903 814 4965; x_wconf 89' lang='lat' dir='ltr'>clim</span> <span class='ocrx_word' id='word_1_525' title='bbox 841 4919 861 4964; x_wconf 90' lang='lat' dir='ltr'>a</span> <span class='ocrx_word' id='word_1_526' title='bbox 897 4902 984 4964; x_wconf 91' lang='lat' dir='ltr'>dicto</span> <span class='ocrx_word' id='word_1_527' title='bbox 1039 4901 1174 4971; x_wconf 78' lang='lat' dir='ltr'>exitum,</span> <span class='ocrx_word' id='word_1_528' title='bbox 1201 4916 1268 4961; x_wconf 91' lang='lat' dir='ltr'>una</span> <span class='ocrx_word' id='word_1_529' title='bbox 1295 4916 1370 4961; x_wconf 92' lang='lat' dir='ltr'>cum</span> <span class='ocrx_word' id='word_1_530' title='bbox 1396 4900 1479 4976; x_wconf 88' lang='lat' dir='ltr'>ipsis</span> <span class='ocrx_word' id='word_1_531' title='bbox 1505 4916 1648 4976; x_wconf 89' lang='lat' dir='ltr'>regnum</span> <span class='ocrx_word' id='word_1_532' title='bbox 1676 4898 1839 4962; x_wconf 88' lang='lat' dir='ltr'>merearis</span> 
     </span>
     <span class='ocr_line' id='line_1_89' title="bbox 189 4997 1462 5080; baseline -0.006 -17"><span class='ocrx_word' id='word_1_533' title='bbox 189 5002 437 5080; x_wconf 78' lang='lat' dir='ltr'>praedecessore</span> <span class='ocrx_word' id='word_1_534' title='bbox 451 5004 567 5063; x_wconf 90' lang='lat' dir='ltr'>nostro</span> <span class='ocrx_word' id='word_1_535' title='bbox 582 5002 646 5079; x_wconf 90' lang='lat' dir='ltr'>ipsi</span> <span class='ocrx_word' id='word_1_536' title='bbox 661 5000 878 5062; x_wconf 73' lang='lat' dir='ltr'>ambianensi</span> <span class='ocrx_word' id='word_1_537' title='bbox 895 5001 985 5076; x_wconf 89' lang='lat' dir='ltr'>epis-</span> <span class='ocrx_word' id='word_1_538' title='bbox 1039 4997 1198 5073; x_wconf 88' lang='lat' dir='ltr'>consequi</span> <span class='ocrx_word' id='word_1_539' title='bbox 1212 4998 1462 5073; x_wconf 79' lang='lat' dir='ltr'>sempiternum</span> 
     </span>
    </p>

    <p class='ocr_par' dir='ltr' id='par_1_13' title="bbox 189 5090 1844 5563">
     <span class='ocr_line' id='line_1_90' title="bbox 189 5090 1840 5177; baseline -0.007 -16"><span class='ocrx_word' id='word_1_540' title='bbox 189 5117 272 5177; x_wconf 92' lang='lat' dir='ltr'>copo</span> <span class='ocrx_word' id='word_1_541' title='bbox 296 5100 404 5176; x_wconf 88' lang='lat' dir='ltr'>quoad</span> <span class='ocrx_word' id='word_1_542' title='bbox 428 5099 670 5176; x_wconf 88' lang='lat' dir='ltr'>possessorium</span> <span class='ocrx_word' id='word_1_543' title='bbox 694 5098 884 5175; x_wconf 87' lang='lat' dir='ltr'>adjudicata</span> <span class='ocrx_word' id='word_1_544' title='bbox 911 5098 985 5158; x_wconf 85' lang='grc'><strong>100·</strong></span> <span class='ocrx_word' id='word_1_545' title='bbox 1079 5096 1166 5154; x_wconf 88' lang='lat' dir='ltr'>Sane</span> <span class='ocrx_word' id='word_1_546' title='bbox 1179 5109 1332 5169; x_wconf 87' lang='grc'><strong>0000100</strong></span> <span class='ocrx_word' id='word_1_547' title='bbox 1348 5094 1434 5171; x_wconf 89' lang='lat' dir='ltr'>quod</span> <span class='ocrx_word' id='word_1_548' title='bbox 1449 5094 1490 5155; x_wconf 87' lang='lat' dir='ltr'>de</span> <span class='ocrx_word' id='word_1_549' title='bbox 1504 5090 1840 5170; x_wconf 82' lang='lat' dir='ltr'>passagiocarissimi</span> 
     </span>
     <span class='ocr_line' id='line_1_91' title="bbox 189 5189 1840 5274; baseline -0.006 -17"><span class='ocrx_word' id='word_1_550' title='bbox 189 5198 278 5269; x_wconf 89' lang='lat' dir='ltr'>runt,</span> <span class='ocrx_word' id='word_1_551' title='bbox 296 5212 395 5274; x_wconf 87' lang='lat' dir='ltr'>quam</span> <span class='ocrx_word' id='word_1_552' title='bbox 416 5211 516 5271; x_wconf 89' lang='lat' dir='ltr'>super</span> <span class='ocrx_word' id='word_1_553' title='bbox 528 5195 616 5267; x_wconf 90' lang='lat' dir='ltr'>aliis,</span> <span class='ocrx_word' id='word_1_554' title='bbox 634 5211 707 5271; x_wconf 85' lang='lat' dir='ltr'>quae</span> <span class='ocrx_word' id='word_1_555' title='bbox 722 5194 763 5256; x_wconf 90' lang='lat' dir='ltr'>ad</span> <span class='ocrx_word' id='word_1_556' title='bbox 774 5193 985 5271; x_wconf 84' lang='lat' dir='ltr'>jurisdictio·</span> <span class='ocrx_word' id='word_1_557' title='bbox 1039 5190 1217 5252; x_wconf 78' lang='grc'><strong>1011101010</strong></span> <span class='ocrx_word' id='word_1_558' title='bbox 1233 5191 1296 5251; x_wconf 88' lang='grc'><strong>11111</strong></span> <span class='ocrx_word' id='word_1_559' title='bbox 1307 5192 1413 5251; x_wconf 85' lang='grc'><strong>000111</strong></span> <span class='ocrx_word' id='word_1_560' title='bbox 1431 5190 1603 5253; x_wconf 82' lang='lat' dir='ltr'>Frederici</span> <span class='ocrx_word' id='word_1_561' title='bbox 1618 5189 1840 5252; x_wconf 82' lang='grc'><strong>111001010110-</strong></span> 
     </span>
     <span class='ocr_line' id='line_1_92' title="bbox 190 5286 1841 5370; baseline -0.005 -16"><span class='ocrx_word' id='word_1_562' title='bbox 190 5310 265 5355; x_wconf 93' lang='lat' dir='ltr'>nem</span> <span class='ocrx_word' id='word_1_563' title='bbox 280 5309 340 5355; x_wconf 91' lang='lat' dir='ltr'>seu</span> <span class='ocrx_word' id='word_1_564' title='bbox 355 5292 592 5370; x_wconf 79' lang='lat' dir='ltr'>subjectionem</span> <span class='ocrx_word' id='word_1_565' title='bbox 607 5292 774 5368; x_wconf 91' lang='lat' dir='ltr'>pertinere</span> <span class='ocrx_word' id='word_1_566' title='bbox 789 5292 982 5361; x_wconf 88' lang='lat' dir='ltr'>noscuntur,</span> <span class='ocrx_word' id='word_1_567' title='bbox 1040 5304 1211 5350; x_wconf 89' lang='lat' dir='ltr'>manorum</span> <span class='ocrx_word' id='word_1_568' title='bbox 1240 5288 1452 5365; x_wconf 89' lang='lat' dir='ltr'>imperatoris</span> <span class='ocrx_word' id='word_1_569' title='bbox 1485 5303 1620 5364; x_wconf 83' lang='lat' dir='ltr'>semper</span> <span class='ocrx_word' id='word_1_570' title='bbox 1651 5286 1782 5364; x_wconf 87' lang='lat' dir='ltr'>augusti</span> <span class='ocrx_word' id='word_1_571' title='bbox 1805 5288 1841 5346; x_wconf 87' lang='lat' dir='ltr'>at</span> 
     </span>
     <span class='ocr_line' id='line_1_93' title="bbox 189 5384 1841 5463; baseline -0.003 -15"><span class='ocrx_word' id='word_1_572' title='bbox 189 5390 434 5452; x_wconf 88' lang='lat' dir='ltr'>sententialiter</span> <span class='ocrx_word' id='word_1_573' title='bbox 449 5389 673 5451; x_wconf 86' lang='lat' dir='ltr'>absolventes.</span> <span class='ocrx_word' id='word_1_574' title='bbox 699 5388 792 5449; x_wconf 90' lang='lat' dir='ltr'>Nulli</span> <span class='ocrx_word' id='word_1_575' title='bbox 808 5404 899 5463; x_wconf 90' lang='lat' dir='ltr'>ergo,</span> <span class='ocrx_word' id='word_1_576' title='bbox 920 5387 982 5448; x_wconf 89' lang='lat' dir='ltr'>etc.</span> <span class='ocrx_word' id='word_1_577' title='bbox 1038 5387 1128 5462; x_wconf 88' lang='lat' dir='ltr'>regis</span> <span class='ocrx_word' id='word_1_578' title='bbox 1145 5386 1267 5447; x_wconf 86' lang='lat' dir='ltr'>Siciliae</span> <span class='ocrx_word' id='word_1_579' title='bbox 1279 5385 1456 5449; x_wconf 85' lang='lat' dir='ltr'>certificari</span> <span class='ocrx_word' id='word_1_580' title='bbox 1467 5384 1653 5457; x_wconf 88' lang='lat' dir='ltr'>desideras,</span> <span class='ocrx_word' id='word_1_581' title='bbox 1673 5388 1757 5447; x_wconf 90' lang='lat' dir='ltr'>teac</span> <span class='ocrx_word' id='word_1_582' title='bbox 1777 5398 1841 5443; x_wconf 82' lang='lat' dir='ltr'>ex·</span> 
     </span>
     <span class='ocr_line' id='line_1_94' title="bbox 191 5481 1844 5563; baseline -0.003 -19"><span class='ocrx_word' id='word_1_583' title='bbox 191 5487 225 5545; x_wconf 84' lang='lat' dir='ltr'>si</span> <span class='ocrx_word' id='word_1_584' title='bbox 239 5488 313 5563; x_wconf 87' lang='lat' dir='ltr'>quis</span> <span class='ocrx_word' id='word_1_585' title='bbox 328 5488 450 5558; x_wconf 88' lang='lat' dir='ltr'>autem,</span> <span class='ocrx_word' id='word_1_586' title='bbox 463 5486 524 5547; x_wconf 85' lang='grc'><strong>010.</strong></span> <span class='ocrx_word' id='word_1_587' title='bbox 542 5486 659 5546; x_wconf 87' lang='lat' dir='ltr'>Datum</span> <span class='ocrx_word' id='word_1_588' title='bbox 673 5485 840 5557; x_wconf 88' lang='lat' dir='ltr'>Laterani,</span> <span class='ocrx_word' id='word_1_589' title='bbox 855 5487 898 5546; x_wconf 90' lang='lat' dir='ltr'>1v</span> <span class='ocrx_word' id='word_1_590' title='bbox 911 5484 985 5545; x_wconf 93' lang='lat' dir='ltr'>idus</span> <span class='ocrx_word' id='word_1_591' title='bbox 1041 5483 1177 5544; x_wconf 85' lang='lat' dir='ltr'>sortium</span> <span class='ocrx_word' id='word_1_592' title='bbox 1192 5484 1284 5544; x_wconf 87' lang='lat' dir='ltr'>tuum</span> <span class='ocrx_word' id='word_1_593' title='bbox 1300 5481 1340 5544; x_wconf 88' lang='lat' dir='ltr'>ad</span> <span class='ocrx_word' id='word_1_594' title='bbox 1355 5482 1460 5560; x_wconf 88' lang='lat' dir='ltr'>ipsius</span> <span class='ocrx_word' id='word_1_595' title='bbox 1471 5484 1585 5543; x_wconf 83' lang='lat' dir='ltr'>Terrae</span> <span class='ocrx_word' id='word_1_596' title='bbox 1611 5483 1844 5544; x_wconf 71' lang='grc'><strong>800010000-</strong></span> 
     </span>
    </p>
   </div>
   <div class='ocr_carea' id='block_1_12' title="bbox 191 5578 1842 5656">
    <p class='ocr_par' dir='ltr' id='par_1_14' title="bbox 191 5578 1842 5656">
     <span class='ocr_line' id='line_1_95' title="bbox 191 5578 1842 5656; baseline -0.001 -17"><span class='ocrx_word' id='word_1_597' title='bbox 191 5582 282 5653; x_wconf 87' lang='grc'><strong>10011,</strong></span> <span class='ocrx_word' id='word_1_598' title='bbox 297 5598 385 5644; x_wconf 87' lang='grc'><strong>0000</strong></span> <span class='ocrx_word' id='word_1_599' title='bbox 401 5585 528 5644; x_wconf 88' lang='lat' dir='ltr'>octavo.</span> <span class='ocrx_word' id='word_1_600' title='bbox 1043 5596 1175 5642; x_wconf 89' lang='lat' dir='ltr'>cursum</span> <span class='ocrx_word' id='word_1_601' title='bbox 1189 5580 1365 5655; x_wconf 81' lang='lat' dir='ltr'>magnifice</span> <span class='ocrx_word' id='word_1_602' title='bbox 1379 5578 1561 5656; x_wconf 84' lang='lat' dir='ltr'>offerendo;</span> <span class='ocrx_word' id='word_1_603' title='bbox 1572 5578 1842 5641; x_wconf 80' lang='lat' dir='ltr'>lideituaezelnm</span> 
     </span>
    </p>
   </div>
   <div class='ocr_carea' id='block_1_13' title="bbox 0 0 1970 6201">
    <p class='ocr_par' dir='ltr' id='par_1_15' title="bbox 0 0 1970 6201">
     <span class='ocr_line' id='line_1_96' title="bbox 0 0 1970 6201; baseline 0 0"><span class='ocrx_word' id='word_1_604' title='bbox 0 0 1970 6201; x_wconf 95' lang='lat' dir='ltr'> </span> 
     </span>
    </p>
   </div>
  </div>
 </body>
</html>
