4014 6224
864 312 1039 375 HONORII
1061 312 1106 373 111
1127 311 1275 375 OPERA.
1826 308 1886 373 iae

582 478 699 567 CLIX
1092 471 1172 533 ricis
1197 471 1230 533 et
1249 469 1412 532 militibus
1427 484 1468 531 ac
1481 468 1560 531 aliis
1573 466 1743 540 tratribus,
1758 469 1885 546 Hospi-

1091 568 1170 630 talis
1184 583 1266 629 vero
1289 568 1326 627 in
1340 565 1542 643 pauperibus
1556 568 1589 628 et
1603 566 1746 627 infirmis
1761 567 1797 627 in
1809 567 1883 642 ipsa

338 632 390 692 Λα
414 632 645 692 ‘mmmmm
664 631 942 693 “mmmmm
1093 664 1190 726 domo
1213 666 1285 741 jam
1306 664 1428 724 dudum
1456 665 1567 725 extitit
1589 663 1760 724 institutus
1775 664 1811 724 et
1826 678 1885 740 per

524 759 541 816 3
560 760 658 832 aprilis
678 761 757 819 liii.
1094 759 1211 821 sedem
1231 760 1454 837 apostolicam
1476 759 1810 821 confirmatuslicet
1823 776 1885 822 au-

246 881 383 947 [Rayunld
394 881 506 933 Annales
522 880 694 942 ecclesiastici,
708 882 740 933 ad
755 897 852 933 annum
871 883 940 943 im,
956 883 969 948 i
985 882 1038 948 ab]
1091 859 1158 918 tem
1176 856 1296 918 fram
1319 856 1383 934 iP⁸¹
1406 857 1476 918 tum
1491 857 1625 933 ΡΓθΡῖθΓ
1645 857 1884 932 Πθὲῧὲθῦῧὸω

1092 969 1199 1025 suam
1223 954 1300 1014 dum
1320 954 1431 1015 essent
1452 954 1550 1031 pauci
1571 954 1604 1014 et
1624 954 1886 1030 paupertatum

1092 1050 1193 1113 etiam
1205 1052 1341 1127 propter
1357 1050 1506 1111 scandali
1520 1050 1623 1112 vestrl
1634 1053 1758 1112 metum
1768 1052 1838 1113 mm
1849 1053 1884 1113 in

281 1142 449 1203 Honorius
479 1142 667 1219 episcopus,
705 1158 822 1204 servus
862 1158 1036 1205 servorum
1092 1146 1207 1209 babitu
1230 1147 1410 1209 deserendo
1433 1162 1532 1229 quam
1549 1147 1584 1207 in
1600 1144 1796 1223 quibusdam
1805 1149 1885 1211 aliis

241 1239 312 1310 Dei,
335 1239 555 1301 lanuensium
581 1239 807 1310 universitati,
835 1241 978 1303 salutem
1004 1240 1037 1302 et
1091 1243 1650 1320 aliquandocontrainstitutionem
1663 1242 1805 1306 iecerint
1820 1260 1887 1305 me·

240 1335 465 1412 apostolicam
479 1335 755 1399 benedictionem.
897 1351 902 1363 ¹
1091 1340 1265 1409 moratam,
1288 1353 1350 1399 nos
1370 1339 1483 1399 tamen
1496 1337 1650 1398 inclinati
1664 1352 1735 1397 suan
1744 1337 1886 1413 religio-

282 1433 499 1495 Universitati
526 1434 646 1495 vestrae
674 1433 735 1494 sub
762 1432 897 1496 obtentu
918 1434 1035 1510 gratiae
1090 1434 1143 1494 nis
1167 1435 1287 1496 merito
1306 1436 1339 1498 et
1353 1433 1506 1511 precibus
1521 1433 1688 1495 carissimi
1699 1433 1735 1493 in
1750 1433 1886 1496 Christo

241 1529 364 1592 divinae
388 1545 428 1591 ac
453 1532 587 1602 nostrae,
603 1546 663 1607 per
684 1529 874 1607 apostolica
897 1531 1033 1608 scripta,
1089 1531 1151 1592 tilii
1162 1532 1268 1593 nostri
1282 1528 1489 1610 itriderici),
1499 1534 1725 1592 Romanorum
1733 1530 1883 1607 impera-

241 1626 382 1689 drmiier
408 1627 612 1705 injungendo
640 1627 844 1700 mandamus,
869 1628 1034 1709 quatenus
1088 1629 1172 1690 toris
1186 1628 1338 1700 illustris,
1349 1643 1481 1706 semper
1493 1628 1626 1704 augusti
1639 1628 1675 1688 et
1686 1627 1776 1703 regis
1791 1628 1883 1689 Sici-

240 1724 347 1787 dictos
361 1726 451 1787 cives
460 1723 520 1804 (1),
531 1724 636 1786 donec
650 1724 824 1802 praefatum
840 1727 1033 1788 Parentium
1088 1726 1154 1798 liae,
1173 1725 1280 1802 quiin
1301 1725 1355 1787 dle
1377 1723 1604 1787 coronationis
1620 1739 1690 1785 suae
1705 1723 1737 1784 id
1753 1724 1883 1805 anobis

240 1822 433 1899 aregimine
445 1838 514 1883 suae
527 1821 673 1884 civitatis
683 1823 844 1900 ejecerint
853 1824 924 1885 et...
939 1823 1035 1900 epis-
1089 1838 1149 1901 pro
1172 1822 1309 1900 speciali
1329 1837 1467 1884 munere
1481 1821 1672 1900 postulavit,
1694 1821 1883 1884 institutio-

240 1934 335 1996 copo‚
362 1921 396 1981 et
419 1919 508 1981 clero
527 1921 661 1982 Lucano
683 1935 758 1980 cum
779 1919 1033 1982 honoriticentia
1088 1936 1163 1982 nem
1178 1921 1297 1998 ipsam,
1319 1920 1361 1981 de
1379 1919 1546 1981 communi
1574 1918 1717 1981 consilio
1738 1918 1881 1980 hatum

241 2015 351 2078 debita
365 2016 542 2089 revocatis,
559 2016 608 2077 eis
625 2016 665 2077 de
687 2016 817 2078 damnis
832 2017 866 2078 et
885 2017 1032 2093 injuriis,
1088 2022 1288 2089 nostrorum,
1318 2019 1432 2078 nostro
1465 2015 1641 2093 privilegio
1667 2015 1883 2077 confirmavi-

243 2129 283 2175 ac
294 2112 495 2190 apostolicae
509 2113 587 2174 Sedi
602 2112 644 2174 de
659 2113 849 2190 contemptu
861 2113 1035 2176 satisfece-
1087 2130 1172 2185 mus,
1187 2114 1319 2175 domum
1341 2114 1448 2190 ipsam
1462 2112 1542 2175 aliis
1553 2112 1753 2190 privilegiis,
1768 2112 1884 2174 indul·

240 2210 311 2272 rint
337 2209 570 2287 competenter,
607 2210 798 2272 nullatenus
836 2211 1031 2287 recepistis,
1087 2211 1208 2287 gentile
1231 2211 1265 2273 et
1287 2208 1495 2272 libertatibus
1523 2210 1721 2271 munientes.
1739 2210 1884 2286 Accepi·

242 2321 341 2369 neca
362 2307 483 2369 vestris
497 2306 698 2385 permittatis
712 2305 841 2369 civibus
855 2306 1030 2384 receptari,
1087 2323 1161 2368 mus
1188 2309 1309 2380 autem,
1337 2306 1424 2384 quod
1449 2323 1509 2368 vos
1527 2307 1701 2368 occasione
1728 2306 1882 2367 alborum

240 2403 434 2481 nullumque
447 2420 522 2466 cum
535 2404 585 2465 eis
599 2405 795 2476 exerceatis,
811 2404 865 2465 vel
877 2419 897 2465 a
911 2405 1033 2466 vestris
1086 2405 1331 2475 mantellorum,
1348 2419 1449 2481 super
1463 2403 1582 2480 quibus
1596 2402 1786 2465 deferendis
1799 2419 1885 2480 spe-

240 2500 392 2563 exerceri
406 2501 606 2578 permittatis
622 2501 857 2563 commercium
874 2501 928 2562 vel
947 2516 1031 2562 con·
1087 2503 1206 2564 cialem
1230 2517 1250 2563 a
1274 2501 1369 2563 nobis
1390 2500 1631 2577 indulgentiam
1647 2501 1881 2577 impetrarunt,

240 2599 393 2669 tractum,
422 2613 484 2660 nec
507 2597 556 2658 eis
580 2598 665 2660 solvi
690 2597 800 2660 debita
822 2598 1053 2683 permittatis„
1087 2616 1147 2676 pro
1162 2615 1201 2660 eo
1216 2598 1303 2676 quod
1317 2599 1353 2659 in
1367 2597 1882 2675 bocspecialitertecissecontra

261 1005 394 1064 Prohibet
405 1021 441 1063 ne
453 1005 579 1066 habeant
591 1022 657 1065 cum
666 1008 788 1066 Lucanis
802 1008 1017 1066 commercium.

240 2694 459 2756 nibilominus
481 2693 569 2755 bona
592 2709 719 2766 eorum,
746 2710 820 2771 quae
844 2694 885 2755 ad
908 2696 1031 2757 terram
1086 2696 1326 2759 institutionem
1352 2694 1542 2772 hujusmodi
1572 2693 1781 2767 videbantur,
1798 2696 1882 2757 moti

239 2794 385 2854 vestram
408 2791 582 2872 evenerint
601 2790 759 2853 iacientes
781 2792 914 2853 interim
942 2791 1030 2854 deti-
1086 2795 1166 2856 estis
1181 2793 1422 2870 aliquantulum
1449 2795 1566 2854 contra
1581 2807 1649 2864 eos,
1669 2790 1755 2869 quod
1770 2807 1884 2868 quan·

239 2889 325 2951 neri.
351 2889 387 2950 Si
415 2889 472 2966 qui
499 2903 579 2950 vero
608 2887 799 2964 hujusmodi
828 2887 1029 2960 mandatum,
1085 2893 1154 2953 tum
1168 2891 1211 2951 sit
1225 2891 1335 2951 vestra
1355 2889 1518 2964 religione
1529 2888 1714 2965 indignum,
1727 2890 1884 2965 quisquis

240 2986 394 3057 scientes,
408 2985 540 3062 aliquos
554 2985 595 3047 de
613 2985 782 3061 praedictis
802 2984 930 3047 civibus
944 2986 1033 3047 inte-
1085 2988 1270 3063 recogitare
1293 2986 1445 3058 voluerit,
1475 2985 1574 3046 tacile
1590 2987 1817 3060 recognoscet
1845 2986 1884 3047 Si

237 3085 303 3145 rim
317 3083 462 3144 scienter
471 3082 505 3143 in
517 3082 587 3142 suis
602 3080 758 3158 hospitiis
774 3082 1028 3158 receptaverint‚
1086 3085 1174 3145 enim
1185 3099 1245 3145 vos
1260 3082 1301 3144 ab
1316 3081 1504 3161 hujusmodi
1515 3083 1605 3144 metu
1618 3096 1678 3143 nec
1688 3082 1882 3158 apostolica

237 3182 291 3243 vel
307 3178 485 3249 tenuerint,
502 3179 560 3239 aut
574 3179 803 3240 contraxerint
814 3194 889 3239 cum
904 3179 1029 3240 eisdem
1086 3194 1147 3243 neo
1159 3180 1342 3258 imperialis
1363 3179 1550 3241 reverentia
1563 3178 1704 3250 cohibet,
1720 3178 1883 3241 cohibere

237 3277 296 3339 aut
316 3275 425 3336 debita
445 3275 527 3351 ipsis
542 3273 772 3350 persolverint,
787 3273 850 3336 hoc
869 3274 943 3352 ipso
964 3275 1032 3338 sint
1085 3279 1203 3340 saltem
1227 3276 1374 3338 omnium
1400 3276 1434 3337 id
1457 3275 1662 3337 audientium
1684 3274 1882 3337 subsanatio

238 3370 591 3435 excommunicationis
603 3371 737 3432 vinculo
752 3371 914 3434 innodati.
1083 3391 1144 3437 vos
1163 3374 1307 3445 deberet,
1320 3372 1440 3450 quibus
1455 3372 1585 3433 videtur
1597 3372 1684 3433 sicut
1695 3373 1747 3433 est
1758 3387 1882 3434 revera

1085 3472 1261 3535 ridiculum
1289 3487 1349 3534 vos
1377 3470 1513 3546 indigne
1536 3468 1624 3532 terre
1643 3470 1727 3531 alios
1749 3469 1883 3531 avobis

1085 3569 1196 3631 album
1211 3569 1343 3646 portare
1354 3568 1553 3628 mantellum
1566 3567 1750 3643 praesertim
1764 3582 1785 3627 a
1800 3583 1887 3629 ves-

586 3616 683 3708 GLX
1083 3668 1136 3728 tro
1149 3665 1265 3728 habitu
1277 3666 1326 3726 sic
1339 3665 1529 3727 distinctum
1542 3664 1713 3740 signaculo
1725 3665 1881 3741 speciali,

237 3772 290 3834 Ad
309 3772 518 3848 magistrum
540 3771 574 3831 et
587 3770 721 3843 (ratres
735 3770 869 3832 miltttoe
890 3770 1027 3844 Tangit.
1085 3763 1121 3825 ut
1132 3762 1243 3825 timeri
1263 3777 1331 3824 non
1352 3762 1466 3838 possit,
1484 3776 1527 3822 ne
1545 3760 1620 3838 quis
1634 3760 1734 3821 unius
1748 3760 1882 3823 ordinis

484 3900 503 3927 .
514 3900 547 3956 ῃ
567 3912 582 3956 a
603 3898 663 3956 ΓΗΒ
682 3898 750 3957 ¹222
883 3895 898 3921 ι
1084 3860 1203 3921 iratres
1242 3859 1369 3922 ordinis
1401 3873 1475 3920 esse
1510 3858 1649 3920 alterius
1683 3856 1880 3920 arbitretur.

249 3980 274 4001 ν
584 3914 602 3972 p
1084 3957 1226 4033 Ideoque
1244 3956 1571 4032 circumspectionem
1587 3954 1731 4016 vestram
1750 3956 1883 4017 attente

277 4022 413 4087 [suabila
425 4020 529 4072 Tabula
539 4020 593 4071 ⁰¹⁶·
608 4022 769 4079 nm&
778 4035 805 4085 Ρ·
815 4020 870 4079 ³²²’
883 4033 908 4069 ¹¹·
918 4019 987 4086 Μ’]
1083 4052 1264 4129 rogandam
1275 4051 1430 4112 duximus
1442 4054 1475 4113 et
1485 4050 1694 4120 hortandam,
1707 4052 1881 4127 quatinus,

238 4138 380 4197 Honorius
392 4135 557 4196 dehortatur
568 4135 755 4208 templarios.
766 4151 803 4193 ue
816 4140 853 4194 ob
866 4135 929 4195 alba
945 4150 1026 4195 man·
1083 4150 1174 4211 omni
1187 4162 1328 4210 rancore
1341 4147 1502 4223 deposito,
1515 4148 1543 4207 si
1555 4162 1652 4224 quem
1663 4145 1748 4208 forte
1761 4151 1884 4210 oontm

273 4226 340 4285 tella
359 4241 375 4283 a
394 4220 527 4283 iratribus
551 4223 659 4282 ordinis
678 4223 845 4283 l'heuton'mi
860 4223 927 4282 lerri
946 4226 1028 4283 solita
1083 4246 1188 4307 dictos
1207 4245 1326 4307 stan-03
1351 4245 1526 4306 occasione
1541 4244 1732 4320 hujusmodi
1755 4260 1886 4307 (mco,

273 4321 453 4372 ¹¹¹⁰V⁶³⁰⁸¹¹¹·
1083 4320 1189 4419 pistis,
1210 4341 1386 4403 ambuletis
1400 4342 1435 4401 in
1450 4341 1598 4402 caritatis
1617 4341 1738 4417 spiritu
1747 4342 1782 4402 et
1796 4343 1883 4403 uni-
1982 4384 1983 4397 .

277 4440 445 4502 Honorius
453 4438 638 4516 episcopus,
647 4454 763 4500 servus
774 4454 945 4500 servorum
956 4440 1027 4509 Dei,
1081 4439 1161 4501 tatis
1175 4439 1308 4500 vinculo
1323 4453 1398 4498 cum
1410 4437 1545 4508 eisdem,
1555 4436 1882 4513 eorumprotectum‚

228 4518 505 4599 ‘dilectiistlliis...
522 4535 680 4611 magistro
694 4536 727 4597 et
742 4535 899 4598 iratribus
911 4536 1028 4598 domus
1082 4536 1169 4598 sicut
1191 4534 1286 4597 decet
1309 4534 1400 4595 viros
1424 4534 1611 4608 religiosos,
1630 4534 1804 4610 proprium
1824 4546 1899 4598 re-·

234 4634 364 4696 militiae
378 4632 516 4709 Templi,
536 4633 689 4704 salutem,
701 4628 764 4693 etc.
1081 4632 1245 4709 putantes,
1262 4631 1309 4692 ita
1320 4630 1407 4707 quod
1423 4629 1511 4691 idem
1526 4629 1716 4707 imperator,
1737 4646 1815 4691 cum
1831 4632 1885 4692 il-

277 4731 404 4802 Quanto
418 4745 479 4791 vos
503 4729 660 4804 ampliori
684 4728 823 4790 caritate
845 4729 1025 4805 diligimus,
1081 4728 1146 4801 luc,
1159 4729 1227 4789 Deo
1242 4727 1352 4799 dante,
1376 4726 1575 4803 pervenerit,
1591 4726 1773 4788 fraternam
1789 4727 1888 4790 inter

234 4828 327 4890 tanto
353 4826 448 4888 nobis
474 4826 617 4903 amplius
647 4825 846 4903 displiceret,
872 4826 912 4895 si,
941 4826 1027 4903 quod
1080 4841 1140 4887 vos
1153 4824 1305 4886 inveniat
1327 4823 1498 4895 unitatem,
1523 4823 1612 4899 quia,
1629 4822 1659 4882 si
1679 4823 1779 4883 aliter
1791 4822 1888 4887 lace-

160 4942 169 4947 ·
234 4920 332 4997 absit,
359 4923 620 5000 reprehensione
655 4937 714 4983 seu
744 4921 844 4983 etiam
870 4922 1027 4984 irrisione
1081 4922 1173 4989 retis,
1186 4935 1253 4981 non
1266 4920 1373 4981 solum
1385 4918 1609 4995 apostolicam
1623 4920 1655 4980 ei
1664 4920 1888 4995 imperialem
1982 4976 1983 4983 ,

235 5022 371 5099 dignum
384 5019 512 5096 aliquid
524 5017 690 5080 laceretis.
708 5017 877 5095 Siquidem
890 5018 1027 5094 privile-
1081 5016 1296 5079 incurreretis
1309 5016 1482 5090 offensam,
1498 5030 1616 5077 verum
1635 5015 1737 5077 etiam
1760 5016 1798 5076 in
1819 5018 1889 5080 de-
1982 5052 1983 5071 .

235 5119 291 5196 gia
305 5117 463 5180 iratribus
480 5114 597 5176 domus
612 5116 741 5176 Sanctae
753 5113 869 5176 Mariae
881 5113 1027 5177 Tbeuto·
1081 5114 1274 5176 tractionem
1285 5115 1429 5175 vestram
1442 5127 1500 5174 ora
1509 5110 1888 5188 quorumlibetaudien-

235 5216 385 5277 nieorum
395 5212 437 5275 ab
450 5212 640 5290 apostolica
653 5212 737 5273 Sede
750 5226 908 5273 concessa
923 5213 1028 5273 meni·
1082 5211 1162 5272 tium
1177 5211 1348 5271 laxaretis.
1365 5211 1484 5272 Datum
1501 5207 1626 5275 verni,
1642 5209 1702 5269 XV
1712 5208 1888 5275 kalendas

235 5311 318 5373 teste
333 5308 570 5380 demonstrant,
582 5307 668 5385 quod
687 5308 768 5370 ordo
782 5309 893 5369 vester
906 5308 942 5368 in
957 5310 1027 5370 cle-
1080 5307 1171 5379 maii,
1186 5306 1397 5384 pontificatus
1412 5305 1517 5368 nostri
1530 5320 1618 5366 anno
1632 5305 1740 5366 sexto.

271 5464 313 5536 (l)
332 5467 374 5523 lle
389 5466 510 5524 Lucanis
531 5466 726 5537 quiunacum
740 5465 873 5522 Parentio
888 5465 1023 5522 ecclesia·
1080 5470 1137 5520 tate
1150 5470 1317 5536 exegerant,
1337 5464 1384 5534 qut
1409 5464 1438 5519 in
1456 5461 1580 5519 deterius
1601 5468 1718 5518 ruentes
1731 5461 1889 5522 interdicti
1982 5484 1983 5511 l

235 5550 297 5591 rum
315 5534 391 5592 bona
406 5536 579 5605 invaserant,
595 5536 642 5608 qui
656 5534 867 5592 ecclesiasticos
882 5534 957 5591 viros
971 5535 1023 5591 du·
1079 5535 1250 5592 senteutiam
1267 5535 1297 5590 in
1311 5547 1342 5591 sc
1357 5532 1444 5590 latam
1456 5530 1688 5599 contemnebant,
1702 5529 1752 5589 hic
1766 5533 1887 5605 agitur,
1982 5514 1983 5527 ¹

236 5604 539 5675 rissimevexeverant,
552 5606 600 5678 qui
614 5606 780 5677 episcopum
793 5611 821 5662 ct
832 5605 938 5662 clerum
953 5604 1023 5662 civi·
1982 5620 1983 5629 .
