<?xml version="1.0" encoding="UTF-8"?>
<!DOCTYPE html PUBLIC "-//W3C//DTD XHTML 1.0 Transitional//EN"
    "http://www.w3.org/TR/xhtml1/DTD/xhtml1-transitional.dtd">
<html xmlns="http://www.w3.org/1999/xhtml" xml:lang="en" lang="en">
 <head>
  <title>
</title>
<meta http-equiv="Content-Type" content="text/html;charset=utf-8" />
  <meta name='ocr-system' content='tesseract 3.04.00' />
  <meta name='ocr-capabilities' content='ocr_page ocr_carea ocr_par ocr_line ocrx_word'/>
</head>
<body>
  <div class='ocr_page' id='page_1' title='image "./mediiaevibiblio04bottgoog_0248.png"; bbox 0 0 3916 6204; ppageno 0'>
   <div class='ocr_carea' id='block_1_1' title="bbox 99 273 813 750">
    <p class='ocr_par' dir='ltr' id='par_1_1' title="bbox 99 273 813 750">
     <span class='ocr_line' id='line_1_1' title="bbox 99 273 152 335; baseline 0 0"><span class='ocrx_word' id='word_1_1' title='bbox 99 273 152 335; x_wconf 74' lang='lat' dir='ltr'>tii</span> 
     </span>
     <span class='ocr_line' id='line_1_2' title="bbox 148 592 813 670; baseline 0.014 -21"><span class='ocrx_word' id='word_1_2' title='bbox 148 592 196 650; x_wconf 79' lang='lat' dir='ltr'>nd</span> <span class='ocrx_word' id='word_1_3' title='bbox 215 592 254 650; x_wconf 86' lang='lat' dir='ltr'>B.</span> <span class='ocrx_word' id='word_1_4' title='bbox 271 592 497 652; x_wconf 74' lang='lat' dir='ltr'>Fraraotscum</span> <span class='ocrx_word' id='word_1_5' title='bbox 512 595 646 655; x_wconf 75' lang='lat' dir='ltr'><em>ordinis</em></span> <span class='ocrx_word' id='word_1_6' title='bbox 656 596 813 670; x_wconf 64' lang='lat' dir='ltr'>baimam</span> 
     </span>
     <span class='ocr_line' id='line_1_3' title="bbox 379 690 569 750; baseline 0 -2"><span class='ocrx_word' id='word_1_7' title='bbox 379 690 569 750; x_wconf 71' lang='lat' dir='ltr'>Mariorum.</span> 
     </span>
    </p>
   </div>
   <div class='ocr_carea' id='block_1_2' title="bbox 250 816 684 1008">
    <p class='ocr_par' dir='ltr' id='par_1_2' title="bbox 250 816 684 1008">
     <span class='ocr_line' id='line_1_4' title="bbox 335 816 616 879; baseline 0.011 -4"><span class='ocrx_word' id='word_1_8' title='bbox 335 816 369 875; x_wconf 82' lang='lat'>29</span> <span class='ocrx_word' id='word_1_9' title='bbox 384 817 517 876; x_wconf 90' lang='lat' dir='ltr'>novemb.</span> <span class='ocrx_word' id='word_1_10' title='bbox 535 820 616 879; x_wconf 74' lang='lat' dir='ltr'>iiia.</span> 
     </span>
     <span class='ocr_line' id='line_1_5' title="bbox 250 922 684 1008; baseline 0.014 -20"><span class='ocrx_word' id='word_1_11' title='bbox 250 922 252 925; x_wconf 74' lang='grc'><em>’</em></span> <span class='ocrx_word' id='word_1_12' title='bbox 269 938 619 1003; x_wconf 60' lang='lat' dir='ltr'>[membressitani</span> <span class='ocrx_word' id='word_1_13' title='bbox 631 942 684 1008; x_wconf 86' lang='lat' dir='ltr'>so]</span> 
     </span>
    </p>
   </div>
   <div class='ocr_carea' id='block_1_3' title="bbox 115 1063 851 1213">
    <p class='ocr_par' dir='ltr' id='par_1_3' title="bbox 115 1063 851 1213">
     <span class='ocr_line' id='line_1_6' title="bbox 115 1063 851 1139; baseline 0.007 -17"><span class='ocrx_word' id='word_1_14' title='bbox 115 1063 280 1137; x_wconf 73' lang='lat' dir='ltr'>approbatio</span> <span class='ocrx_word' id='word_1_15' title='bbox 294 1065 443 1139; x_wconf 73' lang='lat' dir='ltr'>repulsat</span> <span class='ocrx_word' id='word_1_16' title='bbox 456 1065 564 1124; x_wconf 75' lang='lat' dir='ltr'>ordinis</span> <span class='ocrx_word' id='word_1_17' title='bbox 577 1066 696 1126; x_wconf 76' lang='lat' dir='ltr'><strong>fratrum</strong></span> <span class='ocrx_word' id='word_1_18' title='bbox 711 1069 851 1131; x_wconf 84' lang='lat' dir='ltr'>llinerum</span> 
     </span>
     <span class='ocr_line' id='line_1_7' title="bbox 376 1155 575 1213; baseline 0.005 -1"><span class='ocrx_word' id='word_1_19' title='bbox 376 1155 405 1212; x_wconf 89' lang='lat' dir='ltr'>S.</span> <span class='ocrx_word' id='word_1_20' title='bbox 420 1155 575 1213; x_wconf 79' lang='lat' dir='ltr'>irancisoi.</span> 
     </span>
    </p>
   </div>
   <div class='ocr_carea' id='block_1_4' title="bbox 87 1268 872 2420">
    <p class='ocr_par' dir='ltr' id='par_1_4' title="bbox 91 1268 872 1636">
     <span class='ocr_line' id='line_1_8' title="bbox 126 1268 870 1349; baseline 0.007 -20"><span class='ocrx_word' id='word_1_21' title='bbox 126 1268 790 1349; x_wconf 88' lang='lat' dir='ltr'>Honoriusepiscopus,servusservorum</span> <span class='ocrx_word' id='word_1_22' title='bbox 799 1273 870 1346; x_wconf 90' lang='lat' dir='ltr'>Dei,</span> 
     </span>
     <span class='ocr_line' id='line_1_9' title="bbox 93 1366 871 1443; baseline 0.009 -16"><span class='ocrx_word' id='word_1_23' title='bbox 93 1366 209 1429; x_wconf 89' lang='lat' dir='ltr'>dilectis</span> <span class='ocrx_word' id='word_1_24' title='bbox 223 1366 301 1428; x_wconf 84' lang='lat' dir='ltr'>filiis</span> <span class='ocrx_word' id='word_1_25' title='bbox 317 1367 412 1431; x_wconf 83' lang='lat' dir='ltr'>tratri</span> <span class='ocrx_word' id='word_1_26' title='bbox 435 1371 644 1443; x_wconf 82' lang='lat' dir='ltr'>Franscisco,</span> <span class='ocrx_word' id='word_1_27' title='bbox 659 1370 692 1432; x_wconf 91' lang='lat' dir='ltr'>et</span> <span class='ocrx_word' id='word_1_28' title='bbox 706 1370 782 1433; x_wconf 89' lang='lat' dir='ltr'>aliis</span> <span class='ocrx_word' id='word_1_29' title='bbox 798 1371 871 1434; x_wconf 84' lang='lat' dir='ltr'>ira-</span> 
     </span>
     <span class='ocr_line' id='line_1_10' title="bbox 91 1461 872 1540; baseline 0.006 -16"><span class='ocrx_word' id='word_1_30' title='bbox 91 1461 184 1524; x_wconf 87' lang='lat' dir='ltr'>tribus</span> <span class='ocrx_word' id='word_1_31' title='bbox 196 1462 236 1523; x_wconf 89' lang='lat' dir='ltr'>de</span> <span class='ocrx_word' id='word_1_32' title='bbox 251 1464 369 1525; x_wconf 83' lang='lat' dir='ltr'>ordine</span> <span class='ocrx_word' id='word_1_33' title='bbox 381 1463 522 1526; x_wconf 70' lang='lat' dir='ltr'>matrum</span> <span class='ocrx_word' id='word_1_34' title='bbox 535 1467 713 1540; x_wconf 81' lang='lat' dir='ltr'>Minorem,</span> <span class='ocrx_word' id='word_1_35' title='bbox 731 1466 872 1529; x_wconf 89' lang='lat' dir='ltr'>salutem</span> 
     </span>
     <span class='ocr_line' id='line_1_11' title="bbox 91 1560 637 1636; baseline 0.007 -16"><span class='ocrx_word' id='word_1_36' title='bbox 91 1560 120 1622; x_wconf 88' lang='lat' dir='ltr'>et</span> <span class='ocrx_word' id='word_1_37' title='bbox 129 1560 349 1636; x_wconf 77' lang='lat' dir='ltr'>apostolicam</span> <span class='ocrx_word' id='word_1_38' title='bbox 359 1561 637 1625; x_wconf 90' lang='lat' dir='ltr'>benedictionem.</span> 
     </span>
    </p>

    <p class='ocr_par' dir='ltr' id='par_1_5' title="bbox 87 1657 872 2420">
     <span class='ocr_line' id='line_1_12' title="bbox 125 1657 872 1739; baseline 0.005 -20"><span class='ocrx_word' id='word_1_39' title='bbox 125 1657 208 1719; x_wconf 87' lang='lat' dir='ltr'>Solet</span> <span class='ocrx_word' id='word_1_40' title='bbox 217 1674 367 1720; x_wconf 88' lang='lat' dir='ltr'>annuere</span> <span class='ocrx_word' id='word_1_41' title='bbox 383 1660 486 1722; x_wconf 88' lang='lat' dir='ltr'>Sedes</span> <span class='ocrx_word' id='word_1_42' title='bbox 500 1660 692 1738; x_wconf 75' lang='lat' dir='ltr'>apostolice</span> <span class='ocrx_word' id='word_1_43' title='bbox 706 1661 771 1739; x_wconf 89' lang='lat' dir='ltr'>piis</span> <span class='ocrx_word' id='word_1_44' title='bbox 785 1663 872 1725; x_wconf 89' lang='lat' dir='ltr'>votis</span> 
     </span>
     <span class='ocr_line' id='line_1_13' title="bbox 91 1753 871 1833; baseline 0.009 -19"><span class='ocrx_word' id='word_1_45' title='bbox 91 1754 119 1816; x_wconf 88' lang='lat' dir='ltr'>et</span> <span class='ocrx_word' id='word_1_46' title='bbox 141 1753 284 1817; x_wconf 80' lang='lat' dir='ltr'><strong>honestis</strong></span> <span class='ocrx_word' id='word_1_47' title='bbox 314 1756 496 1833; x_wconf 87' lang='lat' dir='ltr'>petentium</span> <span class='ocrx_word' id='word_1_48' title='bbox 518 1758 694 1821; x_wconf 80' lang='lat' dir='ltr'>desideriis</span> <span class='ocrx_word' id='word_1_49' title='bbox 722 1758 871 1822; x_wconf 84' lang='lat' dir='ltr'>levorem</span> 
     </span>
     <span class='ocr_line' id='line_1_14' title="bbox 89 1850 871 1934; baseline 0.009 -24"><span class='ocrx_word' id='word_1_50' title='bbox 89 1850 263 1917; x_wconf 89' lang='lat' dir='ltr'>benivolum</span> <span class='ocrx_word' id='word_1_51' title='bbox 292 1853 470 1930; x_wconf 89' lang='lat' dir='ltr'>impertiri.</span> <span class='ocrx_word' id='word_1_52' title='bbox 495 1856 689 1934; x_wconf 81' lang='lat' dir='ltr'>Depropter,</span> <span class='ocrx_word' id='word_1_53' title='bbox 710 1855 822 1919; x_wconf 92' lang='lat' dir='ltr'>dilecti</span> <span class='ocrx_word' id='word_1_54' title='bbox 836 1857 871 1917; x_wconf 91' lang='lat' dir='ltr'>in</span> 
     </span>
     <span class='ocr_line' id='line_1_15' title="bbox 89 1947 870 2030; baseline 0.009 -22"><span class='ocrx_word' id='word_1_55' title='bbox 89 1947 212 2011; x_wconf 91' lang='lat' dir='ltr'>Domino</span> <span class='ocrx_word' id='word_1_56' title='bbox 224 1949 300 2022; x_wconf 86' lang='lat' dir='ltr'>lilii,</span> <span class='ocrx_word' id='word_1_57' title='bbox 314 1951 435 2012; x_wconf 88' lang='lat' dir='ltr'>vestris</span> <span class='ocrx_word' id='word_1_58' title='bbox 450 1952 515 2029; x_wconf 90' lang='lat' dir='ltr'>piis</span> <span class='ocrx_word' id='word_1_59' title='bbox 536 1952 691 2030; x_wconf 88' lang='lat' dir='ltr'>precibus</span> <span class='ocrx_word' id='word_1_60' title='bbox 706 1953 870 2026; x_wconf 90' lang='lat' dir='ltr'>inclinati,</span> 
     </span>
     <span class='ocr_line' id='line_1_16' title="bbox 89 2045 871 2125; baseline 0.008 -19"><span class='ocrx_word' id='word_1_61' title='bbox 89 2045 199 2106; x_wconf 87' lang='lat' dir='ltr'>ordinis</span> <span class='ocrx_word' id='word_1_62' title='bbox 227 2047 334 2111; x_wconf 87' lang='lat' dir='ltr'>vestri</span> <span class='ocrx_word' id='word_1_63' title='bbox 359 2048 511 2125; x_wconf 79' lang='lat' dir='ltr'>regulam</span> <span class='ocrx_word' id='word_1_64' title='bbox 536 2066 557 2112; x_wconf 89' lang='lat' dir='ltr'>a</span> <span class='ocrx_word' id='word_1_65' title='bbox 578 2049 673 2112; x_wconf 88' lang='lat' dir='ltr'>bonae</span> <span class='ocrx_word' id='word_1_66' title='bbox 701 2051 871 2113; x_wconf 89' lang='lat' dir='ltr'>memoriae</span> 
     </span>
     <span class='ocr_line' id='line_1_17' title="bbox 88 2144 872 2225; baseline 0.009 -22"><span class='ocrx_word' id='word_1_67' title='bbox 88 2144 265 2207; x_wconf 88' lang='lat' dir='ltr'>innocentio</span> <span class='ocrx_word' id='word_1_68' title='bbox 290 2160 378 2222; x_wconf 90' lang='lat' dir='ltr'>pepe</span> <span class='ocrx_word' id='word_1_69' title='bbox 403 2147 651 2222; x_wconf 76' lang='lat' dir='ltr'>praedecessore</span> <span class='ocrx_word' id='word_1_70' title='bbox 677 2149 790 2210; x_wconf 91' lang='lat' dir='ltr'>nostro</span> <span class='ocrx_word' id='word_1_71' title='bbox 811 2162 872 2225; x_wconf 91' lang='lat' dir='ltr'>ep-</span> 
     </span>
     <span class='ocr_line' id='line_1_18' title="bbox 87 2239 872 2322; baseline 0.01 -23"><span class='ocrx_word' id='word_1_72' title='bbox 87 2239 253 2316; x_wconf 81' lang='lat' dir='ltr'>probatam,</span> <span class='ocrx_word' id='word_1_73' title='bbox 270 2243 467 2305; x_wconf 74' lang='lat' dir='ltr'>annotatam</span> <span class='ocrx_word' id='word_1_74' title='bbox 486 2244 707 2322; x_wconf 88' lang='lat' dir='ltr'>praesentibus</span> <span class='ocrx_word' id='word_1_75' title='bbox 722 2246 872 2307; x_wconf 88' lang='lat' dir='ltr'>auctori·</span> 
     </span>
     <span class='ocr_line' id='line_1_19' title="bbox 87 2336 870 2420; baseline 0.009 -23"><span class='ocrx_word' id='word_1_76' title='bbox 87 2336 144 2397; x_wconf 89' lang='lat' dir='ltr'>tale</span> <span class='ocrx_word' id='word_1_77' title='bbox 157 2337 246 2399; x_wconf 91' lang='lat' dir='ltr'>vobis</span> <span class='ocrx_word' id='word_1_78' title='bbox 257 2339 453 2416; x_wconf 69' lang='lat' dir='ltr'>apostolice</span> <span class='ocrx_word' id='word_1_79' title='bbox 465 2341 710 2414; x_wconf 83' lang='lat' dir='ltr'>confirmemus,</span> <span class='ocrx_word' id='word_1_80' title='bbox 727 2342 761 2404; x_wconf 91' lang='lat' dir='ltr'>et</span> <span class='ocrx_word' id='word_1_81' title='bbox 778 2358 870 2420; x_wconf 81' lang='lat' dir='ltr'>prae-</span> 
     </span>
    </p>
   </div>
   <div class='ocr_carea' id='block_1_5' title="bbox 88 2433 870 2594">
    <p class='ocr_par' dir='ltr' id='par_1_6' title="bbox 88 2433 870 2594">
     <span class='ocr_line' id='line_1_20' title="bbox 88 2433 870 2513; baseline 0.012 -20"><span class='ocrx_word' id='word_1_82' title='bbox 88 2433 176 2494; x_wconf 88' lang='lat' dir='ltr'>sentis</span> <span class='ocrx_word' id='word_1_83' title='bbox 188 2436 306 2513; x_wconf 86' lang='lat' dir='ltr'>scripti</span> <span class='ocrx_word' id='word_1_84' title='bbox 320 2436 506 2513; x_wconf 88' lang='lat' dir='ltr'>patrocinio</span> <span class='ocrx_word' id='word_1_85' title='bbox 520 2437 772 2503; x_wconf 90' lang='lat' dir='ltr'>communimus.</span> <span class='ocrx_word' id='word_1_86' title='bbox 791 2441 870 2512; x_wconf 84' lang='lat' dir='ltr'>Quae</span> 
     </span>
     <span class='ocr_line' id='line_1_21' title="bbox 89 2530 225 2594; baseline 0.029 -4"><span class='ocrx_word' id='word_1_87' title='bbox 89 2530 154 2592; x_wconf 87' lang='lat' dir='ltr'>telis</span> <span class='ocrx_word' id='word_1_88' title='bbox 168 2532 225 2594; x_wconf 87' lang='lat' dir='ltr'>cst.</span> 
     </span>
    </p>
   </div>
   <div class='ocr_carea' id='block_1_6' title="bbox 119 2665 868 2840">
    <p class='ocr_par' dir='ltr' id='par_1_7' title="bbox 119 2665 868 2840">
     <span class='ocr_line' id='line_1_22' title="bbox 122 2665 455 2729; baseline 0.009 -4"><span class='ocrx_word' id='word_1_89' title='bbox 122 2665 299 2728; x_wconf 88' lang='lat' dir='ltr'>innomine</span> <span class='ocrx_word' id='word_1_90' title='bbox 312 2666 455 2729; x_wconf 85' lang='lat' dir='ltr'>Domini.</span> 
     </span>
     <span class='ocr_line' id='line_1_23' title="bbox 119 2761 868 2840; baseline 0.008 -18"><span class='ocrx_word' id='word_1_91' title='bbox 119 2761 229 2840; x_wconf 90' lang='lat' dir='ltr'>Incipit</span> <span class='ocrx_word' id='word_1_92' title='bbox 243 2763 365 2840; x_wconf 76' lang='lat' dir='ltr'>regula</span> <span class='ocrx_word' id='word_1_93' title='bbox 391 2767 425 2826; x_wconf 88' lang='lat' dir='ltr'>et</span> <span class='ocrx_word' id='word_1_94' title='bbox 447 2765 517 2826; x_wconf 90' lang='lat' dir='ltr'>vita</span> <span class='ocrx_word' id='word_1_95' title='bbox 534 2763 675 2828; x_wconf 78' lang='lat' dir='ltr'>fratrum</span> <span class='ocrx_word' id='word_1_96' title='bbox 689 2766 868 2829; x_wconf 85' lang='lat' dir='ltr'>Minorem.</span> 
     </span>
    </p>
   </div>
   <div class='ocr_carea' id='block_1_7' title="bbox 405 2898 532 2959">
    <p class='ocr_par' dir='ltr' id='par_1_8' title="bbox 405 2898 532 2959">
     <span class='ocr_line' id='line_1_24' title="bbox 405 2898 532 2959; baseline -0.008 0"><span class='ocrx_word' id='word_1_97' title='bbox 405 2898 483 2959; x_wconf 70' lang='lat' dir='ltr'>Gal).</span> <span class='ocrx_word' id='word_1_98' title='bbox 506 2899 532 2959; x_wconf 91' lang='lat'>1.</span> 
     </span>
    </p>
   </div>
   <div class='ocr_carea' id='block_1_8' title="bbox 86 3010 869 3863">
    <p class='ocr_par' dir='ltr' id='par_1_9' title="bbox 86 3010 869 3863">
     <span class='ocr_line' id='line_1_25' title="bbox 118 3010 866 3086; baseline 0.007 -16"><span class='ocrx_word' id='word_1_99' title='bbox 118 3010 235 3086; x_wconf 76' lang='lat' dir='ltr'>Regula</span> <span class='ocrx_word' id='word_1_100' title='bbox 251 3011 288 3074; x_wconf 85' lang='lat' dir='ltr'>et</span> <span class='ocrx_word' id='word_1_101' title='bbox 302 3011 371 3074; x_wconf 90' lang='lat' dir='ltr'>vite</span> <span class='ocrx_word' id='word_1_102' title='bbox 384 3010 524 3073; x_wconf 81' lang='lat' dir='ltr'>fratrum</span> <span class='ocrx_word' id='word_1_103' title='bbox 534 3014 701 3075; x_wconf 82' lang='lat' dir='ltr'>Minorem</span> <span class='ocrx_word' id='word_1_104' title='bbox 716 3014 789 3075; x_wconf 90' lang='lat' dir='ltr'>baec</span> <span class='ocrx_word' id='word_1_105' title='bbox 804 3013 866 3085; x_wconf 91' lang='lat' dir='ltr'>est,</span> 
     </span>
     <span class='ocr_line' id='line_1_26' title="bbox 86 3105 868 3172; baseline 0.009 -8"><span class='ocrx_word' id='word_1_106' title='bbox 86 3105 198 3169; x_wconf 87' lang='lat' dir='ltr'>scilicet</span> <span class='ocrx_word' id='word_1_107' title='bbox 211 3108 349 3170; x_wconf 87' lang='lat' dir='ltr'>Domini</span> <span class='ocrx_word' id='word_1_108' title='bbox 361 3109 468 3171; x_wconf 85' lang='lat' dir='ltr'>nostri</span> <span class='ocrx_word' id='word_1_109' title='bbox 480 3112 559 3172; x_wconf 88' lang='lat' dir='ltr'>Jesu</span> <span class='ocrx_word' id='word_1_110' title='bbox 575 3111 700 3172; x_wconf 79' lang='lat' dir='ltr'>Christi</span> <span class='ocrx_word' id='word_1_111' title='bbox 715 3110 868 3172; x_wconf 87' lang='lat' dir='ltr'>sanctum</span> 
     </span>
     <span class='ocr_line' id='line_1_27' title="bbox 86 3203 869 3291; baseline 0.006 -28"><span class='ocrx_word' id='word_1_112' title='bbox 86 3203 289 3281; x_wconf 82' lang='lat' dir='ltr'>Evangelium</span> <span class='ocrx_word' id='word_1_113' title='bbox 306 3204 496 3278; x_wconf 86' lang='lat' dir='ltr'>observare,</span> <span class='ocrx_word' id='word_1_114' title='bbox 506 3207 650 3269; x_wconf 88' lang='lat' dir='ltr'>vivendo</span> <span class='ocrx_word' id='word_1_115' title='bbox 663 3206 869 3291; x_wconf 87' lang='lat' dir='ltr'>inobedien-</span> 
     </span>
     <span class='ocr_line' id='line_1_28' title="bbox 86 3298 869 3381; baseline 0.009 -22"><span class='ocrx_word' id='word_1_116' title='bbox 86 3298 138 3371; x_wconf 90' lang='lat' dir='ltr'>tia,</span> <span class='ocrx_word' id='word_1_117' title='bbox 163 3303 232 3364; x_wconf 90' lang='lat' dir='ltr'>sine</span> <span class='ocrx_word' id='word_1_118' title='bbox 259 3303 400 3381; x_wconf 87' lang='lat' dir='ltr'>proprio</span> <span class='ocrx_word' id='word_1_119' title='bbox 438 3305 471 3366; x_wconf 88' lang='lat' dir='ltr'>et</span> <span class='ocrx_word' id='word_1_120' title='bbox 498 3304 534 3365; x_wconf 88' lang='lat' dir='ltr'>in</span> <span class='ocrx_word' id='word_1_121' title='bbox 557 3303 722 3367; x_wconf 88' lang='lat' dir='ltr'>castitate.</span> <span class='ocrx_word' id='word_1_122' title='bbox 751 3307 869 3367; x_wconf 79' lang='lat' dir='ltr'>Frater</span> 
     </span>
     <span class='ocr_line' id='line_1_29' title="bbox 86 3396 868 3477; baseline 0.009 -21"><span class='ocrx_word' id='word_1_123' title='bbox 86 3396 266 3461; x_wconf 78' lang='lat' dir='ltr'>Franciscns</span> <span class='ocrx_word' id='word_1_124' title='bbox 283 3401 449 3477; x_wconf 88' lang='lat' dir='ltr'>promittit</span> <span class='ocrx_word' id='word_1_125' title='bbox 472 3400 705 3475; x_wconf 83' lang='lat' dir='ltr'>obedientiam,</span> <span class='ocrx_word' id='word_1_126' title='bbox 722 3403 756 3464; x_wconf 88' lang='lat' dir='ltr'>et</span> <span class='ocrx_word' id='word_1_127' title='bbox 766 3416 868 3463; x_wconf 90' lang='lat' dir='ltr'>reve-</span> 
     </span>
     <span class='ocr_line' id='line_1_30' title="bbox 86 3494 868 3574; baseline 0.009 -20"><span class='ocrx_word' id='word_1_128' title='bbox 86 3494 211 3556; x_wconf 86' lang='lat' dir='ltr'>rentiam</span> <span class='ocrx_word' id='word_1_129' title='bbox 234 3497 373 3558; x_wconf 89' lang='lat' dir='ltr'>domino</span> <span class='ocrx_word' id='word_1_130' title='bbox 388 3514 482 3574; x_wconf 80' lang='lat' dir='ltr'>papea</span> <span class='ocrx_word' id='word_1_131' title='bbox 506 3499 666 3572; x_wconf 88' lang='lat' dir='ltr'>Honorio,</span> <span class='ocrx_word' id='word_1_132' title='bbox 680 3514 868 3561; x_wconf 88' lang='lat' dir='ltr'>acsuoces-</span> 
     </span>
     <span class='ocr_line' id='line_1_31' title="bbox 86 3589 869 3669; baseline 0.01 -21"><span class='ocrx_word' id='word_1_133' title='bbox 86 3589 199 3652; x_wconf 86' lang='lat' dir='ltr'>soribus</span> <span class='ocrx_word' id='word_1_134' title='bbox 218 3595 297 3669; x_wconf 85' lang='lat' dir='ltr'>ejus</span> <span class='ocrx_word' id='word_1_135' title='bbox 312 3592 473 3654; x_wconf 89' lang='lat' dir='ltr'>canonice</span> <span class='ocrx_word' id='word_1_136' title='bbox 486 3593 702 3666; x_wconf 85' lang='lat' dir='ltr'>intrantibus,</span> <span class='ocrx_word' id='word_1_137' title='bbox 715 3594 749 3656; x_wconf 89' lang='lat' dir='ltr'>et</span> <span class='ocrx_word' id='word_1_138' title='bbox 758 3594 869 3657; x_wconf 83' lang='lat' dir='ltr'>Docle-</span> 
     </span>
     <span class='ocr_line' id='line_1_32' title="bbox 86 3682 868 3753; baseline 0.013 -10"><span class='ocrx_word' id='word_1_139' title='bbox 86 3682 366 3750; x_wconf 58' lang='lat' dir='ltr'>stacionensis</span> <span class='ocrx_word' id='word_1_140' title='bbox 380 3689 440 3750; x_wconf 92' lang='lat' dir='ltr'>alii</span> <span class='ocrx_word' id='word_1_141' title='bbox 449 3689 570 3751; x_wconf 84' lang='lat' dir='ltr'>iratres</span> <span class='ocrx_word' id='word_1_142' title='bbox 580 3689 758 3752; x_wconf 89' lang='lat' dir='ltr'>teneantur</span> <span class='ocrx_word' id='word_1_143' title='bbox 771 3691 868 3753; x_wconf 81' lang='lat' dir='ltr'>tratri</span> 
     </span>
     <span class='ocr_line' id='line_1_33' title="bbox 86 3781 826 3863; baseline 0.015 -24"><span class='ocrx_word' id='word_1_144' title='bbox 86 3781 266 3848; x_wconf 81' lang='lat' dir='ltr'>Franscisco</span> <span class='ocrx_word' id='word_1_145' title='bbox 283 3789 400 3863; x_wconf 81' lang='lat' dir='ltr'>atejus</span> <span class='ocrx_word' id='word_1_146' title='bbox 415 3787 665 3849; x_wconf 86' lang='lat' dir='ltr'>suecessoribus</span> <span class='ocrx_word' id='word_1_147' title='bbox 680 3787 826 3851; x_wconf 88' lang='lat' dir='ltr'>obedire.</span> 
     </span>
    </p>
   </div>
   <div class='ocr_carea' id='block_1_9' title="bbox 401 3920 535 3983">
    <p class='ocr_par' dir='ltr' id='par_1_10' title="bbox 401 3920 535 3983">
     <span class='ocr_line' id='line_1_34' title="bbox 401 3920 535 3983; baseline -0.007 -3"><span class='ocrx_word' id='word_1_148' title='bbox 401 3920 480 3983; x_wconf 77' lang='lat' dir='ltr'>Car.</span> <span class='ocrx_word' id='word_1_149' title='bbox 494 3922 535 3980; x_wconf 93' lang='grc' dir='ltr'>ΙΙ.</span> 
     </span>
    </p>
   </div>
   <div class='ocr_carea' id='block_1_10' title="bbox 84 4032 868 4204">
    <p class='ocr_par' dir='ltr' id='par_1_11' title="bbox 84 4032 868 4204">
     <span class='ocr_line' id='line_1_35' title="bbox 118 4032 868 4112; baseline 0.011 -22"><span class='ocrx_word' id='word_1_150' title='bbox 118 4032 146 4091; x_wconf 88' lang='lat' dir='ltr'>Si</span> <span class='ocrx_word' id='word_1_151' title='bbox 161 4034 215 4110; x_wconf 89' lang='lat' dir='ltr'>qui</span> <span class='ocrx_word' id='word_1_152' title='bbox 229 4035 402 4098; x_wconf 87' lang='lat' dir='ltr'>voluerint</span> <span class='ocrx_word' id='word_1_153' title='bbox 429 4035 516 4096; x_wconf 90' lang='lat' dir='ltr'>hanc</span> <span class='ocrx_word' id='word_1_154' title='bbox 531 4034 633 4097; x_wconf 92' lang='lat' dir='ltr'>vitam</span> <span class='ocrx_word' id='word_1_155' title='bbox 648 4034 811 4112; x_wconf 90' lang='lat' dir='ltr'>accipere,</span> <span class='ocrx_word' id='word_1_156' title='bbox 834 4037 868 4098; x_wconf 91' lang='lat' dir='ltr'>et</span> 
     </span>
     <span class='ocr_line' id='line_1_36' title="bbox 84 4129 867 4204; baseline 0.009 -18"><span class='ocrx_word' id='word_1_157' title='bbox 84 4129 219 4193; x_wconf 91' lang='lat' dir='ltr'>venerint</span> <span class='ocrx_word' id='word_1_158' title='bbox 233 4131 276 4193; x_wconf 88' lang='lat' dir='ltr'>ad</span> <span class='ocrx_word' id='word_1_159' title='bbox 293 4130 412 4194; x_wconf 83' lang='lat' dir='ltr'>fratres</span> <span class='ocrx_word' id='word_1_160' title='bbox 433 4135 576 4204; x_wconf 90' lang='lat' dir='ltr'>nostros,</span> <span class='ocrx_word' id='word_1_161' title='bbox 605 4132 737 4194; x_wconf 90' lang='lat' dir='ltr'>mittant</span> <span class='ocrx_word' id='word_1_162' title='bbox 750 4148 807 4193; x_wconf 88' lang='lat' dir='ltr'>eos</span> <span class='ocrx_word' id='word_1_163' title='bbox 824 4132 867 4194; x_wconf 90' lang='lat' dir='ltr'>ad</span> 
     </span>
    </p>
   </div>
   <div class='ocr_carea' id='block_1_11' title="bbox 679 279 1122 345">
    <p class='ocr_par' dir='ltr' id='par_1_12' title="bbox 679 279 1122 345">
     <span class='ocr_line' id='line_1_37' title="bbox 679 279 1122 345; baseline 0.018 -8"><span class='ocrx_word' id='word_1_164' title='bbox 679 279 909 342; x_wconf 82' lang='lat' dir='ltr'><strong>EPISTOLAE.</strong></span> <span class='ocrx_word' id='word_1_165' title='bbox 933 284 1012 344; x_wconf 88' lang='lat' dir='ltr'><strong>LIB.</strong></span> <span class='ocrx_word' id='word_1_166' title='bbox 1037 285 1122 345; x_wconf 82' lang='lat' dir='ltr'>viu.</span> 
     </span>
    </p>
   </div>
   <div class='ocr_carea' id='block_1_12' title="bbox 1666 293 1727 355">
    <p class='ocr_par' dir='ltr' id='par_1_13' title="bbox 1666 293 1727 355">
     <span class='ocr_line' id='line_1_38' title="bbox 1666 293 1727 355; baseline 0 0"><span class='ocrx_word' id='word_1_167' title='bbox 1666 293 1727 355; x_wconf 76' lang='grc'>466</span> 
     </span>
    </p>
   </div>
   <div class='ocr_carea' id='block_1_13' title="bbox 923 440 1730 2369">
    <p class='ocr_par' dir='ltr' id='par_1_14' title="bbox 923 440 1730 2369">
     <span class='ocr_line' id='line_1_39' title="bbox 930 440 1730 523; baseline 0.018 -22"><span class='ocrx_word' id='word_1_168' title='bbox 930 442 961 503; x_wconf 89' lang='lat' dir='ltr'>si</span> <span class='ocrx_word' id='word_1_169' title='bbox 975 440 1086 506; x_wconf 85' lang='lat' dir='ltr'>iecere</span> <span class='ocrx_word' id='word_1_170' title='bbox 1095 459 1164 506; x_wconf 90' lang='lat' dir='ltr'>non</span> <span class='ocrx_word' id='word_1_171' title='bbox 1173 446 1355 523; x_wconf 88' lang='lat' dir='ltr'>potuerint,</span> <span class='ocrx_word' id='word_1_172' title='bbox 1370 448 1495 513; x_wconf 80' lang='lat' dir='ltr'>sufficit</span> <span class='ocrx_word' id='word_1_173' title='bbox 1509 451 1558 513; x_wconf 92' lang='lat' dir='ltr'>eis</span> <span class='ocrx_word' id='word_1_174' title='bbox 1572 449 1660 514; x_wconf 88' lang='lat' dir='ltr'>bona</span> <span class='ocrx_word' id='word_1_175' title='bbox 1673 468 1730 515; x_wconf 89' lang='lat' dir='ltr'>vo·</span> 
     </span>
     <span class='ocr_line' id='line_1_40' title="bbox 930 538 1728 612; baseline 0.018 -14"><span class='ocrx_word' id='word_1_176' title='bbox 930 538 1054 600; x_wconf 88' lang='lat' dir='ltr'>luntas.</span> <span class='ocrx_word' id='word_1_177' title='bbox 1071 543 1111 603; x_wconf 82' lang='lat' dir='ltr'>Et</span> <span class='ocrx_word' id='word_1_178' title='bbox 1121 545 1262 605; x_wconf 87' lang='lat' dir='ltr'>caveant</span> <span class='ocrx_word' id='word_1_179' title='bbox 1272 544 1393 608; x_wconf 86' lang='lat' dir='ltr'>iratres</span> <span class='ocrx_word' id='word_1_180' title='bbox 1407 548 1442 609; x_wconf 91' lang='lat' dir='ltr'>et</span> <span class='ocrx_word' id='word_1_181' title='bbox 1453 563 1569 610; x_wconf 90' lang='lat' dir='ltr'>eorum</span> <span class='ocrx_word' id='word_1_182' title='bbox 1581 548 1728 612; x_wconf 85' lang='lat' dir='ltr'>ministri</span> 
     </span>
     <span class='ocr_line' id='line_1_41' title="bbox 929 637 1725 722; baseline 0.015 -26"><span class='ocrx_word' id='word_1_183' title='bbox 929 650 972 697; x_wconf 88' lang='lat' dir='ltr'>ne</span> <span class='ocrx_word' id='word_1_184' title='bbox 987 637 1124 700; x_wconf 81' lang='lat' dir='ltr'>solliciti</span> <span class='ocrx_word' id='word_1_185' title='bbox 1139 639 1208 701; x_wconf 91' lang='lat' dir='ltr'>sint</span> <span class='ocrx_word' id='word_1_186' title='bbox 1220 641 1261 703; x_wconf 90' lang='lat' dir='ltr'>de</span> <span class='ocrx_word' id='word_1_187' title='bbox 1275 642 1375 704; x_wconf 88' lang='lat' dir='ltr'>rebus</span> <span class='ocrx_word' id='word_1_188' title='bbox 1389 644 1461 705; x_wconf 90' lang='lat' dir='ltr'>suis</span> <span class='ocrx_word' id='word_1_189' title='bbox 1473 645 1725 722; x_wconf 84' lang='lat' dir='ltr'>temporalibus,</span> 
     </span>
     <span class='ocr_line' id='line_1_42' title="bbox 930 730 1728 819; baseline 0.016 -27"><span class='ocrx_word' id='word_1_190' title='bbox 930 730 964 792; x_wconf 89' lang='lat' dir='ltr'>et</span> <span class='ocrx_word' id='word_1_191' title='bbox 979 731 1084 795; x_wconf 87' lang='lat' dir='ltr'>libere</span> <span class='ocrx_word' id='word_1_192' title='bbox 1097 734 1223 798; x_wconf 83' lang='lat' dir='ltr'>faciant</span> <span class='ocrx_word' id='word_1_193' title='bbox 1236 738 1277 799; x_wconf 92' lang='lat' dir='ltr'>de</span> <span class='ocrx_word' id='word_1_194' title='bbox 1287 738 1387 801; x_wconf 89' lang='lat' dir='ltr'>nebus</span> <span class='ocrx_word' id='word_1_195' title='bbox 1397 741 1468 802; x_wconf 91' lang='lat' dir='ltr'>suis</span> <span class='ocrx_word' id='word_1_196' title='bbox 1483 740 1643 819; x_wconf 84' lang='lat' dir='ltr'>quidquid</span> <span class='ocrx_word' id='word_1_197' title='bbox 1659 746 1728 806; x_wconf 93' lang='lat' dir='ltr'>Do-</span> 
     </span>
     <span class='ocr_line' id='line_1_43' title="bbox 929 829 1726 908; baseline 0.016 -20"><span class='ocrx_word' id='word_1_198' title='bbox 929 829 1039 891; x_wconf 88' lang='lat' dir='ltr'>minus</span> <span class='ocrx_word' id='word_1_199' title='bbox 1054 830 1270 908; x_wconf 81' lang='lat' dir='ltr'>inspiraverit</span> <span class='ocrx_word' id='word_1_200' title='bbox 1288 837 1349 899; x_wconf 87' lang='lat' dir='ltr'>eis.</span> <span class='ocrx_word' id='word_1_201' title='bbox 1365 837 1400 899; x_wconf 86' lang='lat' dir='ltr'>Si</span> <span class='ocrx_word' id='word_1_202' title='bbox 1414 839 1525 901; x_wconf 76' lang='lat' dir='ltr'>tamar</span> <span class='ocrx_word' id='word_1_203' title='bbox 1547 839 1726 905; x_wconf 89' lang='lat' dir='ltr'>consilium</span> 
     </span>
     <span class='ocr_line' id='line_1_44' title="bbox 929 927 1726 1004; baseline 0.015 -18"><span class='ocrx_word' id='word_1_204' title='bbox 929 927 1130 1004; x_wconf 86' lang='lat' dir='ltr'>requiratur,</span> <span class='ocrx_word' id='word_1_205' title='bbox 1144 928 1315 993; x_wconf 81' lang='lat' dir='ltr'>licentiam</span> <span class='ocrx_word' id='word_1_206' title='bbox 1329 933 1474 997; x_wconf 87' lang='lat' dir='ltr'>babeant</span> <span class='ocrx_word' id='word_1_207' title='bbox 1486 935 1632 997; x_wconf 87' lang='lat' dir='ltr'>ministri</span> <span class='ocrx_word' id='word_1_208' title='bbox 1642 937 1726 999; x_wconf 90' lang='lat' dir='ltr'>mit-</span> 
     </span>
     <span class='ocr_line' id='line_1_45' title="bbox 927 1023 1728 1109; baseline 0.015 -26"><span class='ocrx_word' id='word_1_209' title='bbox 927 1023 1020 1084; x_wconf 88' lang='lat' dir='ltr'>tendi</span> <span class='ocrx_word' id='word_1_210' title='bbox 1034 1040 1092 1086; x_wconf 90' lang='lat' dir='ltr'>eos</span> <span class='ocrx_word' id='word_1_211' title='bbox 1105 1025 1146 1086; x_wconf 89' lang='lat' dir='ltr'>ed</span> <span class='ocrx_word' id='word_1_212' title='bbox 1157 1026 1286 1104; x_wconf 82' lang='lat' dir='ltr'>abquos</span> <span class='ocrx_word' id='word_1_213' title='bbox 1294 1031 1399 1091; x_wconf 86' lang='lat' dir='ltr'>Deum</span> <span class='ocrx_word' id='word_1_214' title='bbox 1410 1032 1576 1104; x_wconf 88' lang='lat' dir='ltr'>timentes,</span> <span class='ocrx_word' id='word_1_215' title='bbox 1584 1048 1728 1109; x_wconf 89' lang='lat' dir='ltr'>quorum</span> 
     </span>
     <span class='ocr_line' id='line_1_46' title="bbox 927 1120 1723 1205; baseline 0.016 -26"><span class='ocrx_word' id='word_1_216' title='bbox 927 1120 1069 1182; x_wconf 89' lang='lat' dir='ltr'>consilio</span> <span class='ocrx_word' id='word_1_217' title='bbox 1092 1121 1179 1184; x_wconf 89' lang='lat' dir='ltr'>bona</span> <span class='ocrx_word' id='word_1_218' title='bbox 1207 1140 1269 1185; x_wconf 90' lang='lat' dir='ltr'>sue</span> <span class='ocrx_word' id='word_1_219' title='bbox 1299 1127 1501 1203; x_wconf 88' lang='lat' dir='ltr'>pauperibus</span> <span class='ocrx_word' id='word_1_220' title='bbox 1532 1129 1723 1205; x_wconf 78' lang='lat' dir='ltr'>erogentur.</span> 
     </span>
     <span class='ocr_line' id='line_1_47' title="bbox 928 1218 1726 1301; baseline 0.015 -24"><span class='ocrx_word' id='word_1_221' title='bbox 928 1218 1048 1279; x_wconf 88' lang='lat' dir='ltr'>Postea</span> <span class='ocrx_word' id='word_1_222' title='bbox 1061 1220 1244 1282; x_wconf 88' lang='lat' dir='ltr'>concedant</span> <span class='ocrx_word' id='word_1_223' title='bbox 1258 1222 1307 1282; x_wconf 92' lang='lat' dir='ltr'>eis</span> <span class='ocrx_word' id='word_1_224' title='bbox 1322 1238 1428 1284; x_wconf 88' lang='lat' dir='ltr'>annos</span> <span class='ocrx_word' id='word_1_225' title='bbox 1440 1223 1658 1301; x_wconf 87' lang='lat' dir='ltr'>probationis,</span> <span class='ocrx_word' id='word_1_226' title='bbox 1670 1226 1726 1289; x_wconf 90' lang='lat' dir='ltr'>vi-</span> 
     </span>
     <span class='ocr_line' id='line_1_48' title="bbox 928 1313 1725 1399; baseline 0.014 -25"><span class='ocrx_word' id='word_1_227' title='bbox 928 1313 1049 1376; x_wconf 87' lang='lat' dir='ltr'>delicet</span> <span class='ocrx_word' id='word_1_228' title='bbox 1062 1315 1145 1377; x_wconf 90' lang='lat' dir='ltr'>duas</span> <span class='ocrx_word' id='word_1_229' title='bbox 1156 1317 1288 1381; x_wconf 88' lang='lat' dir='ltr'>tunicas</span> <span class='ocrx_word' id='word_1_230' title='bbox 1303 1319 1376 1381; x_wconf 90' lang='lat' dir='ltr'>sine</span> <span class='ocrx_word' id='word_1_231' title='bbox 1391 1321 1541 1397; x_wconf 90' lang='lat' dir='ltr'>capucio,</span> <span class='ocrx_word' id='word_1_232' title='bbox 1556 1323 1590 1384; x_wconf 91' lang='lat' dir='ltr'>et</span> <span class='ocrx_word' id='word_1_233' title='bbox 1600 1323 1725 1399; x_wconf 77' lang='lat' dir='ltr'>cingu-</span> 
     </span>
     <span class='ocr_line' id='line_1_49' title="bbox 927 1411 1728 1495; baseline 0.014 -25"><span class='ocrx_word' id='word_1_234' title='bbox 927 1411 997 1472; x_wconf 92' lang='lat' dir='ltr'>lum</span> <span class='ocrx_word' id='word_1_235' title='bbox 1012 1413 1045 1474; x_wconf 92' lang='lat' dir='ltr'>et</span> <span class='ocrx_word' id='word_1_236' title='bbox 1058 1412 1197 1475; x_wconf 88' lang='lat' dir='ltr'>braccas</span> <span class='ocrx_word' id='word_1_237' title='bbox 1214 1416 1248 1477; x_wconf 90' lang='lat' dir='ltr'>et</span> <span class='ocrx_word' id='word_1_238' title='bbox 1261 1431 1461 1493; x_wconf 86' lang='lat' dir='ltr'>caperonem</span> <span class='ocrx_word' id='word_1_239' title='bbox 1474 1433 1579 1495; x_wconf 87' lang='lat' dir='ltr'>usque</span> <span class='ocrx_word' id='word_1_240' title='bbox 1596 1419 1637 1480; x_wconf 88' lang='lat' dir='ltr'>ed</span> <span class='ocrx_word' id='word_1_241' title='bbox 1654 1421 1728 1481; x_wconf 91' lang='lat' dir='ltr'>cin·</span> 
     </span>
     <span class='ocr_line' id='line_1_50' title="bbox 926 1508 1726 1583; baseline 0.013 -16"><span class='ocrx_word' id='word_1_242' title='bbox 926 1508 1052 1583; x_wconf 82' lang='lat' dir='ltr'>gulam,</span> <span class='ocrx_word' id='word_1_243' title='bbox 1063 1510 1130 1571; x_wconf 90' lang='lat' dir='ltr'>nisi</span> <span class='ocrx_word' id='word_1_244' title='bbox 1141 1511 1437 1579; x_wconf 86' lang='lat' dir='ltr'>eisdemministiis</span> <span class='ocrx_word' id='word_1_245' title='bbox 1445 1515 1726 1578; x_wconf 88' lang='lat' dir='ltr'>eliudseeundum</span> 
     </span>
     <span class='ocr_line' id='line_1_51' title="bbox 926 1605 1726 1684; baseline 0.014 -19"><span class='ocrx_word' id='word_1_246' title='bbox 926 1607 1030 1667; x_wconf 92' lang='lat' dir='ltr'>Deum</span> <span class='ocrx_word' id='word_1_247' title='bbox 1044 1605 1224 1684; x_wconf 85' lang='lat' dir='ltr'>aliquando</span> <span class='ocrx_word' id='word_1_248' title='bbox 1237 1609 1402 1673; x_wconf 89' lang='lat' dir='ltr'>videatur.</span> <span class='ocrx_word' id='word_1_249' title='bbox 1419 1612 1530 1674; x_wconf 82' lang='lat' dir='ltr'>Finito</span> <span class='ocrx_word' id='word_1_250' title='bbox 1542 1628 1622 1677; x_wconf 87' lang='lat' dir='ltr'>vero</span> <span class='ocrx_word' id='word_1_251' title='bbox 1637 1628 1726 1676; x_wconf 89' lang='lat' dir='ltr'>anno</span> 
     </span>
     <span class='ocr_line' id='line_1_52' title="bbox 927 1701 1724 1787; baseline 0.015 -26"><span class='ocrx_word' id='word_1_252' title='bbox 927 1701 1149 1778; x_wconf 89' lang='lat' dir='ltr'>probationis,</span> <span class='ocrx_word' id='word_1_253' title='bbox 1183 1705 1389 1783; x_wconf 90' lang='lat' dir='ltr'>recipientur</span> <span class='ocrx_word' id='word_1_254' title='bbox 1412 1708 1454 1769; x_wconf 88' lang='lat' dir='ltr'>ad</span> <span class='ocrx_word' id='word_1_255' title='bbox 1489 1708 1724 1787; x_wconf 87' lang='lat' dir='ltr'>obedientiam,</span> 
     </span>
     <span class='ocr_line' id='line_1_53' title="bbox 927 1799 1726 1885; baseline 0.014 -27"><span class='ocrx_word' id='word_1_256' title='bbox 927 1799 1156 1875; x_wconf 90' lang='lat' dir='ltr'>promittentes</span> <span class='ocrx_word' id='word_1_257' title='bbox 1166 1801 1269 1864; x_wconf 91' lang='lat' dir='ltr'>vitam</span> <span class='ocrx_word' id='word_1_258' title='bbox 1282 1804 1380 1866; x_wconf 90' lang='lat' dir='ltr'>istem</span> <span class='ocrx_word' id='word_1_259' title='bbox 1391 1806 1583 1882; x_wconf 80' lang='lat' dir='ltr'>stragulam</span> <span class='ocrx_word' id='word_1_260' title='bbox 1593 1821 1726 1885; x_wconf 91' lang='lat' dir='ltr'>semper</span> 
     </span>
     <span class='ocr_line' id='line_1_54' title="bbox 926 1896 1725 1968; baseline 0.015 -13"><span class='ocrx_word' id='word_1_261' title='bbox 926 1896 1118 1968; x_wconf 87' lang='lat' dir='ltr'>observare,</span> <span class='ocrx_word' id='word_1_262' title='bbox 1134 1900 1174 1960; x_wconf 82' lang='lat' dir='ltr'>Et</span> <span class='ocrx_word' id='word_1_263' title='bbox 1186 1899 1278 1961; x_wconf 89' lang='lat' dir='ltr'>nullo</span> <span class='ocrx_word' id='word_1_264' title='bbox 1291 1901 1387 1963; x_wconf 92' lang='lat' dir='ltr'>modo</span> <span class='ocrx_word' id='word_1_265' title='bbox 1402 1902 1516 1965; x_wconf 91' lang='lat' dir='ltr'>licebit</span> <span class='ocrx_word' id='word_1_266' title='bbox 1539 1904 1588 1964; x_wconf 87' lang='lat' dir='ltr'>eis</span> <span class='ocrx_word' id='word_1_267' title='bbox 1603 1904 1644 1964; x_wconf 89' lang='lat' dir='ltr'>de</span> <span class='ocrx_word' id='word_1_268' title='bbox 1658 1904 1725 1967; x_wconf 88' lang='lat' dir='ltr'>ista</span> 
     </span>
     <span class='ocr_line' id='line_1_55' title="bbox 926 1993 1722 2074; baseline 0.009 -20"><span class='ocrx_word' id='word_1_269' title='bbox 926 1993 1090 2070; x_wconf 81' lang='lat' dir='ltr'>religione</span> <span class='ocrx_word' id='word_1_270' title='bbox 1117 1996 1221 2067; x_wconf 82' lang='lat' dir='ltr'>exire,</span> <span class='ocrx_word' id='word_1_271' title='bbox 1250 1999 1348 2074; x_wconf 76' lang='lat' dir='ltr'>juxta</span> <span class='ocrx_word' id='word_1_272' title='bbox 1372 1998 1563 2061; x_wconf 89' lang='lat' dir='ltr'>mandatum</span> <span class='ocrx_word' id='word_1_273' title='bbox 1594 1998 1722 2061; x_wconf 90' lang='lat' dir='ltr'>domini</span> 
     </span>
     <span class='ocr_line' id='line_1_56' title="bbox 926 2092 1725 2175; baseline 0.011 -25"><span class='ocrx_word' id='word_1_274' title='bbox 926 2105 1033 2167; x_wconf 82' lang='lat' dir='ltr'>pepae,</span> <span class='ocrx_word' id='word_1_275' title='bbox 1051 2092 1129 2169; x_wconf 84' lang='lat' dir='ltr'>qnia</span> <span class='ocrx_word' id='word_1_276' title='bbox 1143 2094 1322 2154; x_wconf 90' lang='lat' dir='ltr'>secundum</span> <span class='ocrx_word' id='word_1_277' title='bbox 1340 2098 1490 2158; x_wconf 89' lang='lat' dir='ltr'>sanetum</span> <span class='ocrx_word' id='word_1_278' title='bbox 1506 2096 1725 2175; x_wconf 79' lang='lat' dir='ltr'>Evangelium</span> 
     </span>
     <span class='ocr_line' id='line_1_57' title="bbox 925 2191 1725 2267; baseline 0.01 -19"><span class='ocrx_word' id='word_1_279' title='bbox 925 2203 1027 2251; x_wconf 82' lang='lat' dir='ltr'>acmo</span> <span class='ocrx_word' id='word_1_280' title='bbox 1040 2191 1184 2252; x_wconf 72' lang='lat' dir='ltr'>matteas</span> <span class='ocrx_word' id='word_1_281' title='bbox 1206 2206 1351 2254; x_wconf 80' lang='lat' dir='ltr'>manum</span> <span class='ocrx_word' id='word_1_282' title='bbox 1367 2196 1413 2253; x_wconf 87' lang='lat' dir='ltr'>od</span> <span class='ocrx_word' id='word_1_283' title='bbox 1431 2195 1605 2267; x_wconf 82' lang='lat' dir='ltr'>aratrum,</span> <span class='ocrx_word' id='word_1_284' title='bbox 1617 2196 1651 2256; x_wconf 88' lang='lat' dir='ltr'>et</span> <span class='ocrx_word' id='word_1_285' title='bbox 1665 2208 1725 2256; x_wconf 83' lang='lat' dir='ltr'>aa·</span> 
     </span>
     <span class='ocr_line' id='line_1_58' title="bbox 923 2287 1722 2369; baseline 0.009 -24"><span class='ocrx_word' id='word_1_286' title='bbox 923 2287 1056 2360; x_wconf 80' lang='lat' dir='ltr'>piciens</span> <span class='ocrx_word' id='word_1_287' title='bbox 1076 2287 1175 2349; x_wconf 83' lang='lat' dir='ltr'>retro</span> <span class='ocrx_word' id='word_1_288' title='bbox 1196 2290 1300 2363; x_wconf 84' lang='lat' dir='ltr'>optas</span> <span class='ocrx_word' id='word_1_289' title='bbox 1322 2290 1374 2351; x_wconf 85' lang='lat' dir='ltr'>est</span> <span class='ocrx_word' id='word_1_290' title='bbox 1394 2305 1504 2367; x_wconf 82' lang='lat' dir='ltr'>rapae</span> <span class='ocrx_word' id='word_1_291' title='bbox 1523 2294 1596 2353; x_wconf 80' lang='lat' dir='ltr'>Det.</span> <span class='ocrx_word' id='word_1_292' title='bbox 1610 2293 1650 2352; x_wconf 83' lang='lat' dir='ltr'>Et</span> <span class='ocrx_word' id='word_1_293' title='bbox 1665 2289 1722 2369; x_wconf 85' lang='lat' dir='ltr'>qul</span> 
     </span>
    </p>
   </div>
   <div class='ocr_carea' id='block_1_14' title="bbox 921 2377 1725 2460">
    <p class='ocr_par' dir='ltr' id='par_1_15' title="bbox 921 2377 1725 2460">
     <span class='ocr_line' id='line_1_59' title="bbox 921 2377 1725 2460; baseline 0.01 -19"><span class='ocrx_word' id='word_1_294' title='bbox 921 2384 993 2458; x_wconf 88' lang='lat' dir='ltr'>jem</span> <span class='ocrx_word' id='word_1_295' title='bbox 1033 2384 1257 2459; x_wconf 87' lang='lat' dir='ltr'>promiserunt</span> <span class='ocrx_word' id='word_1_296' title='bbox 1291 2384 1535 2460; x_wconf 90' lang='lat' dir='ltr'>obedientiam,</span> <span class='ocrx_word' id='word_1_297' title='bbox 1578 2377 1725 2449; x_wconf 87' lang='lat' dir='ltr'>habeant</span> 
     </span>
    </p>
   </div>
   <div class='ocr_carea' id='block_1_15' title="bbox 920 2481 1727 3529">
    <p class='ocr_par' dir='ltr' id='par_1_16' title="bbox 920 2481 1727 3529">
     <span class='ocr_line' id='line_1_60' title="bbox 925 2481 1727 2559; baseline 0.006 -19"><span class='ocrx_word' id='word_1_298' title='bbox 925 2495 1025 2540; x_wconf 89' lang='lat' dir='ltr'>unam</span> <span class='ocrx_word' id='word_1_299' title='bbox 1049 2481 1197 2543; x_wconf 89' lang='lat' dir='ltr'>tunicam</span> <span class='ocrx_word' id='word_1_300' title='bbox 1221 2496 1296 2542; x_wconf 89' lang='lat' dir='ltr'>cum</span> <span class='ocrx_word' id='word_1_301' title='bbox 1313 2483 1464 2559; x_wconf 85' lang='lat' dir='ltr'>capucio,</span> <span class='ocrx_word' id='word_1_302' title='bbox 1480 2484 1514 2546; x_wconf 90' lang='lat' dir='ltr'>et</span> <span class='ocrx_word' id='word_1_303' title='bbox 1530 2484 1631 2546; x_wconf 91' lang='lat' dir='ltr'>aliem</span> <span class='ocrx_word' id='word_1_304' title='bbox 1652 2485 1727 2545; x_wconf 85' lang='lat' dir='ltr'>sine</span> 
     </span>
     <span class='ocr_line' id='line_1_61' title="bbox 925 2577 1727 2658; baseline 0.005 -20"><span class='ocrx_word' id='word_1_305' title='bbox 925 2577 1064 2654; x_wconf 90' lang='lat' dir='ltr'>capucio</span> <span class='ocrx_word' id='word_1_306' title='bbox 1077 2578 1133 2655; x_wconf 89' lang='lat' dir='ltr'>qui</span> <span class='ocrx_word' id='word_1_307' title='bbox 1147 2578 1316 2643; x_wconf 87' lang='lat' dir='ltr'>voluerint</span> <span class='ocrx_word' id='word_1_308' title='bbox 1330 2579 1466 2642; x_wconf 85' lang='lat' dir='ltr'>babere.</span> <span class='ocrx_word' id='word_1_309' title='bbox 1482 2581 1522 2643; x_wconf 86' lang='lat' dir='ltr'>Et</span> <span class='ocrx_word' id='word_1_310' title='bbox 1535 2581 1597 2658; x_wconf 85' lang='lat' dir='ltr'>qui</span> <span class='ocrx_word' id='word_1_311' title='bbox 1612 2594 1727 2643; x_wconf 87' lang='lat' dir='ltr'>neces·</span> 
     </span>
     <span class='ocr_line' id='line_1_62' title="bbox 925 2673 1725 2754; baseline 0.005 -20"><span class='ocrx_word' id='word_1_312' title='bbox 925 2673 1023 2735; x_wconf 87' lang='lat' dir='ltr'>sitata</span> <span class='ocrx_word' id='word_1_313' title='bbox 1067 2676 1233 2751; x_wconf 80' lang='lat' dir='ltr'>coguntur</span> <span class='ocrx_word' id='word_1_314' title='bbox 1264 2676 1396 2753; x_wconf 89' lang='lat' dir='ltr'>possint</span> <span class='ocrx_word' id='word_1_315' title='bbox 1426 2678 1562 2754; x_wconf 87' lang='lat' dir='ltr'>portare</span> <span class='ocrx_word' id='word_1_316' title='bbox 1597 2678 1725 2739; x_wconf 88' lang='lat' dir='ltr'>celcia-</span> 
     </span>
     <span class='ocr_line' id='line_1_63' title="bbox 924 2771 1724 2837; baseline 0.008 -6"><span class='ocrx_word' id='word_1_317' title='bbox 924 2773 1048 2833; x_wconf 87' lang='lat' dir='ltr'>menta.</span> <span class='ocrx_word' id='word_1_318' title='bbox 1061 2772 1101 2833; x_wconf 81' lang='lat' dir='ltr'>at</span> <span class='ocrx_word' id='word_1_319' title='bbox 1112 2771 1233 2833; x_wconf 85' lang='lat' dir='ltr'>tratres</span> <span class='ocrx_word' id='word_1_320' title='bbox 1248 2787 1363 2834; x_wconf 90' lang='lat' dir='ltr'>omnes</span> <span class='ocrx_word' id='word_1_321' title='bbox 1377 2774 1586 2836; x_wconf 90' lang='lat' dir='ltr'>vestimentis</span> <span class='ocrx_word' id='word_1_322' title='bbox 1598 2773 1724 2837; x_wconf 90' lang='lat' dir='ltr'>vilibus</span> 
     </span>
     <span class='ocr_line' id='line_1_64' title="bbox 924 2866 1723 2948; baseline 0.008 -21"><span class='ocrx_word' id='word_1_323' title='bbox 924 2866 1117 2941; x_wconf 90' lang='lat' dir='ltr'>induantur,</span> <span class='ocrx_word' id='word_1_324' title='bbox 1130 2869 1163 2930; x_wconf 92' lang='lat' dir='ltr'>et</span> <span class='ocrx_word' id='word_1_325' title='bbox 1176 2869 1304 2946; x_wconf 90' lang='lat' dir='ltr'>possint</span> <span class='ocrx_word' id='word_1_326' title='bbox 1314 2886 1353 2931; x_wconf 91' lang='lat' dir='ltr'>ee</span> <span class='ocrx_word' id='word_1_327' title='bbox 1366 2872 1535 2948; x_wconf 89' lang='lat' dir='ltr'>repetiere</span> <span class='ocrx_word' id='word_1_328' title='bbox 1549 2872 1589 2932; x_wconf 90' lang='lat' dir='ltr'>de</span> <span class='ocrx_word' id='word_1_329' title='bbox 1604 2870 1723 2942; x_wconf 88' lang='lat' dir='ltr'>saccis,</span> 
     </span>
     <span class='ocr_line' id='line_1_65' title="bbox 924 2964 1723 3042; baseline 0.006 -17"><span class='ocrx_word' id='word_1_330' title='bbox 924 2965 957 3026; x_wconf 91' lang='lat' dir='ltr'>et</span> <span class='ocrx_word' id='word_1_331' title='bbox 976 2964 1052 3026; x_wconf 91' lang='lat' dir='ltr'>aliis</span> <span class='ocrx_word' id='word_1_332' title='bbox 1076 2965 1175 3042; x_wconf 87' lang='lat' dir='ltr'>petiis</span> <span class='ocrx_word' id='word_1_333' title='bbox 1200 2982 1274 3027; x_wconf 91' lang='lat' dir='ltr'>oum</span> <span class='ocrx_word' id='word_1_334' title='bbox 1298 2965 1530 3030; x_wconf 86' lang='lat' dir='ltr'>benedictione</span> <span class='ocrx_word' id='word_1_335' title='bbox 1545 2969 1616 3030; x_wconf 91' lang='lat' dir='ltr'>Dei.</span> <span class='ocrx_word' id='word_1_336' title='bbox 1634 2971 1723 3041; x_wconf 87' lang='lat' dir='ltr'>Quos</span> 
     </span>
     <span class='ocr_line' id='line_1_66' title="bbox 924 3062 1725 3143; baseline 0.005 -21"><span class='ocrx_word' id='word_1_337' title='bbox 924 3077 1042 3123; x_wconf 91' lang='lat' dir='ltr'>moneo</span> <span class='ocrx_word' id='word_1_338' title='bbox 1058 3064 1091 3124; x_wconf 93' lang='lat' dir='ltr'>et</span> <span class='ocrx_word' id='word_1_339' title='bbox 1104 3062 1264 3125; x_wconf 80' lang='lat' dir='ltr'>exhortor</span> <span class='ocrx_word' id='word_1_340' title='bbox 1276 3077 1318 3124; x_wconf 92' lang='lat' dir='ltr'>ne</span> <span class='ocrx_word' id='word_1_341' title='bbox 1330 3064 1527 3142; x_wconf 89' lang='lat' dir='ltr'>despiciant,</span> <span class='ocrx_word' id='word_1_342' title='bbox 1544 3081 1651 3141; x_wconf 89' lang='lat' dir='ltr'>neque</span> <span class='ocrx_word' id='word_1_343' title='bbox 1664 3068 1725 3143; x_wconf 92' lang='lat' dir='ltr'>ju·</span> 
     </span>
     <span class='ocr_line' id='line_1_67' title="bbox 925 3158 1725 3237; baseline 0.008 -20"><span class='ocrx_word' id='word_1_344' title='bbox 925 3158 1035 3222; x_wconf 91' lang='lat' dir='ltr'>dicent</span> <span class='ocrx_word' id='word_1_345' title='bbox 1049 3159 1201 3221; x_wconf 89' lang='lat' dir='ltr'>homines</span> <span class='ocrx_word' id='word_1_346' title='bbox 1221 3176 1304 3237; x_wconf 87' lang='lat' dir='ltr'>quos</span> <span class='ocrx_word' id='word_1_347' title='bbox 1323 3159 1479 3221; x_wconf 90' lang='lat' dir='ltr'>mollibus</span> <span class='ocrx_word' id='word_1_348' title='bbox 1492 3161 1638 3223; x_wconf 86' lang='lat' dir='ltr'>viderint</span> <span class='ocrx_word' id='word_1_349' title='bbox 1652 3178 1725 3223; x_wconf 91' lang='lat' dir='ltr'>ves·</span> 
     </span>
     <span class='ocr_line' id='line_1_68' title="bbox 923 3256 1720 3331; baseline 0.005 -14"><span class='ocrx_word' id='word_1_350' title='bbox 923 3256 1083 3325; x_wconf 88' lang='lat' dir='ltr'>timentis,</span> <span class='ocrx_word' id='word_1_351' title='bbox 1100 3259 1134 3319; x_wconf 88' lang='lat' dir='ltr'>et</span> <span class='ocrx_word' id='word_1_352' title='bbox 1161 3256 1318 3319; x_wconf 89' lang='lat' dir='ltr'>coloratis</span> <span class='ocrx_word' id='word_1_353' title='bbox 1346 3257 1491 3331; x_wconf 86' lang='lat' dir='ltr'>indutos,</span> <span class='ocrx_word' id='word_1_354' title='bbox 1506 3259 1554 3320; x_wconf 92' lang='lat' dir='ltr'>uti</span> <span class='ocrx_word' id='word_1_355' title='bbox 1582 3258 1665 3320; x_wconf 89' lang='lat' dir='ltr'>cibis</span> <span class='ocrx_word' id='word_1_356' title='bbox 1686 3259 1720 3321; x_wconf 90' lang='lat' dir='ltr'>et</span> 
     </span>
     <span class='ocr_line' id='line_1_69' title="bbox 923 3352 1720 3435; baseline 0.004 -21"><span class='ocrx_word' id='word_1_357' title='bbox 923 3352 1055 3430; x_wconf 89' lang='lat' dir='ltr'>potibus</span> <span class='ocrx_word' id='word_1_358' title='bbox 1078 3353 1249 3429; x_wconf 80' lang='lat' dir='ltr'>deltaetis3</span> <span class='ocrx_word' id='word_1_359' title='bbox 1275 3355 1332 3415; x_wconf 90' lang='lat' dir='ltr'>sed</span> <span class='ocrx_word' id='word_1_360' title='bbox 1359 3355 1466 3432; x_wconf 78' lang='lat' dir='ltr'>magis</span> <span class='ocrx_word' id='word_1_361' title='bbox 1489 3356 1720 3435; x_wconf 86' lang='lat' dir='ltr'>unusquisque</span> 
     </span>
     <span class='ocr_line' id='line_1_70' title="bbox 920 3450 1509 3529; baseline 0.005 -18"><span class='ocrx_word' id='word_1_362' title='bbox 920 3451 1047 3528; x_wconf 89' lang='lat' dir='ltr'>jndicet</span> <span class='ocrx_word' id='word_1_363' title='bbox 1059 3451 1092 3513; x_wconf 89' lang='lat' dir='ltr'>et</span> <span class='ocrx_word' id='word_1_364' title='bbox 1102 3450 1266 3529; x_wconf 90' lang='lat' dir='ltr'>despiciet</span> <span class='ocrx_word' id='word_1_365' title='bbox 1280 3451 1509 3529; x_wconf 90' lang='lat' dir='ltr'>semetipsum.</span> 
     </span>
    </p>
   </div>
   <div class='ocr_carea' id='block_1_16' title="bbox 1248 3612 1398 3673">
    <p class='ocr_par' dir='ltr' id='par_1_17' title="bbox 1248 3612 1398 3673">
     <span class='ocr_line' id='line_1_71' title="bbox 1248 3612 1398 3673; baseline -0.007 -1"><span class='ocrx_word' id='word_1_366' title='bbox 1248 3612 1326 3673; x_wconf 74' lang='lat' dir='ltr'>Cae.</span> <span class='ocrx_word' id='word_1_367' title='bbox 1340 3614 1398 3672; x_wconf 83' lang='grc' dir='ltr'><strong>ΙΙΙ.</strong></span> 
     </span>
    </p>
   </div>
   <div class='ocr_carea' id='block_1_17' title="bbox 921 3741 1723 4209">
    <p class='ocr_par' dir='ltr' id='par_1_18' title="bbox 921 3741 1723 4209">
     <span class='ocr_line' id='line_1_72' title="bbox 963 3741 1723 3807; baseline 0.005 -4"><span class='ocrx_word' id='word_1_368' title='bbox 963 3741 1084 3805; x_wconf 87' lang='lat' dir='ltr'>Clerici</span> <span class='ocrx_word' id='word_1_369' title='bbox 1094 3742 1374 3805; x_wconf 86' lang='lat' dir='ltr'>laciantdivinum</span> <span class='ocrx_word' id='word_1_370' title='bbox 1385 3742 1531 3805; x_wconf 84' lang='lat' dir='ltr'>officium</span> <span class='ocrx_word' id='word_1_371' title='bbox 1540 3744 1723 3807; x_wconf 90' lang='lat' dir='ltr'>secundum</span> 
     </span>
     <span class='ocr_line' id='line_1_73' title="bbox 923 3839 1722 3917; baseline 0.004 -17"><span class='ocrx_word' id='word_1_372' title='bbox 923 3839 1074 3900; x_wconf 90' lang='lat' dir='ltr'>ordinem</span> <span class='ocrx_word' id='word_1_373' title='bbox 1088 3841 1211 3901; x_wconf 89' lang='lat' dir='ltr'>sanotae</span> <span class='ocrx_word' id='word_1_374' title='bbox 1225 3843 1383 3901; x_wconf 87' lang='lat' dir='ltr'>Romanae</span> <span class='ocrx_word' id='word_1_375' title='bbox 1402 3840 1570 3914; x_wconf 84' lang='lat' dir='ltr'>Ecclesiae,</span> <span class='ocrx_word' id='word_1_376' title='bbox 1582 3841 1722 3917; x_wconf 85' lang='lat' dir='ltr'>excepto</span> 
     </span>
     <span class='ocr_line' id='line_1_74' title="bbox 922 3935 1721 4014; baseline 0.001 -18"><span class='ocrx_word' id='word_1_377' title='bbox 922 3936 1093 4012; x_wconf 88' lang='lat' dir='ltr'>psalterio,</span> <span class='ocrx_word' id='word_1_378' title='bbox 1108 3951 1151 3997; x_wconf 83' lang='lat' dir='ltr'>ex</span> <span class='ocrx_word' id='word_1_379' title='bbox 1164 3952 1228 4013; x_wconf 90' lang='lat' dir='ltr'>quo</span> <span class='ocrx_word' id='word_1_380' title='bbox 1240 3935 1363 3998; x_wconf 88' lang='lat' dir='ltr'>hebere</span> <span class='ocrx_word' id='word_1_381' title='bbox 1374 3938 1529 4014; x_wconf 89' lang='lat' dir='ltr'>poterunt</span> <span class='ocrx_word' id='word_1_382' title='bbox 1537 3936 1721 4000; x_wconf 87' lang='lat' dir='ltr'>breviaria.</span> 
     </span>
     <span class='ocr_line' id='line_1_75' title="bbox 921 4033 1723 4112; baseline 0.001 -18"><span class='ocrx_word' id='word_1_383' title='bbox 921 4033 1015 4095; x_wconf 87' lang='lat' dir='ltr'>Leici</span> <span class='ocrx_word' id='word_1_384' title='bbox 1052 4048 1132 4096; x_wconf 87' lang='lat' dir='ltr'>vero</span> <span class='ocrx_word' id='word_1_385' title='bbox 1159 4034 1272 4096; x_wconf 89' lang='lat' dir='ltr'>dicant</span> <span class='ocrx_word' id='word_1_386' title='bbox 1297 4034 1419 4110; x_wconf 80' lang='lat' dir='ltr'>viginti</span> <span class='ocrx_word' id='word_1_387' title='bbox 1446 4034 1589 4112; x_wconf 81' lang='lat' dir='ltr'>quatuor</span> <span class='ocrx_word' id='word_1_388' title='bbox 1611 4035 1723 4096; x_wconf 81' lang='lat' dir='ltr'>Pater</span> 
     </span>
     <span class='ocr_line' id='line_1_76' title="bbox 921 4131 1718 4209; baseline 0.004 -19"><span class='ocrx_word' id='word_1_389' title='bbox 921 4131 1041 4193; x_wconf 81' lang='lat' dir='ltr'>raoster</span> <span class='ocrx_word' id='word_1_390' title='bbox 1054 4146 1115 4208; x_wconf 93' lang='lat' dir='ltr'>pro</span> <span class='ocrx_word' id='word_1_391' title='bbox 1129 4131 1304 4204; x_wconf 87' lang='lat' dir='ltr'>matutino,</span> <span class='ocrx_word' id='word_1_392' title='bbox 1318 4148 1378 4209; x_wconf 90' lang='lat' dir='ltr'>pro</span> <span class='ocrx_word' id='word_1_393' title='bbox 1389 4131 1543 4193; x_wconf 90' lang='lat' dir='ltr'>laudibus</span> <span class='ocrx_word' id='word_1_394' title='bbox 1561 4131 1718 4209; x_wconf 89' lang='lat' dir='ltr'>quinque,</span> 
     </span>
    </p>
   </div>
   <div class='ocr_carea' id='block_1_18' title="bbox 76 4227 1723 5667">
    <p class='ocr_par' dir='ltr' id='par_1_19' title="bbox 76 4227 1723 5667">
     <span class='ocr_line' id='line_1_77' title="bbox 84 4227 1723 4307; baseline 0.006 -25"><span class='ocrx_word' id='word_1_395' title='bbox 84 4238 150 4285; x_wconf 88' lang='lat' dir='ltr'>suos</span> <span class='ocrx_word' id='word_1_396' title='bbox 162 4228 334 4291; x_wconf 88' lang='lat' dir='ltr'>ministros</span> <span class='ocrx_word' id='word_1_397' title='bbox 350 4228 583 4304; x_wconf 81' lang='lat' dir='ltr'>provinciales,</span> <span class='ocrx_word' id='word_1_398' title='bbox 604 4228 724 4306; x_wconf 86' lang='lat' dir='ltr'>quibus</span> <span class='ocrx_word' id='word_1_399' title='bbox 741 4230 868 4291; x_wconf 91' lang='lat' dir='ltr'>solum·</span> <span class='ocrx_word' id='word_1_400' title='bbox 922 4243 982 4304; x_wconf 90' lang='lat' dir='ltr'>pro</span> <span class='ocrx_word' id='word_1_401' title='bbox 995 4228 1113 4305; x_wconf 88' lang='lat' dir='ltr'>prime,</span> <span class='ocrx_word' id='word_1_402' title='bbox 1127 4229 1239 4301; x_wconf 86' lang='lat' dir='ltr'>tertie,</span> <span class='ocrx_word' id='word_1_403' title='bbox 1253 4230 1360 4302; x_wconf 77' lang='lat' dir='ltr'>sexta,</span> <span class='ocrx_word' id='word_1_404' title='bbox 1377 4242 1479 4301; x_wconf 90' lang='lat' dir='ltr'>nona,</span> <span class='ocrx_word' id='word_1_405' title='bbox 1494 4244 1555 4306; x_wconf 90' lang='lat' dir='ltr'>pro</span> <span class='ocrx_word' id='word_1_406' title='bbox 1574 4227 1723 4307; x_wconf 83' lang='lat' dir='ltr'>quelibet</span> 
     </span>
     <span class='ocr_line' id='line_1_78' title="bbox 83 4322 1722 4404; baseline 0.005 -24"><span class='ocrx_word' id='word_1_407' title='bbox 83 4322 165 4384; x_wconf 90' lang='lat' dir='ltr'>modo</span> <span class='ocrx_word' id='word_1_408' title='bbox 179 4329 211 4388; x_wconf 91' lang='lat' dir='ltr'>et</span> <span class='ocrx_word' id='word_1_409' title='bbox 224 4341 295 4386; x_wconf 90' lang='lat' dir='ltr'>non</span> <span class='ocrx_word' id='word_1_410' title='bbox 310 4325 399 4398; x_wconf 90' lang='lat' dir='ltr'>aliis,</span> <span class='ocrx_word' id='word_1_411' title='bbox 416 4325 536 4387; x_wconf 84' lang='lat' dir='ltr'>tratres</span> <span class='ocrx_word' id='word_1_412' title='bbox 555 4325 739 4404; x_wconf 89' lang='lat' dir='ltr'>recipiendi</span> <span class='ocrx_word' id='word_1_413' title='bbox 759 4326 867 4388; x_wconf 89' lang='lat' dir='ltr'>licen·</span> <span class='ocrx_word' id='word_1_414' title='bbox 919 4325 1062 4386; x_wconf 89' lang='lat' dir='ltr'>istarum</span> <span class='ocrx_word' id='word_1_415' title='bbox 1075 4326 1210 4402; x_wconf 90' lang='lat' dir='ltr'>septem,</span> <span class='ocrx_word' id='word_1_416' title='bbox 1228 4342 1287 4403; x_wconf 89' lang='lat' dir='ltr'>pro</span> <span class='ocrx_word' id='word_1_417' title='bbox 1302 4327 1453 4403; x_wconf 86' lang='lat' dir='ltr'>vesperis</span> <span class='ocrx_word' id='word_1_418' title='bbox 1463 4326 1574 4387; x_wconf 90' lang='lat' dir='ltr'>eutem</span> <span class='ocrx_word' id='word_1_419' title='bbox 1590 4325 1722 4388; x_wconf 85' lang='lat' dir='ltr'>duode-</span> 
     </span>
     <span class='ocr_line' id='line_1_79' title="bbox 83 4417 1723 4500; baseline 0.005 -22"><span class='ocrx_word' id='word_1_420' title='bbox 83 4417 122 4479; x_wconf 88' lang='lat' dir='ltr'>tla</span> <span class='ocrx_word' id='word_1_421' title='bbox 147 4424 363 4485; x_wconf 88' lang='lat' dir='ltr'>concedatur.</span> <span class='ocrx_word' id='word_1_422' title='bbox 393 4423 540 4485; x_wconf 88' lang='lat' dir='ltr'>Ministri</span> <span class='ocrx_word' id='word_1_423' title='bbox 569 4438 648 4484; x_wconf 88' lang='lat' dir='ltr'>vero</span> <span class='ocrx_word' id='word_1_424' title='bbox 685 4423 867 4500; x_wconf 82' lang='lat' dir='ltr'>diligenter</span> <span class='ocrx_word' id='word_1_425' title='bbox 921 4421 1074 4499; x_wconf 82' lang='lat' dir='ltr'>cim3pro</span> <span class='ocrx_word' id='word_1_426' title='bbox 1085 4422 1300 4499; x_wconf 90' lang='lat' dir='ltr'>completorio</span> <span class='ocrx_word' id='word_1_427' title='bbox 1309 4423 1658 4500; x_wconf 88' lang='lat' dir='ltr'>septem,etorentpro</span> <span class='ocrx_word' id='word_1_428' title='bbox 1669 4422 1723 4486; x_wconf 74' lang='lat' dir='ltr'>de·</span> 
     </span>
     <span class='ocr_line' id='line_1_80' title="bbox 81 4517 1723 4596; baseline 0.004 -21"><span class='ocrx_word' id='word_1_429' title='bbox 81 4519 261 4582; x_wconf 82' lang='lat' dir='ltr'>examinent</span> <span class='ocrx_word' id='word_1_430' title='bbox 275 4535 334 4581; x_wconf 89' lang='lat' dir='ltr'>eos</span> <span class='ocrx_word' id='word_1_431' title='bbox 348 4520 458 4582; x_wconf 84' lang='lat' dir='ltr'>dende</span> <span class='ocrx_word' id='word_1_432' title='bbox 473 4520 638 4582; x_wconf 90' lang='lat' dir='ltr'>catholice</span> <span class='ocrx_word' id='word_1_433' title='bbox 650 4520 683 4582; x_wconf 89' lang='lat' dir='ltr'>et</span> <span class='ocrx_word' id='word_1_434' title='bbox 693 4520 868 4582; x_wconf 88' lang='lat' dir='ltr'>ecclesias·</span> <span class='ocrx_word' id='word_1_435' title='bbox 920 4517 1055 4580; x_wconf 85' lang='lat' dir='ltr'>iunctis.</span> <span class='ocrx_word' id='word_1_436' title='bbox 1066 4521 1106 4581; x_wconf 82' lang='lat' dir='ltr'>ut</span> <span class='ocrx_word' id='word_1_437' title='bbox 1115 4521 1270 4596; x_wconf 87' lang='lat' dir='ltr'>jejunent</span> <span class='ocrx_word' id='word_1_438' title='bbox 1283 4535 1303 4580; x_wconf 91' lang='lat' dir='ltr'>e</span> <span class='ocrx_word' id='word_1_439' title='bbox 1314 4519 1398 4582; x_wconf 83' lang='lat' dir='ltr'>testo</span> <span class='ocrx_word' id='word_1_440' title='bbox 1412 4519 1567 4582; x_wconf 89' lang='lat' dir='ltr'>Omnium</span> <span class='ocrx_word' id='word_1_441' title='bbox 1581 4520 1723 4582; x_wconf 85' lang='lat' dir='ltr'>Sancto-</span> 
     </span>
     <span class='ocr_line' id='line_1_81' title="bbox 81 4611 1721 4693; baseline 0.005 -24"><span class='ocrx_word' id='word_1_442' title='bbox 81 4611 145 4674; x_wconf 87' lang='lat' dir='ltr'>ticis</span> <span class='ocrx_word' id='word_1_443' title='bbox 159 4617 391 4678; x_wconf 88' lang='lat' dir='ltr'>sacramentis.</span> <span class='ocrx_word' id='word_1_444' title='bbox 417 4617 486 4679; x_wconf 87' lang='lat' dir='ltr'>Etsi</span> <span class='ocrx_word' id='word_1_445' title='bbox 499 4616 695 4679; x_wconf 88' lang='lat' dir='ltr'>haecomnia</span> <span class='ocrx_word' id='word_1_446' title='bbox 716 4618 865 4691; x_wconf 88' lang='lat' dir='ltr'>credant,</span> <span class='ocrx_word' id='word_1_447' title='bbox 920 4615 1391 4693; x_wconf 84' lang='lat' dir='ltr'>rum,usqueedNativitatem</span> <span class='ocrx_word' id='word_1_448' title='bbox 1404 4617 1550 4678; x_wconf 90' lang='lat' dir='ltr'>Domini.</span> <span class='ocrx_word' id='word_1_449' title='bbox 1564 4618 1721 4679; x_wconf 88' lang='lat' dir='ltr'>Sanctam</span> 
     </span>
     <span class='ocr_line' id='line_1_82' title="bbox 80 4709 1723 4792; baseline 0.004 -24"><span class='ocrx_word' id='word_1_450' title='bbox 80 4709 109 4770; x_wconf 91' lang='lat' dir='ltr'>et</span> <span class='ocrx_word' id='word_1_451' title='bbox 119 4712 217 4776; x_wconf 89' lang='lat' dir='ltr'>velint</span> <span class='ocrx_word' id='word_1_452' title='bbox 230 4730 272 4776; x_wconf 88' lang='lat' dir='ltr'>ea</span> <span class='ocrx_word' id='word_1_453' title='bbox 302 4712 446 4776; x_wconf 84' lang='lat' dir='ltr'>fideliter</span> <span class='ocrx_word' id='word_1_454' title='bbox 469 4714 632 4787; x_wconf 82' lang='lat' dir='ltr'>confiteri,</span> <span class='ocrx_word' id='word_1_455' title='bbox 661 4718 695 4776; x_wconf 91' lang='lat' dir='ltr'>et</span> <span class='ocrx_word' id='word_1_456' title='bbox 709 4730 814 4792; x_wconf 85' lang='lat' dir='ltr'>usque</span> <span class='ocrx_word' id='word_1_457' title='bbox 829 4715 865 4776; x_wconf 90' lang='lat' dir='ltr'>in</span> <span class='ocrx_word' id='word_1_458' title='bbox 919 4713 1723 4791; x_wconf 78' lang='lat' dir='ltr'>veroQuadragesimemquaeincipitebEpipha-</span> 
     </span>
     <span class='ocr_line' id='line_1_83' title="bbox 81 4804 1720 4888; baseline 0.005 -23"><span class='ocrx_word' id='word_1_459' title='bbox 81 4804 167 4869; x_wconf 87' lang='lat' dir='ltr'>tlnem</span> <span class='ocrx_word' id='word_1_460' title='bbox 182 4811 323 4873; x_wconf 86' lang='lat' dir='ltr'>tirmiter</span> <span class='ocrx_word' id='word_1_461' title='bbox 336 4809 514 4873; x_wconf 88' lang='lat' dir='ltr'>observare</span> <span class='ocrx_word' id='word_1_462' title='bbox 532 4813 565 4873; x_wconf 94' lang='lat' dir='ltr'>et</span> <span class='ocrx_word' id='word_1_463' title='bbox 581 4827 703 4873; x_wconf 83' lang='lat' dir='ltr'>uxores</span> <span class='ocrx_word' id='word_1_464' title='bbox 719 4828 785 4875; x_wconf 92' lang='lat' dir='ltr'>non</span> <span class='ocrx_word' id='word_1_465' title='bbox 800 4811 865 4873; x_wconf 88' lang='lat' dir='ltr'>be·</span> <span class='ocrx_word' id='word_1_466' title='bbox 919 4809 1125 4882; x_wconf 90' lang='lat' dir='ltr'>nieDomini,</span> <span class='ocrx_word' id='word_1_467' title='bbox 1136 4825 1241 4887; x_wconf 88' lang='lat' dir='ltr'>usque</span> <span class='ocrx_word' id='word_1_468' title='bbox 1254 4810 1295 4870; x_wconf 92' lang='lat' dir='ltr'>ed</span> <span class='ocrx_word' id='word_1_469' title='bbox 1310 4810 1485 4873; x_wconf 88' lang='lat' dir='ltr'>continuos</span> <span class='ocrx_word' id='word_1_470' title='bbox 1499 4811 1720 4888; x_wconf 78' lang='lat' dir='ltr'>quadraginta</span> 
     </span>
     <span class='ocr_line' id='line_1_84' title="bbox 80 4900 1720 4986; baseline 0.004 -23"><span class='ocrx_word' id='word_1_471' title='bbox 80 4900 177 4980; x_wconf 79' lang='lat' dir='ltr'>baem,</span> <span class='ocrx_word' id='word_1_472' title='bbox 195 4908 248 4970; x_wconf 90' lang='lat' dir='ltr'>vel</span> <span class='ocrx_word' id='word_1_473' title='bbox 265 4908 294 4969; x_wconf 90' lang='lat' dir='ltr'>si</span> <span class='ocrx_word' id='word_1_474' title='bbox 316 4907 451 4982; x_wconf 90' lang='lat' dir='ltr'>habent,</span> <span class='ocrx_word' id='word_1_475' title='bbox 474 4908 507 4970; x_wconf 90' lang='lat' dir='ltr'>et</span> <span class='ocrx_word' id='word_1_476' title='bbox 534 4909 774 4972; x_wconf 90' lang='lat' dir='ltr'>monesterium</span> <span class='ocrx_word' id='word_1_477' title='bbox 793 4910 865 4986; x_wconf 90' lang='lat' dir='ltr'>jam</span> <span class='ocrx_word' id='word_1_478' title='bbox 919 4907 1001 4979; x_wconf 86' lang='lat' dir='ltr'>dies,</span> <span class='ocrx_word' id='word_1_479' title='bbox 1019 4922 1119 4984; x_wconf 88' lang='lat' dir='ltr'>quam</span> <span class='ocrx_word' id='word_1_480' title='bbox 1129 4907 1289 4968; x_wconf 91' lang='lat' dir='ltr'>Dominus</span> <span class='ocrx_word' id='word_1_481' title='bbox 1302 4922 1361 4969; x_wconf 90' lang='lat' dir='ltr'>suo</span> <span class='ocrx_word' id='word_1_482' title='bbox 1377 4909 1492 4969; x_wconf 88' lang='lat' dir='ltr'>sancto</span> <span class='ocrx_word' id='word_1_483' title='bbox 1498 4908 1628 4984; x_wconf 85' lang='lat' dir='ltr'>jejunio</span> <span class='ocrx_word' id='word_1_484' title='bbox 1644 4924 1720 4970; x_wconf 91' lang='lat' dir='ltr'>con·</span> 
     </span>
     <span class='ocr_line' id='line_1_85' title="bbox 80 4998 1721 5080; baseline 0.004 -21"><span class='ocrx_word' id='word_1_485' title='bbox 80 4998 280 5078; x_wconf 88' lang='lat' dir='ltr'>intraverint,</span> <span class='ocrx_word' id='word_1_486' title='bbox 292 5021 427 5078; x_wconf 79' lang='lat' dir='ltr'>uxores,</span> <span class='ocrx_word' id='word_1_487' title='bbox 442 5005 494 5066; x_wconf 91' lang='lat' dir='ltr'>vel</span> <span class='ocrx_word' id='word_1_488' title='bbox 510 5005 679 5071; x_wconf 89' lang='lat' dir='ltr'>licentiam</span> <span class='ocrx_word' id='word_1_489' title='bbox 695 5005 745 5069; x_wconf 90' lang='lat' dir='ltr'>eis</span> <span class='ocrx_word' id='word_1_490' title='bbox 760 5006 864 5067; x_wconf 88' lang='lat' dir='ltr'>dede·</span> <span class='ocrx_word' id='word_1_491' title='bbox 919 5003 1074 5075; x_wconf 86' lang='lat' dir='ltr'>secrevit,</span> <span class='ocrx_word' id='word_1_492' title='bbox 1092 5003 1149 5079; x_wconf 85' lang='lat' dir='ltr'>qui</span> <span class='ocrx_word' id='word_1_493' title='bbox 1175 5003 1364 5065; x_wconf 86' lang='lat' dir='ltr'>voluntarie</span> <span class='ocrx_word' id='word_1_494' title='bbox 1389 5019 1463 5065; x_wconf 88' lang='lat' dir='ltr'>eam</span> <span class='ocrx_word' id='word_1_495' title='bbox 1480 5003 1646 5080; x_wconf 85' lang='lat' dir='ltr'>jejunent,</span> <span class='ocrx_word' id='word_1_496' title='bbox 1660 5002 1721 5065; x_wconf 89' lang='lat' dir='ltr'>be·</span> 
     </span>
     <span class='ocr_line' id='line_1_86' title="bbox 79 5097 1721 5179; baseline 0.005 -24"><span class='ocrx_word' id='word_1_497' title='bbox 79 5097 148 5170; x_wconf 89' lang='lat' dir='ltr'>rint,</span> <span class='ocrx_word' id='word_1_498' title='bbox 173 5103 376 5164; x_wconf 87' lang='lat' dir='ltr'>auctoritate</span> <span class='ocrx_word' id='word_1_499' title='bbox 404 5101 584 5163; x_wconf 88' lang='lat' dir='ltr'>dioeoeseni</span> <span class='ocrx_word' id='word_1_500' title='bbox 612 5102 760 5179; x_wconf 86' lang='lat' dir='ltr'>episcopi</span> <span class='ocrx_word' id='word_1_501' title='bbox 788 5104 864 5166; x_wconf 90' lang='lat' dir='ltr'>voto</span> <span class='ocrx_word' id='word_1_502' title='bbox 920 5100 1042 5163; x_wconf 88' lang='lat' dir='ltr'>nedicti</span> <span class='ocrx_word' id='word_1_503' title='bbox 1066 5099 1174 5161; x_wconf 90' lang='lat' dir='ltr'>sinte</span> <span class='ocrx_word' id='word_1_504' title='bbox 1199 5100 1351 5173; x_wconf 92' lang='lat' dir='ltr'>Domino,</span> <span class='ocrx_word' id='word_1_505' title='bbox 1381 5101 1415 5162; x_wconf 91' lang='lat' dir='ltr'>et</span> <span class='ocrx_word' id='word_1_506' title='bbox 1439 5100 1495 5177; x_wconf 86' lang='lat' dir='ltr'>qui</span> <span class='ocrx_word' id='word_1_507' title='bbox 1516 5100 1634 5162; x_wconf 90' lang='lat' dir='ltr'>nolunt</span> <span class='ocrx_word' id='word_1_508' title='bbox 1653 5116 1721 5163; x_wconf 90' lang='lat' dir='ltr'>non</span> 
     </span>
     <span class='ocr_line' id='line_1_87' title="bbox 78 5195 1722 5276; baseline 0.003 -23"><span class='ocrx_word' id='word_1_509' title='bbox 78 5197 281 5261; x_wconf 85' lang='lat' dir='ltr'>continentiae</span> <span class='ocrx_word' id='word_1_510' title='bbox 291 5202 363 5276; x_wconf 88' lang='lat' dir='ltr'>jem</span> <span class='ocrx_word' id='word_1_511' title='bbox 374 5200 506 5271; x_wconf 90' lang='lat' dir='ltr'>emisso,</span> <span class='ocrx_word' id='word_1_512' title='bbox 520 5203 553 5261; x_wconf 92' lang='lat' dir='ltr'>et</span> <span class='ocrx_word' id='word_1_513' title='bbox 566 5199 659 5260; x_wconf 90' lang='lat' dir='ltr'>illius</span> <span class='ocrx_word' id='word_1_514' title='bbox 676 5199 744 5260; x_wconf 91' lang='lat' dir='ltr'>sint</span> <span class='ocrx_word' id='word_1_515' title='bbox 756 5199 864 5261; x_wconf 89' lang='lat' dir='ltr'>aetatis</span> <span class='ocrx_word' id='word_1_516' title='bbox 919 5197 997 5258; x_wconf 89' lang='lat' dir='ltr'>sunt</span> <span class='ocrx_word' id='word_1_517' title='bbox 1021 5195 1193 5271; x_wconf 79' lang='lat' dir='ltr'>adstricti3</span> <span class='ocrx_word' id='word_1_518' title='bbox 1211 5196 1269 5258; x_wconf 89' lang='lat' dir='ltr'>sed</span> <span class='ocrx_word' id='word_1_519' title='bbox 1293 5196 1392 5259; x_wconf 89' lang='lat' dir='ltr'>etiam</span> <span class='ocrx_word' id='word_1_520' title='bbox 1407 5211 1511 5273; x_wconf 85' lang='lat' dir='ltr'>usque</span> <span class='ocrx_word' id='word_1_521' title='bbox 1530 5195 1572 5256; x_wconf 90' lang='lat' dir='ltr'>ad</span> <span class='ocrx_word' id='word_1_522' title='bbox 1594 5198 1722 5259; x_wconf 84' lang='lat' dir='ltr'>Resur-</span> 
     </span>
     <span class='ocr_line' id='line_1_88' title="bbox 78 5292 1715 5374; baseline 0.004 -23"><span class='ocrx_word' id='word_1_523' title='bbox 78 5305 202 5368; x_wconf 81' lang='lat' dir='ltr'>axores,</span> <span class='ocrx_word' id='word_1_524' title='bbox 220 5296 308 5373; x_wconf 88' lang='lat' dir='ltr'>quod</span> <span class='ocrx_word' id='word_1_525' title='bbox 324 5312 390 5358; x_wconf 91' lang='lat' dir='ltr'>non</span> <span class='ocrx_word' id='word_1_526' title='bbox 412 5296 518 5374; x_wconf 89' lang='lat' dir='ltr'>possit</span> <span class='ocrx_word' id='word_1_527' title='bbox 534 5296 574 5358; x_wconf 90' lang='lat' dir='ltr'>de</span> <span class='ocrx_word' id='word_1_528' title='bbox 589 5296 732 5358; x_wconf 89' lang='lat' dir='ltr'>eisoriri</span> <span class='ocrx_word' id='word_1_529' title='bbox 748 5296 863 5374; x_wconf 89' lang='lat' dir='ltr'>suspi-</span> <span class='ocrx_word' id='word_1_530' title='bbox 919 5294 1100 5355; x_wconf 89' lang='lat' dir='ltr'>rectionem</span> <span class='ocrx_word' id='word_1_531' title='bbox 1132 5294 1262 5356; x_wconf 87' lang='lat' dir='ltr'>Domini</span> <span class='ocrx_word' id='word_1_532' title='bbox 1290 5293 1454 5372; x_wconf 84' lang='lat' dir='ltr'>jejunent.</span> <span class='ocrx_word' id='word_1_533' title='bbox 1487 5292 1570 5353; x_wconf 81' lang='lat' dir='ltr'>Aliis</span> <span class='ocrx_word' id='word_1_534' title='bbox 1604 5295 1715 5359; x_wconf 87' lang='lat' dir='ltr'>eutem</span> 
     </span>
     <span class='ocr_line' id='line_1_89' title="bbox 77 5387 1718 5470; baseline 0.005 -25"><span class='ocrx_word' id='word_1_535' title='bbox 77 5387 133 5460; x_wconf 91' lang='lat' dir='ltr'>cio,</span> <span class='ocrx_word' id='word_1_536' title='bbox 157 5391 273 5454; x_wconf 90' lang='lat' dir='ltr'>dicent</span> <span class='ocrx_word' id='word_1_537' title='bbox 291 5392 361 5455; x_wconf 89' lang='lat' dir='ltr'>illis</span> <span class='ocrx_word' id='word_1_538' title='bbox 384 5392 523 5456; x_wconf 88' lang='lat' dir='ltr'>verbum</span> <span class='ocrx_word' id='word_1_539' title='bbox 551 5393 658 5456; x_wconf 89' lang='lat' dir='ltr'>sancti</span> <span class='ocrx_word' id='word_1_540' title='bbox 678 5393 863 5470; x_wconf 78' lang='lat' dir='ltr'>Evangelii,</span> <span class='ocrx_word' id='word_1_541' title='bbox 919 5390 1123 5468; x_wconf 90' lang='lat' dir='ltr'>temporibus</span> <span class='ocrx_word' id='word_1_542' title='bbox 1138 5407 1206 5463; x_wconf 87' lang='lat' dir='ltr'>non</span> <span class='ocrx_word' id='word_1_543' title='bbox 1219 5392 1397 5452; x_wconf 87' lang='lat' dir='ltr'>teneantur</span> <span class='ocrx_word' id='word_1_544' title='bbox 1411 5390 1532 5450; x_wconf 84' lang='lat' dir='ltr'>iratres</span> <span class='ocrx_word' id='word_1_545' title='bbox 1544 5389 1611 5451; x_wconf 87' lang='lat' dir='ltr'>nisi</span> <span class='ocrx_word' id='word_1_546' title='bbox 1631 5389 1718 5455; x_wconf 81' lang='lat' dir='ltr'>lenia</span> 
     </span>
     <span class='ocr_line' id='line_1_90' title="bbox 76 5485 1716 5566; baseline 0.004 -21"><span class='ocrx_word' id='word_1_547' title='bbox 76 5486 155 5560; x_wconf 83' lang='lat' dir='ltr'>quod</span> <span class='ocrx_word' id='word_1_548' title='bbox 176 5489 302 5553; x_wconf 88' lang='lat' dir='ltr'>vadant</span> <span class='ocrx_word' id='word_1_549' title='bbox 324 5492 358 5554; x_wconf 89' lang='lat' dir='ltr'>et</span> <span class='ocrx_word' id='word_1_550' title='bbox 381 5490 528 5553; x_wconf 89' lang='lat' dir='ltr'>vendant</span> <span class='ocrx_word' id='word_1_551' title='bbox 552 5489 665 5553; x_wconf 90' lang='lat' dir='ltr'>omnia</span> <span class='ocrx_word' id='word_1_552' title='bbox 691 5505 753 5552; x_wconf 89' lang='lat' dir='ltr'>sua</span> <span class='ocrx_word' id='word_1_553' title='bbox 777 5489 864 5553; x_wconf 89' lang='lat' dir='ltr'>bone</span> <span class='ocrx_word' id='word_1_554' title='bbox 918 5489 1198 5566; x_wconf 80' lang='lat' dir='ltr'>sextejejunare;</span> <span class='ocrx_word' id='word_1_555' title='bbox 1216 5489 1362 5565; x_wconf 88' lang='lat' dir='ltr'>tempore</span> <span class='ocrx_word' id='word_1_556' title='bbox 1375 5485 1716 5552; x_wconf 75' lang='lat' dir='ltr'>veromenilestaene</span> 
     </span>
     <span class='ocr_line' id='line_1_91' title="bbox 77 5582 1720 5667; baseline 0.007 -27"><span class='ocrx_word' id='word_1_557' title='bbox 77 5583 106 5641; x_wconf 87' lang='lat' dir='ltr'>et</span> <span class='ocrx_word' id='word_1_558' title='bbox 125 5600 164 5646; x_wconf 87' lang='lat' dir='ltr'>aa</span> <span class='ocrx_word' id='word_1_559' title='bbox 183 5586 342 5651; x_wconf 86' lang='lat' dir='ltr'>studeant</span> <span class='ocrx_word' id='word_1_560' title='bbox 366 5587 569 5667; x_wconf 87' lang='lat' dir='ltr'>pauperibus</span> <span class='ocrx_word' id='word_1_561' title='bbox 591 5602 742 5664; x_wconf 80' lang='lat' dir='ltr'>erogare.</span> <span class='ocrx_word' id='word_1_562' title='bbox 771 5587 862 5660; x_wconf 90' lang='lat' dir='ltr'>Quod</span> <span class='ocrx_word' id='word_1_563' title='bbox 918 5585 1083 5650; x_wconf 87' lang='lat' dir='ltr'>cessitatis</span> <span class='ocrx_word' id='word_1_564' title='bbox 1097 5602 1163 5648; x_wconf 93' lang='lat' dir='ltr'>non</span> <span class='ocrx_word' id='word_1_565' title='bbox 1172 5584 1349 5651; x_wconf 87' lang='lat' dir='ltr'>teneantur</span> <span class='ocrx_word' id='word_1_566' title='bbox 1364 5582 1484 5649; x_wconf 87' lang='lat' dir='ltr'>iratres</span> <span class='ocrx_word' id='word_1_567' title='bbox 1498 5585 1630 5663; x_wconf 76' lang='lat' dir='ltr'>jejunio</span> <span class='ocrx_word' id='word_1_568' title='bbox 1642 5602 1720 5653; x_wconf 86' lang='lat' dir='ltr'>cor-</span> 
     </span>
    </p>
   </div>
   <div class='ocr_carea' id='block_1_19' title="bbox 0 0 1962 6202">
    <p class='ocr_par' dir='ltr' id='par_1_20' title="bbox 0 0 1962 6202">
     <span class='ocr_line' id='line_1_92' title="bbox 0 0 1962 6202; baseline 0 0"><span class='ocrx_word' id='word_1_569' title='bbox 0 0 1962 6202; x_wconf 95' lang='lat' dir='ltr'> </span> 
     </span>
    </p>
   </div>
  </div>
 </body>
</html>
