4014 6224
118 284 171 349 m
734 289 962 377 uvrsronm.
985 293 1064 356 nm.
1087 294 1142 381 vr,
1692 293 1753 371 tm

1224 540 1228 549 ,
1275 463 1444 553 CLXXV
1567 530 1571 537 ι

990 612 1043 671 Ad
1062 610 1218 675 abbatem
1236 613 1270 676 at
1290 616 1497 681 conventum
1511 581 1717 701 caricampi,
1745 622 1751 633 ·

1154 711 1392 774 Cistarctaasis
1406 715 1548 777 ordinis.

117 457 200 507 mam
225 458 287 520 pro
316 444 451 521 negotio
477 445 706 523 albigensium
734 464 795 527 per
823 450 906 512 duos

117 541 287 618 sequentes
299 556 407 603 annos
433 543 563 619 integre
577 530 662 606 solvi
686 545 806 620 iacias,
822 562 906 610 con-

115 634 308 697 tradictores
341 635 734 701 districtione'oauonloa
758 650 905 718 compes·

115 730 231 805 cendo;
256 731 479 795 nihilominus
493 735 616 808 tamen,
637 737 904 800 commendantes

114 826 319 904 prudentiam
342 830 445 901 tuam,
472 830 558 906 quod
586 832 826 909 aquibusdam
846 851 905 896 ca·
1250 851 1458 913 ltmaiiliit.
1516 894 1520 909 .

114 922 220 1001 pitulis
231 939 323 986 anno
346 926 515 1001 praeterito
540 927 798 991 satisfactionem
813 933 904 992 aml—
988 969 1154 1034 fflffiffl,
1164 972 1207 1034 Ἡ,
1220 971 1294 1036 ,Μ
1304 972 1360 1023 m
1373 975 1432 1025 m
1446 975 1568 1025 mm
1576 974 1612 1025 d„
1623 973 1719 1040 ML]

114 1019 245 1083 malem
271 1034 335 1098 pro
360 1023 520 1085 vicesima
547 1026 717 1103 recepisti,
744 1030 905 1105 expedire

113 1114 283 1191 eredimus,
323 1120 362 1180 ut
393 1118 494 1180 etiam
518 1120 649 1189 duobus
688 1125 902 1202 sequemmus

113 1212 200 1273 anuis
227 1213 322 1275 area
348 1216 524 1278 universos
550 1218 583 1280 et
613 1219 762 1295 singulos
799 1220 903 1283 simili
963 1280 966 1286 ,
1174 1273 1180 1285 .
1306 1275 1312 1286 .
1386 1273 1392 1287 .
1429 1275 1437 1287 .
1474 1276 1480 1288 .

111 1308 199 1370 modo
213 1310 392 1386 procedas,
417 1315 604 1389 presertim
630 1317 659 1379 si
685 1317 748 1378 boc
772 1300 904 1381 solutu·
960 1388 965 1393 ‚
992 1278 1094 1344 ‘mm
1110 1273 1291 1344 mmmm
1305 1273 1549 1379 ¹¹h¹d¹⁰“⁸d¹⁰.‘¹⁰'

111 1405 153 1469 ris
179 1406 288 1483 ipsam
310 1407 505 1472 vicesimam
534 1412 660 1483 videris
681 1414 900 1492 complacere,
996 1406 1173 1481 Honorius,
1200 1410 1276 1481 eto,
1302 1404 1432 1475 dilectis
1464 1408 1542 1483 filiis
1574 1408 1686 1483 abbati
1714 1410 1750 1477 θ(

112 1516 177 1562 cum
191 1502 356 1566 vicesima
384 1506 457 1583 ipsa
473 1508 531 1569 vix
555 1509 602 1569 ita
624 1513 742 1573 exacta
767 1512 902 1583 ratione
956 1503 1133 1565 001¹V01¹iui
1149 1505 1345 1583 Germanioi,
1362 1506 1556 1585 cistercien,
1573 1507 1711 1573 ordinis·

112 1598 212 1662 valeat
225 1602 428 1679 computari,
442 1603 523 1680 quin
537 1609 708 1671 pemaneat
721 1609 900 1677 compton.
995 1602 1100 1675 Quum
1115 1599 1201 1662 Sicut
1216 1598 1403 1663 audivimus
1418 1604 1620 1697 mOliiiStet'lo
1634 1604 1747 1671 Vestri)

111 1693 161 1757 fia
180 1697 362 1773 scrupulus
377 1701 410 1763 et
422 1701 610 1767 animarum
633 1703 790 1769 timeam?
811 1706 902 1782 peri..
931 1722 932 1725 ’
954 1694 990 1755 ill
1009 1694 1130 1758 finibus
1146 1697 1340 1763 Ambianbll·
1361 1700 1395 1761 et
1412 1700 1574 1767 Moriuen,
1593 1699 1747 1763 dioecesis

37 1804 41 1815 ·
111 1792 210 1855 ouum
223 1794 417 1868 imminere,
442 1799 475 1861 et
490 1798 546 1871 uhi
560 1800 654 1865 tante
669 1801 844 1869 mullitudo
858 1804 895 1869 in
954 1794 1143 1864 constituto,
1166 1796 1305 1872 uterque
1328 1794 1594 1889 dioecesanorum
1611 1797 1647 1859 in
1670 1798 1747 1874 ipso

112 1902 202 1965 mma
223 1891 287 1964 0⁸1,
318 1893 478 1970 „pedm
499 1895 534 1959 ,g
558 1894 676 1963 ama
703 1898 898 1969 mustelam
930 1882 931 1885 ’
949 1889 1215 1965 jurisdictionem
1243 1891 1366 1963 habere
1390 1908 1425 1961 se
1448 1893 1588 1965 asserat,
1620 1893 1654 1955 et
1675 1892 1746 1974 tam

111 1986 284 2049 studiosius
312 1989 447 2065 evitari.
466 1993 587 2057 Datum
611 1993 729 2067 nlatri,
749 1997 810 2061 xv
828 1995 897 2063 gal,
930 1980 931 2009 ³
953 1985 1234 2058 auctoritatesua,
1256 2002 1354 2065 quam
1370 1982 1545 2057 occasione
1559 1989 1745 2055 litterarum

957 1092 1118 1153 adsedem
1137 1096 1459 1173 Apostolioamrevocat
1473 1086 1676 1165 monasterium
1693 1100 1746 1163 Ca-

991 1183 1120 1268 rioempl,
1137 1184 1228 1241 donec
1242 1184 1402 1243 discussum
1421 1184 1504 1244 illerlt
1521 1187 1655 1269 adquam
1670 1189 1746 1263 epis·

109 2082 192 2157 maii,
207 2098 298 2151 anuo
312 2087 422 2150 sexto.

953 2082 1155 2156 nostrarum,
1180 2083 1275 2149 vobIs
1298 2099 1533 2161 nonnunquam
1559 2085 1746 2151 molestiam

952 2176 1074 2241 inierat
1095 2179 1128 2242 et
1151 2196 1344 2257 gravamen,
1372 2181 1486 2259 sicque
1509 2181 1661 2244 distracti
1683 2196 1745 2243 vos

878 2335 880 2339 ,
953 2290 1160 2354 nequaquam
1187 2276 1349 2353 expedire
1377 2277 1527 2355 possitis,
1554 2293 1615 2349 nos
1641 2277 1745 2356 quieti

408 2372 596 2462 CLXXIV

266 2524 327 2584 Ad
344 2526 540 2599 episcopam
553 2527 725 2589 Martum.
840 2542 844 2549 ·

397 2654 430 2713 ll
444 2655 512 2712 maii
523 2656 605 2715 1222.

126 2770 303 2839 [Ram-..lib
315 2734 359 2836 Vl,
368 2774 443 2840 orm.
457 2776 514 2831 aar.
528 2778 586 2837 ua.
597 2779 635 2830 u·
645 2779 723 2839 ram
732 2779 768 2839 da
778 2779 872 2846 rnen]

110 2891 246 2966 Significat
263 2897 295 2954 ei
317 2911 353 2955 se
373 2897 409 2955 ed
423 2897 526 2957 &dem
545 2901 738 2974 apostolicam
760 2916 897 2961 remeare

137 2985 343 3043 massarium
357 2986 528 3060 cancampt,
541 2987 707 3062 inhibetque
716 2992 896 3064 neealquam

137 3072 269 3145 emscopo
282 3073 440 3132 imsndnut
452 3074 581 3134 elimat
594 3085 763 3145 conventas.
794 3075 799 3099 ²
820 3076 823 3082 “

141 3198 318 3270 Honorius,
335 3200 412 3273 etc,
430 3200 616 3263 venerabili
628 3200 725 3265 iratrl
740 3205 895 3289 episcopo

110 3290 260 3357 ldorinen.
565 3366 569 3371 ,
858 3316 861 3323 ’

143 3390 240 3460 Quum
261 3391 354 3454 sicut
371 3392 560 3456 andivimus
577 3396 781 3461 monasterio
800 3400 896 3460 cart·

110 3487 216 3564 campi,
241 3488 442 3551 cistercien.
467 3492 597 3555 ordinis
622 3493 658 3554 ln
684 3493 807 3556 linibus
827 3496 894 3559 tuae

109 3595 142 3641 ac
153 3584 349 3646 ambianen.
373 3586 554 3649 dioecesum
577 3591 766 3664 constituto,
788 3593 837 3664 tu,
862 3593 896 3655 et
927 3642 930 3651 ,

36 3742 42 3749 ,
108 3678 303 3743 venerabilis
318 3682 423 3745 irater
436 3687 587 3747 noster...
607 3684 804 3757 ambianen.
820 3688 894 3766 epl-

109 3788 215 3852 scopus
229 3780 392 3841 asseratis
410 3796 470 3842 vos
488 3783 612 3860 inipso
625 3784 893 3860 jurisdictionem
925 3778 931 3861 ¹,

108 3867 229 3946 hahere,
259 3877 297 3937 et
318 3877 386 3937 tam
412 3876 609 3951 auctoritate
639 3876 764 3953 vestra,
794 3896 892 3977 quam

108 3970 269 4034 occasione
296 3972 483 4035 litterarum
514 3976 704 4040 nostrarum
729 3978 780 4038 eis
808 3994 894 4041 non-

108 4076 263 4143 nunquam
278 4067 434 4131 inieratis
448 4060 635 4134 molestiam
650 4073 684 4135 ei
699 4088 890 4150 gravamen,
926 4068 930 4079 ¹

110 4164 210 4243 sicque
231 4170 337 4230 iidem
361 4169 464 4232 abbas
483 4172 516 4234 et
537 4176 720 4236 conventus
742 4174 892 4241 distracti

108 4274 307 4344 nequaquam
348 4282 385 4328 se
425 4268 561 4332 valeant
603 4271 789 4349 expedir03
830 4288 892 4341 nos
926 4284 929 4289 ⁴

108 4372 209 4423 eorum
229 4362 335 4441 quieti
348 4365 527 4441 providere
544 4360 703 4440 volentes,
723 4371 892 4432 monaste-

108 4454 183 4518 rium
214 4460 326 4537 ipsum
357 4462 398 4522 ad
427 4479 546 4524 manus
573 4465 710 4526 nostras
735 4465 890 4529 duximus

109 4551 337 4630 advocandum,
354 4559 387 4621 et
410 4558 514 4621 donec
538 4560 580 4621 ad
601 4576 699 4639 quem
726 4564 892 4639 pertineat

109 4646 281 4713 ‹liscussum
290 4652 618 4732 lueriiretinendum,
629 4657 819 4721 inhibentes
829 4661 891 4721 els-

108 4742 171 4807 dem
184 4765 225 4811 ne
239 4750 374 4812 interim
383 4752 537 4830 cuiquam
546 4757 694 4816 vestrum
704 4755 888 4819 intendant.

108 4840 236 4924 ideoque
271 4846 475 4912 fraternitati
502 4848 572 4914 tuae
606 4864 666 4929 per
699 4853 889 4930 apostolica

107 4942 218 5019 scripta
236 4945 446 5018 mandamus,
468 4947 630 5025 quatenus
650 4949 678 5009 si
693 4950 743 5011 est
763 4938 815 5011 ita‘
831 4963 888 5013 eos

107 5041 270 5103 occasione
307 5043 496 5120 hujusmodi
529 5044 621 5106 nulla
658 5044 887 5108 molestatione

107 5131 225 5212 fatiges,
251 5140 338 5200 sicut
360 5138 455 5201 nobis
478 5139 530 5202 vis
554 5142 700 5203 existere
723 5159 790 5204 non
811 5160 887 5205 mo·

106 5229 210 5293 leatus.
233 5238 351 5297 Datum
370 5237 487 5309 alatri,
508 5240 583 5301 xvi
607 5237 768 5301 kalendas
787 5241 884 5318 Junii,

106 5341 183 5391 anno
199 5333 303 5394 sexto.

140 5455 179 5515 ln
204 5459 361 5519 eumdem
386 5462 528 5523 modum
552 5458 713 5538 scriptum
742 5463 792 5525 est
815 5462 887 5543 epi-

107 5562 195 5627 scopo
207 5551 400 5617 ambianen.
475 5644 484 5665 ι

952 2372 1073 2433 vestrae
1099 2372 1275 2451 providere
1309 2373 1470 2447 volentes,
1506 2375 1745 2437 monasterium

951 2468 1101 2545 ipsumsi
1116 2470 1169 2532 est
1182 2469 1229 2531 ita
1245 2469 1285 2531 ad
1307 2486 1425 2530 manus
1439 2456 1577 2541 nostras
1587 2470 1743 2532 duximus

951 2564 1193 2642 advocandum3
1212 2566 1245 2629 et
1264 2565 1367 2629 donec
1388 2568 1429 2629 ad
1441 2562 1554 2645 'quem'
1566 2567 1744 2645 pertineat,

953 2658 1151 2741 [discussum
1174 2661 1275 2726 fuerit
1293 2662 1514 2743 retinendum]
1535 2663 1629 2727 vobis
1652 2679 1743 2741 prap-

951 2759 1092 2822 sentium
1104 2756 1325 2840 [auctoritate]
1335 2760 1523 2823 inhibentes
1533 2777 1575 2822 ne
1587 2761 1743 2838 cuiquam

950 2871 1064 2917 eorum
1092 2855 1225 2918 interim
1253 2857 1444 2919 intendatis.
1469 2858 1588 2925 natum
1616 2856 1739 2932 Alatri,

949 2950 1024 3013 XVI
1038 2951 1170 3013 kalend.
1182 2951 1283 3031 junii,
1300 2968 1387 3017 anno
1402 2954 1508 3016 sexto.
1542 3040 1552 3049 ⁶

948 3332 1003 3392 Act
1043 3294 1249 3394 &mamam
1287 3336 1483 3408 episcopam
1525 3290 1741 3409 Sapientem,

987 3432 1158 3501 majorem
1178 3432 1458 3492 arobtdmcona'm
1480 3434 1684 3494 Rememam
1707 3428 1746 3494 et

987 3527 1154 3588 decanum
1168 3529 1443 3588 ambianensem.

1242 3665 1278 3722 le
1286 3665 1355 3723 meti
1368 3667 1447 3724 im.

1102 3786 1477 3851 malmesmeriensis„
1488 3788 1520 3848 11,
1532 3788 1585 3854 ce]

947 3909 1065 3973 llnndm
1085 3910 1304 3969 malacitanam
1324 3911 1480 3971 ramboldi
1498 3911 1740 3987 dommagoum

981 3998 1098 4070 capituli
1105 3997 1274 4059 thesaurarii
1282 3998 1318 4059 ad
1327 4000 1602 4075 mchmpucopaturn
1610 4000 1739 4075 ejusdam

981 4087 1110 4149 ecclesie
1121 4090 1340 4165 examinentel,
1353 4090 1379 4146 si
1393 4089 1429 4147 sit
1440 4087 1477 4151 de
1490 4103 1614 4163 perman
1624 4090 1738 4163 idonea,

981 4188 1045 4232 eam
1058 4175 1238 4233 eonllrmem.

985 4300 1153 4363 Honorius
1163 4299 1348 4378 episcopus,
1359 4318 1475 4367 servus
1483 4319 1657 4367 servorum
1665 4305 1737 4375 Dei,

944 4395 1128 4457 venerabili
1150 4395 1245 4461 tratri
1267 4398 1421 4475 episcopo
1444 4399 1609 4475 sagiensi,
1633 4401 1666 4462 et
1686 4400 1742 4462 di-

944 4491 1039 4555 lectis
1063 4491 1141 4553 illlis
1165 4493 1285 4577 majori
1309 4493 1544 4559 archidiacono
1567 4497 1735 4570 Remensi,

944 4591 977 4651 et
1000 4588 1124 4651 decano
1144 4590 1370 4664 ambianensi,
1387 4592 1528 4655 salutem
1547 4593 1580 4655 et
1595 4597 1740 4671 aposto·
1810 4662 1815 4669 ,

943 4684 1042 4747 licam
1057 4685 1333 4749 benedictionem.

983 4779 1102 4843 Dilecti
1117 4780 1178 4842 lllii
1193 4779 1340 4849 decanus
1360 4785 1394 4846 et
1410 4783 1591 4862 capitulum
1610 4786 1739 4850 Retho-

943 4877 1110 4954 magensis
1130 4872 1280 4941 ecclesiae
1304 4878 1374 4941 suis
1396 4880 1492 4945 nobis
1511 4883 1631 4947 litteris
1651 4883 1735 4946 inti·

942 4976 1076 5036 marunt
1091 4973 1176 5051 quod
1194 4976 1337 5037 ecclesia
1353 4977 1501 5053 ipsorum
1515 4980 1659 5056 pastoris
1673 4995 1733 5042 so·

942 5070 1023 5133 latio
1046 5071 1215 5144 destituta,
1245 5072 1321 5149 ipsi,
1353 5075 1481 5137 vocatis
1507 5075 1563 5153 qui
1593 5076 1733 5138 vocandi

942 5168 1080 5241 luerint,
1115 5168 1148 5230 et
1180 5168 1376 5247 quibusdam
1410 5187 1446 5232 se
1480 5172 1732 5247 excusantibus,

941 5265 1083 5341 aliisque
1104 5265 1383 5329 committentibus
1398 5269 1496 5344 juxta
1515 5267 1653 5331 formam
1674 5286 1735 5347 ge-

940 5362 1065 5441 neralis
1080 5361 1220 5423 Concilii
1237 5360 1329 5424 vices
1348 5379 1437 5435 suas,
1453 5363 1609 5426 dilectum
1628 5366 1734 5430 illium

940 5450 1167 5521 Theobaldum
1184 5458 1291 5536 ipsius
1304 5458 1455 5523 ecclesiae
1474 5460 1731 5539 thesaurarium,

940 5550 1092 5627 scientia,
1111 5554 1180 5617 vita
1195 5556 1229 5617 et
1249 5554 1336 5619 lama
1352 5554 1579 5651 conspicuum,
1598 5558 1635 5622 in
1655 5577 1735 5638 pas-
