3930 6206
327 348 386 407 791
653 401 659 407 .
944 340 1120 405 notioni}
1141 342 1188 403 111
1208 342 1356 403 OPERA.
1876 351 1915 411 792

327 505 416 584 parti
429 501 681 580 exceptionibus
701 498 766 561 sibi
781 498 1053 577 competentibus,
1071 498 1123 561 la·
1176 500 1272 562 tanus
1297 499 1374 563 illos
1399 502 1456 579 qui
1479 502 1707 580 possessiones
1731 503 1781 566 rei
1801 520 1855 577 res,
1876 504 1930 570 seu

326 602 423 664 ciatis
438 601 529 662 litem
544 597 634 659 inira
648 597 731 660 dnos
747 612 877 658 menses
893 598 967 673 post
981 612 1121 675 suscep·
1175 597 1289 660 domos
1304 598 1539 675 praedictorum
1561 599 1712 672 fratrum,
1725 602 1776 661 vel
1789 602 1916 666 bominun

324 700 449 762 donem
473 695 686 773 praesentium
709 710 823 756 coram
845 693 940 756 vobis
973 694 1121 769 legitime
1175 710 1312 756 suorum
1327 695 1551 757 irreverenter
1564 696 1757 768 invaserint,
1773 699 1824 760 aut
1838 716 1869 760 ca
1882 702 1917 762 iu·

325 794 515 865 contestari,
528 809 568 854 ac
581 793 711 854 demum
722 793 758 852 in
771 806 873 853 causa
887 791 961 868 ipsa
973 790 1121 867 legitime
1170 794 1261 869 juste
1285 792 1498 861 detinuerint,
1525 809 1598 871 quic
1623 794 1784 870 praedictis
1801 795 1917 858 maribus

325 887 1122 971 procedentes,eamdem,sipartesconsenserint
1175 903 1218 950 ex
1245 890 1443 952 testamento
1472 890 1701 952 decedentium
1720 890 1916 968 relinquuntur.

324 990 391 1051 tine
405 988 514 1050 debito
536 987 740 1061 terminetis3
757 985 918 1063 alioquin,
935 1000 1008 1046 eam
1024 984 1120 1046 suiti-
1175 1001 1235 1047 seu
1249 986 1284 1046 in
1296 986 1388 1063 ipsos
1403 987 1523 1049 iratres
1533 992 1649 1050 contra
1661 986 1931 1064 apostolicaesedis

324 1086 452 1147 cienter
475 1084 670 1145 instructam
693 1081 734 1143 ad
759 1083 909 1143 nostrum
942 1080 1121 1143 remittatis
1175 1082 1303 1143 indulta
1326 1083 1524 1146 seutentiam
1540 1084 1919 1147 excommunicationisaut

324 1197 476 1253 examen,
513 1180 722 1257 praefigentes
757 1177 906 1255 partibus
940 1178 1119 1239 terminum
1174 1180 1341 1242 interdicti
1370 1182 1643 1258 praesumpserint
1665 1180 1864 1258 promulgare,
1882 1184 1917 1244 rel

326 1279 577 1356 competentem,
596 1293 661 1353 quo
676 1292 735 1352 per
750 1291 797 1344 se,
815 1276 868 1337 vel
883 1290 943 1352 per
957 1289 1120 1351 procura·
1175 1276 1320 1338 decimas
1339 1276 1489 1339 laborum
1505 1278 1545 1339 de
1560 1277 1820 1355 possessionibus
1831 1278 1917 1339 habitis

325 1378 416 1438 tores
431 1375 569 1436 idoneos
584 1374 698 1435 nostro
719 1388 754 1433 se
776 1371 966 1448 conspectui
989 1387 1120 1448 reprae-
1175 1376 1252 1435 ante
1276 1375 1458 1436 Concilium
1480 1376 1649 1451 generale,
1674 1391 1736 1438 seu
1756 1377 1932 1437 nuuimeuis'

325 1475 467 1544 sentent,
487 1474 612 1548 justam
637 1470 736 1531 dante
760 1470 898 1530 Domino
921 1469 1120 1531 sententiam
1174 1472 1340 1547 ipsorum,
1365 1472 1485 1549 spretis
1512 1473 1713 1549 apostolieae
1743 1464 1918 1549 sedis'prin·

325 1570 501 1646 recepturi.
518 1568 609 1640 Quod
630 1568 660 1627 si
678 1583 745 1628 non
764 1581 890 1639 omnes,
913 1568 975 1628 etc.
1000 1567 1120 1627 Datum
1175 1567 1273 1644 legiis
1294 1570 1504 1646 extorquere,
1527 1570 1711 1632 monitione
1733 1570 1918 1646 premissae

325 1667 492 1739 Laterani,
506 1668 550 1727 Vi
562 1664 724 1727 kalendas
737 1664 860 1736 martii,
877 1679 965 1726 anno
978 1678 1078 1733 nono.
1174 1665 1253 1726 laici
1265 1666 1399 1738 inerint,
1416 1667 1546 1743 publice
1565 1667 1715 1729 candelis
1731 1667 1869 1737 accensis,
1880 1683 1918 1727 er·

1175 1763 1486 1825 communicationis
1509 1766 1675 1826 sententia
1701 1764 1881 1841 percellatis
1900 1765 1933 1859 sip

1174 1875 1253 1922 vero
1271 1860 1362 1932 laici,
1375 1860 1429 1922 vel
1443 1861 1594 1923 canonici
1616 1860 1798 1937 regulares,
1812 1877 1860 1922 seu
1873 1866 1933 1921 no³

637 1941 811 2028 LXXXV
1174 1956 1275 2016 nacbi
1298 1954 1433 2028 luerint,
1453 1972 1511 2018 eos
1532 1957 1758 2034 appellatione
1777 1955 1918 2019 mmotaai

343 2097 395 2157 Ad
418 2093 661 2169 &aelbertum
686 2095 982 2167 archiepiscopum
1004 2092 1100 2153 Colo·
1175 2052 1286 2115 oiticio
1314 2056 1346 2115 et
1375 2053 1535 2115 beneflcio
1563 2054 1785 2131 suspendatis,
1811 2056 1918 2114 nenban

430 2193 585 2251 Mensem
614 2190 647 2250 et
661 2139 903 2264 Juffmaaneos
918 2189 1004 2259 ejus.
1174 2150 1360 2217 relaxaturi
1375 2152 1583 2225 sententiam,
1599 2151 1706 2213 donec
1724 2151 1869 2230 pmdictis
1880 2150 1919 2211 ira

588 2235 596 2262 '
748 2319 765 2331 υ
1174 2248 1282 2310 tribus
1317 2248 1467 2326 plenarie
1495 2249 1706 2312 satisfaciant
1735 2251 1768 2312 et
1793 2254 1850 2310 tam
1869 2230 1934 2321 inicii

577 2320 612 2379 ²5
631 2318 766 2377 [ibium
786 2318 864 2376 ¹²²5·
1174 2358 1273 2422 quam
1299 2346 1413 2409 clerici
1440 2347 1633 2419 saeculares,
1656 2348 1715 2425 qui
1743 2363 1799 2425 pro
1816 2332 1934 2408 dolena

343 2443 420 2508 [iiop.
432 2457 497 2508 pour
508 2441 750 2494 sewirii'bistoire
764 2439 1103 2507 rependendarum,
1174 2458 1332 2505 manuum
1360 2444 1555 2521 injectione,
1587 2445 1808 2507 anathematis
1827 2442 1934 2503 sinodo

610 2522 641 2581 ¹¹2
654 2536 672 2581 ¹›
685 2521 829 2586 ²⁷›”·²⁰·]
1174 2539 1299 2604 luerint
1321 2540 1488 2614 innodati,
1512 2558 1586 2623 cupn
1612 2542 1794 2604 dioecesani
1817 2539 1922 2618 episcopi

320 2628 437 2689 blandai
455 2636 486 2687 ut
504 2629 566 2687 ilios
585 2629 633 2702 qui
647 2629 857 2703 possessiones,
872 2642 929 2697 res,
944 2626 1047 2685 domus
1067 2627 1116 2684 eb·
1173 2636 1294 2700 litteris
1307 2639 1348 2700 ad
1363 2638 1479 2701 sedem
1490 2639 1717 2716 Apostolicam
1730 2636 1935 2729 venientem*

354 2717 429 2775 betis
443 2716 479 2774 de
493 2717 681 2787 camberone,
696 2715 893 2775 cisterciensis
907 2714 1026 2785 ordinis,
1042 2716 1119 2773 iuva·
1173 2736 1288 2797 eodem
1312 2722 1448 2798 vinomo
1477 2740 1669 2799 mereantur
1694 2737 1828 2799 absolvi·
1850 2732 1935 2796 pluas}

355 2808 444 2865 serint
455 2805 759 2864 excommunicationis
769 2805 910 2863 mutantia
922 2805 1088 2877 percellunt.
1173 2834 1284 2895 autom
1294 2833 1330 2894 in
1341 2834 1459 2911 quibus
1470 2834 1555 2896 bona
1567 2834 1801 2911 praedjctomm
1812 2835 1920 2901 fram,

360 2942 1035 3019 Honoriusepiscopus,servusservorum
1044 2938 1116 3011 Dei,
1172 2930 1921 3009 velbominumsuorumperriolentiamdeuota

319 3038 504 3102 venerabili
529 3039 625 3100 fratri
654 3038 904 3116 archiepiscopo
940 3036 1117 3098 colonien·
1173 3028 1306 3100 suerint,
1332 3029 1490 3106 quamdiu
1513 3028 1562 3090 ibi
1585 3031 1673 3099 suni,
1689 3029 1849 3092 interdicti
1867 3041 1936 3095 seir

321 3137 367 3210 si,
390 3139 470 3207 etc,
495 3137 636 3198 salutem
660 3137 693 3198 et
715 3135 938 3212 apostolicam
959 3134 1118 3196 benedic·
1171 3126 1284 3188 tentiae
1309 3126 1514 3204 supponatis.
1538 3128 1656 3188 Datum
1677 3122 1922 3197 Lateraniiia

322 3235 460 3297 tionem.
1173 3222 1289 3285 lendas
1323 3224 1455 3298 martii,
1489 3224 1701 3303 pontificatus
1742 3223 1839 3286 nostn'
1862 3231 1936 3283 arui

360 3333 436 3393 Non
465 3330 589 3407 absque
614 3329 729 3392 dolore
755 3330 881 3401 cordis,
912 3331 945 3390 et
972 3329 1118 3406 plurima
1172 3338 1272 3385 nono.

323 3428 512 3490 turbatione
527 3427 714 3497 didicimus,
734 3428 819 3505 quod
834 3428 881 3488 ita
896 3426 931 3487 in
949 3426 1117 3504 plerisque

323 3525 472 3602 partibus
496 3525 722 3587 ecclesiastica
746 3540 887 3585 censura
912 3524 1115 3597 dissolvitur,
1472 3564 1666 3653 LXXXVI

323 3623 357 3683 et
375 3622 544 3683 canonicae
560 3621 733 3683 sententiaa
749 3621 909 3682 severitas
925 3622 1115 3693 enervatur,

322 3720 358 3780 ut
371 3719 437 3781 viri
450 3719 598 3795 religiosi
612 3720 645 3780 et
658 3718 693 3779 bi
707 3718 862 3785 maxime,
879 3718 935 3795 qui
949 3717 1116 3794 persenis
1295 3717 1347 3775 Ad
1360 3717 1556 3790 episcopum
1571 3717 1832 3790 Arisericnscm.

319 3816 517 3893 Apostolicae
539 3814 728 3893 privilegia,
752 3815 872 3893 majori
896 3815 1010 3876 donati
1039 3815 1117 3876 sunt
1429 3845 1464 3903 25
1479 3844 1613 3903 februarii
1628 3846 1708 3905 ωδ.

320 3913 485 3986 libertate,
508 3914 632 3990 passim
650 3929 670 3973 a
692 3910 960 3973 malefactoribus
976 3912 1047 3973 suis
1061 3912 1117 3972 in-

316 4011 425 4086 jurias
441 4011 629 4072 sustineant
642 4013 675 4071 et
688 4010 836 4086 rapinas,
853 4008 931 4069 dum
943 4009 1002 4070 vix
1015 4010 1116 4070 inve-

321 4107 422 4179 nitur,
444 4108 501 4184 qui
523 4122 670 4182 congrua
689 4106 758 4166 illis
776 4105 975 4183 protectioni
995 4105 1117 4167 subve-
1170 4092 1202 4148 Ei
1214 4091 1345 4150 ⁰⁰¹100dii
1357 4085 1923 4166 uidedioeeesnnorumlieenuepouiime

323 4203 406 4276 niat,
420 4206 464 4276 et,
479 4220 540 4280 pro
553 4203 693 4265 fovenda
709 4218 891 4280 pauperum
911 4203 1113 4275 innocentia,
1371 4182 1461 4255 9⁰⁸⁸i¹
1473 4180 1598 4239 ΟΜΝ
1612 4197 1758 4241 emm·

320 4315 357 4362 so
374 4315 504 4361 murum
522 4300 726 4362 detensionis
741 4303 896 4376 opponat.
920 4299 1116 4376 Specialiter
1169 4378 1172 4385 ⁴
1209 4306 1378 4368 Honorius
1386 4306 1572 4383 episcopus,
1583 4322 1700 4370 servus
1709 4299 1920 4370 servoruum,

321 4398 431 4459 autem
454 4397 567 4459 dilecti
593 4398 655 4457 iiiii
678 4397 780 4459 abbas
807 4401 839 4460 et
865 4398 1046 4459 conventus
1074 4398 1114 4458 de
1168 4403 1353 4465 venerabili
1386 4404 1482 4466 tratri
1509 4407 1583 4476 E...,
1607 4404 1761 4482 episcopo
1794 4400 1921 4481 quondam

320 4494 535 4567 camberone,
558 4495 790 4556 Cisterciensis
814 4495 953 4562 ordinis,
978 4496 1047 4557 tam
1072 4492 1113 4556 de
1167 4500 1376 4574 Artiertensi,
1397 4501 1538 4564 salutem
1559 4505 1593 4564 et
1612 4503 1831 4580 apostolicam
1848 4499 1922 4559 bene·

319 4592 547 4669 frequentibus
570 4592 705 4669 injuriis
729 4608 827 4669 quam
845 4592 889 4677 ‚de
911 4592 983 4669 ipso
1003 4591 1115 4669 quoti·
1168 4596 1357 4659 dictionem.

319 4695 417 4757 diano
443 4693 572 4756 delectu
591 4695 730 4770 justitiae
753 4695 1005 4771 conquerentes,
1032 4694 1111 4754 uni·
1207 4697 1288 4756 Cum
1305 4696 1530 4772 episcopatum
1549 4695 1785 4758 Artlertensem
1798 4687 1923 4756 inmad-

1232 3966 1363 4032 [Theinen
1371 3969 1464 4020 Vetera
1475 3970 1589 4020 Menum.
1603 3969 1783 4030 Hibernorum,
1793 3968 1829 4025 m.
1842 3965 1883 4030 dl]

318 4793 509 4854 versitatem
524 4793 670 4853 vestram
690 4791 810 4851 littaris
825 4791 994 4867 petierunt
1006 4794 1114 4867 Apos—
1166 4792 1227 4853 bus
1239 4793 1363 4854 nostris
1376 4792 1521 4853 cedendo
1534 4790 1618 4864 loco,
1633 4809 1700 4854 non
1716 4793 1838 4862 ordine,
1849 4801 1922 4864 spor

316 4891 426 4952 tolicis
442 4888 594 4960 excitari,
610 4890 647 4950 ut
662 4888 708 4950 ita
723 4888 878 4949 videlicet
892 4888 941 4948 eis
955 4889 991 4949 in
1006 4887 1113 4949 tribu·
1166 4892 1283 4950 tanaus
1303 4890 1497 4965 resignaris,
1520 4890 1732 4965 praesentium
1750 4890 1810 4952 tibi
1832 4884 1920 4948 aneto-

317 4985 499 5049 iationibus
520 4987 590 5045 suis
612 4986 728 5046 contra
749 4983 981 5046 malefactores
996 4999 1111 5045 eorum
1166 4987 1266 5048 ritate
1299 4986 1521 5059 concedimus,
1551 4989 1588 5049 ut
1620 4987 1661 5049 de
1692 4989 1920 5049 dioecesanorum

317 5086 469 5162 prompta
495 5082 642 5143 debeatis
671 5081 944 5157 magnanimitate
972 5097 1113 5143 consur·
1167 5084 1303 5145 licentia
1312 5083 1500 5159 pontificale
1511 5084 1618 5160 possis
1629 5085 1771 5146 officium
1783 5090 1921 5145 exerrat

317 5198 407 5259 gere,
424 5179 510 5257 quod
532 5179 574 5239 ab
593 5179 767 5254 angustiis,
785 5194 867 5255 quas
892 5179 1056 5240 sustinent
1079 5178 1113 5239 et
1167 5197 1242 5242 cum
1268 5180 1371 5242 tueris
1400 5181 1591 5257 requisitus.
1625 5182 1717 5242 Nulli
1751 5196 1837 5256 ergo,
1866 5176 1920 5240 en,

316 5278 494 5356 pressuris,
503 5278 614 5338 vestro
625 5276 755 5353 possint
764 5276 919 5352 praesidio
930 5276 1109 5353 respirare.
1166 5281 1288 5340 nostrae
1313 5276 1550 5346 concessionis,
1566 5279 1632 5339 etc.
1654 5280 1696 5340 Si·
1711 5279 1792 5356 quis,
1808 5277 1863 5337 etc.
1876 5273 1923 5331 ba·

315 5376 476 5449 Quocirca
492 5374 702 5435 universitati
713 5374 832 5435 vestrae
848 5388 908 5450 per
919 5374 1111 5450 Apostolica
1164 5378 1234 5438 tum
1257 5375 1424 5447 Laterani,
1447 5376 1476 5435 V
1496 5373 1658 5436 kalendas
1678 5375 1796 5446 martii,
1817 5364 1923 5450 pontii·

316 5474 440 5552 scripta
464 5471 773 5548 mandamus'atque
788 5470 1011 5548 praecipimus,
1028 5487 1113 5548 qua·
1166 5477 1260 5536 catus
1272 5472 1378 5535 nostri
1392 5486 1481 5534 anno
1492 5487 1591 5533 nono.
