3886 6214
213 301 275 364 aer
833 293 1009 359 nononn
1031 294 1076 357 111
1096 296 1245 361 ornan.
1618 252 1625 265 ’
1795 296 1851 359 aso

214 458 326 540 legere
341 456 599 531 contemnentes,
622 470 705 534 quas
720 456 750 518 sl
772 454 938 519 interdum
953 457 1006 518 le·
1061 458 1150 519 hum
1172 454 1356 533 Hospitalis
1376 454 1506 517 Sanctae
1527 455 1644 517 Maria
1671 454 1852 517 Theutonl·

216 559 327 637 gerint
340 556 560 635 vilipendunt.
576 554 670 616 Unde
682 553 796 615 clerici
809 554 843 615 et
853 553 930 614 laici
946 570 1007 615 su·
1062 570 1176 616 corum
1192 553 1487 630 Hierosolymitani
1501 552 1690 630 apostolica
1706 568 1768 614 nos
1782 568 1852 614 con·

215 657 343 718 mentes
377 654 551 716 audaciam
580 653 741 713 adversus
772 666 829 712 eos
857 651 1008 712 securius
1062 652 1153 713 venit
1174 651 1398 713 sollicitudine
1423 650 1609 727 providere,
1625 652 1658 711 et
1673 652 1741 711 tam
1765 651 1850 726 ipson

108 734 113 749 Χ
212 753 430 824 insolescunt,
445 750 675 826 eleemosynas
697 748 731 810 et
753 747 915 810 heneticia
930 747 1009 808 suh-
1063 763 1161 826 quam
1176 763 1291 809 eorum
1310 747 1397 808 bona
1420 749 1513 809 tanto
1534 747 1711 808 sollicitius
1726 747 1853 807 arnali-

214 849 351 913 trahunt
363 849 539 922 consueta;
567 847 741 907 invasores
755 859 886 923 quoque
897 843 1007 905 hono·
1062 861 1203 921 gnorum
1218 844 1408 906 incursibus
1421 848 1454 906 et
1465 845 1594 922 rapinis
1608 847 1762 906 tenemur
1774 860 1851 921 pro·

214 963 289 1009 rum
308 946 455 1023 ipsorum
477 944 617 1006 fratrum
637 959 703 1004 non
728 944 883 1018 arguunt,
900 940 958 1002 sed
973 942 1008 1002 in
1062 945 1185 1018 tegere,
1203 943 1326 1019 quanto
1348 958 1408 1019 pro
1427 941 1492 1003 tide
1511 942 1687 1003 christiani
1710 942 1852 1004 nominis

214 1042 444 1104 familiaritate
467 1057 528 1103 sua
555 1040 734 1117 recipiunt,
769 1038 890 1101 iratres
917 1039 1008 1115 ipsos
1063 1039 1373 1102 sediuturnioribus
1388 1041 1560 1117 exponunt
1575 1039 1734 1116 periculis
1749 1039 1852 1102 etad·

215 1140 472 1201 intolerabiliter
494 1138 728 1215 deprimentes,
752 1152 834 1213 quos
858 1151 917 1213 pro
938 1151 1008 1196 suae
1063 1154 1181 1198 versus
1197 1153 1318 1215 pravas
1343 1137 1376 1199 et
1393 1139 1527 1198 exteras
1549 1137 1703 1198 bahanes
1724 1136 1852 1198 labores

214 1238 388 1313 religionis
401 1237 574 1298 honestate
586 1234 744 1297 deberent
752 1234 912 1295 attentius
928 1248 1009 1293 con·
1062 1234 1205 1296 subeunt
1214 1235 1398 1310 graviores.
1407 1234 1488 1295 Inde
1500 1235 1561 1307 est,
1575 1235 1661 1311 quod
1671 1236 1740 1295 tam
1753 1233 1853 1297 fortes

216 1335 339 1396 lovere.
365 1332 471 1405 Unde,
498 1333 654 1410 quoniam
684 1346 865 1407 gravamen
893 1344 1009 1390 eorum
1063 1332 1185 1394 Christi
1201 1332 1344 1394 athletas
1359 1333 1394 1392 in
1409 1333 1597 1393 suosancto
1610 1333 1782 1409 proposito
1791 1348 1853 1395 vo-

214 1433 308 1494 tanto
321 1431 430 1491 minus
441 1430 594 1492 volumus
607 1430 642 1490 in
655 1428 816 1505 patientia
828 1427 1006 1498 sustinere,
1062 1429 1170 1492 lentes
1184 1431 1344 1492 attentius
1363 1428 1551 1502 contovere,
1572 1430 1614 1490 ad
1629 1430 1852 1491 defensionem

216 1528 579 1607 qnantograsiusjusto
592 1524 1008 1604 Deijudiciopermittente
1063 1526 1117 1588 sui
1140 1526 1399 1589 sollicitudinem
1421 1528 1568 1589 vestram
1587 1525 1744 1587 duximus
1766 1543 1853 1589 com·

212 1626 340 1704 iugiter
372 1626 462 1703 ipsos
489 1624 619 1685 inimici
653 1622 830 1685 christiani
863 1621 1009 1683 nominis
1063 1624 1272 1698 monendam,
1290 1629 1326 1687 ut
1344 1625 1450 1701 magis
1470 1640 1510 1686 ac
1536 1624 1642 1700 magis
1663 1624 1796 1702 possint
1815 1625 1852 1686 ad

207 1724 473 1801 persequuntur,
486 1720 695 1783 universitati
703 1720 823 1781 vestrae
836 1722 1010 1796 perhpos-
1063 1722 1324 1799 promovendum
1346 1722 1563 1799 propositum,
1590 1721 1677 1799 quod
1705 1738 1853 1799 sumpse·

217 1821 318 1883 tolica
333 1822 456 1897 scripta
477 1819 671 1881 mandamus
695 1820 730 1880 et
752 1814 787 1877 in
811 1816 1008 1877 obedientias
1063 1820 1151 1890 runt,
1167 1819 1352 1883 intendere.
1371 1835 1471 1896 quum
1488 1818 1611 1880 luerint
1631 1818 1852 1880 sollicitudine

217 1920 342 1982 virtute
354 1918 577 1996 praecipimus,
592 1917 756 1994 quatenus
770 1915 911 1985 litteras,
925 1929 1008 1991 quas
1064 1916 1277 1992 praelatorum
1292 1916 1442 1979 ecclesiae
1455 1931 1475 1976 a
1488 1916 1710 1991 malignorum
1724 1916 1853 1994 inquie-

216 2032 277 2094 pro
291 2018 349 2078 eis
372 2016 557 2092 dirigimus,
595 2015 665 2075 sive
687 2012 861 2089 generales
885 2011 1008 2073 inerint
1062 2015 1187 2076 tatione
1215 2015 1335 2076 securi.
1355 2017 1527 2076 Monemus
1553 2015 1664 2092 ltaque
1689 2015 1853 2076 universi·

215 2114 287 2176 sive
300 2115 401 2175 etiam
417 2112 590 2190 speciales,
605 2111 776 2187 recipiatis
791 2108 964 2170 humiliter
975 2110 1009 2171 et
1061 2112 1162 2173 tatem
1171 2114 1316 2174 vestram
1328 2114 1426 2190 atque
1440 2113 1662 2189 praecipimus,
1675 2115 1850 2189 quatenus,
1928 2114 1934 2159 ι’

216 2211 359 2273 fideliter
393 2210 579 2287 exponatis,
607 2207 775 2285 subjectos
805 2207 934 2269 vestros
965 2205 1006 2266 ad
1061 2209 1091 2269 si
1106 2210 1238 2286 quando
1253 2210 1367 2271 clerici
1383 2210 1435 2270 vel
1450 2210 1529 2271 laici
1544 2209 1742 2287 parochiani
1754 2209 1854 2272 vestri

214 2308 442 2386 eleemosynas
475 2309 508 2370 et
532 2305 695 2368 beneficia
727 2303 826 2366 solita
853 2303 1007 2364 sollicitis
1061 2306 1097 2367 in
1117 2306 1261 2384 aliquem
1280 2307 1513 2384 predictorum
1534 2307 1674 2369 fratrum
1693 2306 1852 2384 capiendo

216 2406 354 2468 monitis
366 2407 400 2467 et
421 2403 709 2466 exhortationibus
729 2402 924 2477 diligentius
950 2401 1007 2460 in·
1061 2403 1114 2465 vel
1130 2404 1171 2466 de
1185 2405 1256 2465 suis
1279 2406 1478 2482 equitaturis
1500 2405 1686 2483 dejiciendo
1699 2407 1759 2467 ant
1773 2404 1853 2466 alias

216 2502 384 2575 ducentes,
402 2503 522 2564 iratres
536 2502 648 2563 autem
669 2500 813 2575 benigne
837 2498 1007 2575 recipiatis
1062 2501 1237 2564 inhoneste
1262 2502 1435 2565 tractando
1456 2502 1621 2565 violentas
1643 2518 1764 2563 manus
1779 2502 1854 2580 inji·
1931 2528 1935 2591 ς

212 2600 401 2664 ethoneste
421 2600 572 2662 tractetis
594 2598 754 2661 attentius
777 2595 956 2674 provisuri,
972 2596 1009 2657 ut
1062 2599 1165 2672 ciunt,
1195 2598 1387 2677 hujusmodi
1426 2603 1695 2679 praesumptores,
1727 2600 1854 2663 sublato
1930 2632 1936 2645 ·

215 2697 256 2758 de
268 2697 484 2774 parochianis
498 2695 620 2758 vestris
633 2693 687 2756 vel
702 2694 743 2755 de
757 2692 899 2764 subditis
917 2691 1005 2765 aliis,
1062 2698 1296 2776 appellationis
1314 2699 1496 2771 obstaculo,
1520 2700 1670 2762 accensis
1694 2699 1851 2771 candelis,

215 2795 245 2855 si
269 2794 438 2872 querelam
462 2792 650 2865 detulerint,
671 2793 762 2869 ipsos
784 2790 826 2852 ad
842 2789 1007 2852 exbiben-
1062 2795 1222 2860 dilatione
1249 2797 1283 2859 et
1306 2797 1482 2859 occasione
1505 2797 1699 2875 postposita,
1721 2812 1854 2860 excom·

213 2891 462 2969 damjustitlam
473 2892 563 2952 omni
573 2890 683 2967 gratia
693 2891 726 2951 et
739 2889 859 2951 timore
872 2888 1009 2965 postpo-
1061 2894 1248 2956 manicatos
1271 2894 1403 2971 publice
1423 2895 1584 2956 nuntietis
1605 2895 1639 2956 et
1660 2895 1791 2957 tamdiu
1805 2893 1854 2956 la·

214 2989 287 3051 sitis
314 2989 475 3051 canonica
494 2988 672 3049 severitate
698 2987 837 3062 cogatis,
857 2985 905 3046 ita
921 2985 1007 3062 quod
1062 2991 1159 3053 etatis
1172 2991 1258 3053 sicut
1269 2993 1572 3055 excommunicatos
1583 2993 1708 3055 arctius
1720 2992 1851 3063 ocimu,

212 3085 332 3149 iratres
347 3087 411 3163 ipsi
426 3102 469 3148 ex
483 3085 686 3161 negligentia
701 3085 812 3146 vestra
830 3082 1007 3145 adsedem
1062 3088 1167 3151 donec
1186 3105 1285 3165 passo
1303 3090 1460 3166 injuriam
1480 3105 1626 3167 congrue
1648 3090 1855 3152 satisfaciant

212 3184 436 3261 ApOStolicam
449 3200 516 3246 non
538 3182 706 3255 laboresstt
730 3181 846 3243 scituri
862 3180 960 3258 quod,
978 3180 1007 3240 Si
1062 3186 1095 3247 et
1120 3202 1180 3263 pro
1208 3187 1427 3251 absolutionis
1455 3188 1618 3250 beneflcio
1645 3187 1853 3264 impetrando

213 3283 379 3359 praecepto
401 3283 515 3343 nostro
530 3278 810 3357 praesumpseritis
825 3277 1004 3350 contraire,
1060 3284 1251 3361 Apostolico
1267 3301 1302 3346 se
1318 3285 1511 3362 conspectui
1524 3286 1777 3363 repraesentent.
1793 3287 1852 3346 Eos

213 3379 251 3439 in
271 3394 331 3441 ros
362 3378 448 3439 sicut
480 3376 711 3438 inobedientes
737 3375 1007 3436 animadvertere
1061 3397 1152 3454 vero,
1170 3383 1226 3459 qui
1249 3383 1284 3443 in
1312 3383 1487 3460 praedictos
1513 3382 1633 3444 iratres
1656 3399 1776 3445 manus
1791 3397 1854 3444 non

213 3476 364 3538 severius
379 3475 628 3552 compellemur.
648 3475 766 3535 Datum
787 3473 956 3545 Laterani,
974 3475 1005 3534 ll
1061 3478 1217 3555 injiciunt
1239 3479 1416 3552 violentas,
1439 3479 1497 3540 sed
1520 3495 1577 3540 eos
1603 3479 1714 3541 verbis
1738 3482 1854 3541 contn-

212 3572 280 3633 kal.
314 3572 486 3645 februarii,
524 3570 736 3649 pontificatus
777 3569 883 3632 nostri
918 3584 1006 3631 anno
1061 3576 1210 3638 meliosis
1235 3576 1387 3638 alliciunt
1412 3578 1445 3639 et
1469 3577 1676 3653 equitaturas
1708 3578 1767 3638 aut
1790 3578 1855 3639 alia

214 3671 364 3747 septimo.
740 3674 745 3685 '
1061 3687 1176 3733 eorum
1197 3672 1284 3734 bona
1299 3673 1464 3735 violenter
1484 3673 1656 3750 diripiunt,
1673 3674 1703 3735 si
1725 3673 1853 3735 anobis

1061 3770 1254 3832 commoniti
1275 3768 1386 3832 ablata
1410 3770 1460 3831 eis
1482 3770 1662 3832 restituere
1687 3770 1855 3833 noluerint

1061 3869 1095 3929 et
1122 3866 1163 3928 de
1188 3867 1292 3929 illatis
1319 3867 1453 3945 injuriis
1487 3867 1750 3930 satisfactionem
1775 3883 1855 3929 con·

1061 3980 1178 4041 grnam
1199 3964 1370 4037 exhibere,
1392 3963 1528 4027 vinculo
1549 3964 1772 4027 anathematis
1796 3964 1855 4025 nd·

550 4006 673 4099 LXIX
1061 4063 1245 4138 stringatis,
1263 4078 1328 4139 quo
1348 4063 1441 4140 ipsos
1462 4077 1567 4139 usque
1593 4063 1635 4124 ad
1657 4062 1853 4138 condignam

213 4167 265 4227 Ad
278 4165 560 4238 archiepiscopos,
573 4163 758 4235 episcopos,
773 4161 849 4231 etc,
866 4161 1007 4234 adqccos
1062 4159 1324 4222 satisfactionem
1351 4159 1494 4221 teneatis
1521 4159 1709 4221 adstrictos.
1737 4162 1854 4221 batum

375 4261 503 4322 litterar
519 4259 597 4320 tstoe
610 4256 846 4332 pervenerint.
1062 4257 1230 4329 Laterani,
1246 4258 1337 4319 XVII
1360 4255 1523 4318 kalendas
1549 4255 1721 4330 februarii,
1747 4254 1853 4335 ponti-

476 4372 510 4430 qg
525 4371 647 4445 januam
667 4370 745 4431 1223,
1062 4354 1179 4417 licatus
1192 4353 1297 4416 nostri
1312 4369 1401 4415 anno
1414 4353 1565 4430 septime.

269 4494 407 4563 [Streblke
418 4494 522 4546 Tabulis
534 4493 590 4545 ord.
604 4494 742 4552 Theuton,
753 4507 779 4558 p.
787 4491 843 4552 325,
854 4507 879 4542 n.
887 4492 955 4559 als]

213 4622 357 4682 Honorius
371 4618 611 4679 excommunicari
621 4616 711 4691 iubet,
723 4617 895 4689 quicumque
907 4614 1008 4675 iratres

211 4774 216 4782 ,
248 4711 357 4769 ordinis
372 4708 538 4767 Thoutonicl
558 4704 709 4780 capiendo,
724 4705 761 4763 de
774 4707 942 4778 equitaturis
955 4704 1005 4762 de·
1405 4675 1509 4763 LXX

211 4869 217 4877 Ι
245 4796 382 4873 jiciendo,
398 4796 469 4853 alias
490 4793 641 4851 inhoneste
660 4791 807 4851 tractando
826 4792 1006 4851 violaverint.
1109 4829 1161 4888 M
1179 4827 1390 4901 mmmm
1412 4827 1446 4887 et
1466 4826 1599 4900 natm
1619 4826 1805 4900 Hospitalis

253 4932 421 4996 Honorius
431 4930 924 5006 episcopus,servnsserrornm
933 4928 1005 5002 Dei,
1214 4927 1249 4985 S·
1263 4926 1390 4985 Marion
1409 4923 1706 4985 theutonicorum.

211 5028 460 5097 venerabilibus
491 5025 651 5088 tratribus
681 5025 942 5103 archiepiscopis
975 5024 1008 5088 et
1203 5109 1212 5126 ·
1328 5050 1491 5110 {sebfflflffi
1509 5053 1589 5111 lm.

212 5129 378 5209 episcopis
393 5127 426 5188 et
440 5123 571 5185 dilectis
586 5122 666 5184 tiliis
680 5122 866 5192 abbatibus,
885 5124 1008 5201 priori-

211 5228 285 5300 bus,
307 5221 565 5293 archidiaconis,
590 5220 726 5282 decanis
745 5221 778 5282 et
800 5219 877 5283 aliis
900 5221 1009 5282 eccle·

213 5327 339 5387 siarum
360 5320 519 5400 precinite,
540 5317 583 5379 ad
598 5332 681 5396 qnos
695 5317 816 5379 litterae
830 5318 903 5380 istae
925 5333 1007 5395 per.
1063 5301 1205 5358 Honorius
1224 5306 1302 5358 vetat
1322 5296 1424 5358 iratres
1437 5299 1629 5357 Theutonicos
1651 5299 1778 5357 ordinem
1790 5299 1853 5356 sine

1231 5388 1363 5461 magistri
1381 5388 1495 5445 boeotia
1515 5387 1686 5460 relinquere.

1156 5176 1291 5243 [Strehlkn
1302 5176 1364 5229 Tab.
1377 5175 1577 5238 ordinantem,
1590 5175 1647 5235 327,
1658 5191 1685 5226 n.
1695 5177 1762 5239 esa]

212 5422 377 5492 venerint,
402 5416 591 5481 salutemet
611 5414 837 5493 apostolicam
851 5414 1008 5477 henedic-

214 5518 350 5578 tionem.
1101 5514 1268 5576 Honorius
1278 5514 1465 5590 episcopus,
1476 5510 1850 5582 servasservorumbei,

254 5612 334 5672 Paci
350 5614 384 5673 et
404 5612 508 5688 quieti
523 5611 757 5686 religiosorum
771 5611 920 5673 virorum
935 5610 1008 5672 ira-
1061 5610 1192 5674 dilectis
1207 5611 1285 5672 liliis
1296 5611 1455 5685 magistro
1466 5613 1499 5671 et
1509 5609 1667 5671 iratribus
1674 5606 1851 5687 Hospitalis
