3916 6204
107 181 157 243 itt

106 336 297 416 impetravit,
313 339 411 415 prout
432 339 529 400 erant
548 338 796 403 incontinenter
809 353 890 416 pro·

106 433 311 510 temperati,
327 450 388 496 nec
411 434 532 496 exinde
554 435 591 496 in
615 435 736 498 litteris
763 435 888 499 mentio

107 528 286 601 haberetur,
294 530 360 608 ipsi
372 546 488 593 earum
498 532 696 595 auctoritate
707 530 888 608 procedere

107 642 166 689 nou
185 628 338 703 poterant
359 644 421 691 nec
435 628 608 692 debebant
633 629 696 691 Sed
712 629 790 706 quia
808 628 888 691 dicti

102 724 223 801 pudicas
236 724 324 786 hanc
348 727 576 804 exceptionem
600 742 716 789 eorum
737 727 886 800 denega-

105 820 178 883 bant
190 820 374 895 admittere,
384 823 450 900 ipsi
465 824 506 885 ad
521 823 670 885 nostram
683 822 886 884 audientiam

106 917 357 994 appellaverunt
378 921 521 997 ideoque
549 920 742 982 discretioni
766 921 886 981 vestrm

106 1029 159 1090 per
175 1016 364 1091 Apostolica
385 1018 510 1094 scripta
531 1017 740 1084 mandamus,
765 1017 885 1092 quate-

106 1127 173 1183 nns,
186 1111 214 1174 si
227 1113 274 1174 ita
290 1115 353 1184 est,
377 1115 534 1176 revocato
552 1112 589 1175 iu
611 1115 768 1175 statutum
793 1111 903 1189 debis

106 1208 176 1282 tum,
200 1209 357 1286 quidquid
381 1214 455 1287 post
476 1211 667 1288 hujusmodi
688 1210 888 1288 appeliatio-

105 1321 171 1367 nem
184 1302 382 1369 inveneritis
397 1310 523 1370 temere
542 1310 750 1379 attentatum,
767 1307 888 1369 audia-

105 1402 143 1465 tis
174 1418 319 1476 oausam,
350 1406 385 1467 et
418 1405 641 1483 appellatione
665 1406 793 1475 remota
821 1405 886 1465 dne

108 1500 254 1563 mnonico
267 1502 468 1575 terminetis,
484 1502 646 1565 iacientes
664 1502 751 1580 quod
766 1502 886 1563 decre-

106 1597 210 1659 veritis
222 1613 282 1674 per
296 1614 474 1661 censuram
495 1592 764 1663 ecclesiastIcam'·
781 1599 887 1660 drmi-

105 1693 347 1772 terobservari3
362 1696 512 1773 ahoquin
532 1698 644 1774 partes
670 1696 711 1758 ad
737 1697 886 1773 priorum

103 1790 235 1867 judicum
260 1794 469 1855 remittentes
491 1809 644 1864 examen,
664 1792 886 1870 appellantem

106 1889 136 1949 in
156 1891 309 1966 expensis
326 1890 486 1966 legitimis
508 1890 778 1952 condemnantes.
793 1889 886 1961 Quod

106 1984 202 2046 sinon
214 2001 343 2059 omnes,
356 1989 419 2049 etc.
433 1987 553 2049 Datum
563 1986 731 2059 Laterani,
742 1988 820 2048 liiii
829 1986 886 2048 ka-

105 2080 205 2143 landas
219 2082 416 2156 decembris,
436 2084 649 2161 pontificatus
674 2084 783 2146 nostri
797 2098 885 2146 anno

106 2178 217 2241 octavo.
297 2226 306 2249 .,

426 2519 550 2607 XLIV

182 2689 231 2750 Ad
247 2690 443 2751 Honorinum
457 2702 578 2765 renem
590 2690 791 2766 Asperum.

340 2846 378 2905 io
394 2846 529 2906 novemb.
550 2846 629 2909 itit.

212 2986 333 3054 [thuim.
349 2987 649 3052 insperatissume,
665 3001 691 3041 u.
707 2985 759 3052 lt]

136 3129 287 3202 despondet
307 3144 343 3191 se
364 3130 503 3203 quasdam
527 3129 635 3189 icterus
654 3144 713 3189 non
731 3128 849 3189 duram

205 3216 209 3225 ’
391 3217 580 3276 revocandae.

139 3359 182 3419 iix
194 3360 283 3437 parte
297 3362 357 3423 tua
373 3360 468 3421 nobis
484 3360 546 3422 Iuit
561 3358 732 3421 humiliter
750 3358 881 3438 suppli·

106 3456 211 3530 catum,
227 3459 261 3521 nt
275 3474 379 3537 quum
400 3458 560 3537 quasdam
581 3473 602 3519 a
620 3457 718 3519 nobis
732 3457 882 3519 audisses

106 3548 217 3615 litteras
231 3570 418 3628 emanasse,
431 3554 551 3632 quibus
562 3553 785 3617 venerabilem
808 3554 881 3616 Ira-

107 3646 177 3711 trem
190 3654 337 3715 nostrum
352 3648 619 3714 wintoniensem
634 3652 839 3729 episcopum,
850 3652 883 3714 et

107 3740 227 3809 dilectos
244 3748 332 3811 tilios
347 3746 477 3810 nobiles
489 3747 580 3809 viros
596 3746 808 3824 Ranulphum
820 3760 881 3808 oo-

107 3840 203 3904 mitem
213 3846 431 3919 cestrensem,
441 3844 625 3907 liebertum
635 3844 676 3905 de
687 3846 798 3921 Burgo
808 3847 884 3921 jus·

107 3936 249 4002 thartam
262 3942 404 4019 anglia,
421 3943 455 4004 et
469 3941 660 4004 Faihesinm
680 3941 722 4003 de
737 3942 883 4003 Breaute

108 4032 141 4094 sd
154 4035 265 4100 bailias
278 4041 313 4102 et
328 4040 439 4102 castra
457 4040 551 4115 regia
572 4039 741 4100 reddenda
756 4040 791 4099 in
805 4054 882 4100 ma-

577 150 582 163 ’
682 160 927 243 'unrsnonm
949 179 1027 241 mn
1051 180 1138 241 vm.

1684 180 1746 241 462

946 339 1143 402 attentatum
1171 337 1224 399 est
1251 351 1310 414 per
1343 336 1493 408 easdem,
1523 337 1745 404 decernentes

945 435 1077 511 penitus
1099 451 1165 497 non
1184 434 1309 497 valere.
1326 436 1445 498 Datum
1468 435 1639 527 Laterani,
1656 435 1741 496 due

943 531 1070 593 decimo
1085 531 1247 593 kalendas
1263 531 1448 594 decembris
1463 548 1553 594 auno
1566 533 1694 595 octavo.

1290 866 1394 954 XLV

1016 1016 1069 1076 Ad
1087 1016 1332 1093 aoleomapea.
1355 1020 1661 1094 orceieptscopum.

1199 1147 1234 1205 20
1248 1147 1382 1206 novemb.
1400 1148 1479 1206 lira.

957 1267 1077 1334 [Regest.,
1091 1269 1136 1320 lib.
1147 1269 1215 1331 viii,
1227 1268 1302 1334 epist.
1315 1270 1356 1322 96.
1367 1272 1424 1321 biss.
1436 1271 1472 1321 be
1483 1271 1562 1323 Porte
1572 1272 1606 1323 du
1619 1270 1714 1337 vich]

976 1392 1011 1450 iii
1024 1392 1156 1452 concedit
1167 1400 1199 1451 ut
1210 1401 1309 1452 contra
1321 1395 1456 1453 meantia
1473 1396 1602 1468 capitula
1614 1394 1702 1454 oiiioii

1148 1496 1195 1539 sur
1206 1482 1332 1540 ocenum
1346 1491 1528 1556 exsequatur.

980 1598 1159 1670 Honorius,
1175 1601 1250 1666 etc,
1262 1598 1446 1661 venerabili
1459 1599 1594 1663 tratri...
1610 1600 1738 1664 Retho-

941 1710 1071 1771 magen.
1088 1696 1352 1773 archiepiscopo,
1367 1697 1520 1770 salutem,
1538 1698 1600 1760 etc.

980 1793 1097 1865 Quum,
1113 1793 1199 1855 sicut
1214 1808 1256 1854 ex
1271 1794 1434 1870 partetna
1451 1793 1515 1855 tuit
1529 1794 1735 1871 propositum

941 1904 1052 1951 coram
1068 1888 1175 1962 nobis,
1189 1890 1350 1951 nonnulla
1364 1892 1512 1968 capitula
1525 1893 1592 1954 tam
1603 1892 1746 1967 reiigio-

941 2001 1052 2047 sorum
1073 2002 1171 2064 qnam
1195 1972 1407 2049 secularium
1426 1990 1492 2050 tuae
1508 1989 1738 2065 jurisdictioni

940 2081 1099 2158 subjecta,
1111 2084 1149 2145 ut
1157 2083 1358 2146 visitationis
1369 2084 1403 2146 et
1411 2085 1659 2146 reformationis
1670 2086 1737 2148 tuae

941 2179 1143 2241 ordinariam
1168 2180 1332 2256 etihgiant
1350 2181 1555 2258 diciplinam,
1578 2182 1738 2259 frequen-

939 2277 991 2338 ter
1006 2276 1042 2336 in
1054 2292 1171 2339 vocem
1183 2277 1417 2361 appellationis
1428 2280 1656 2356 prorumpant,
1674 2294 1736 2340 nos

940 2373 1077 2450 provide
1089 2374 1298 2436 attendentes
1319 2374 1406 2452 quod
1428 2374 1662 2452 appellationis
1676 2391 1736 2437 re·

940 2471 1085 2532 medium
1107 2486 1174 2533 non
1202 2471 1245 2532 ad
1269 2471 1444 2549 diffugium
1468 2471 1735 2548 malignantium,

940 2568 1050 2630 sedad
1061 2569 1289 2632 innocentium
1297 2569 1483 2630 subsidium
1491 2570 1541 2633 est
1550 2569 1735 2643 inventum,

940 2665 1142 2730 fraternitati
1183 2667 1251 2729 tus
1286 2668 1500 2742 presentium
1538 2667 1737 2730 auctoritate

939 2764 1163 2837 concedimus,
1177 2766 1224 2837 ut,
1241 2778 1307 2825 non
1318 2763 1470 2827 obstante
1480 2762 1608 2825 frivolae
1621 2764 1738 2841 appel-

939 2859 1075 2922 lationis
1090 2861 1231 2938 objeotn‚
1251 2863 1367 2923 contra
1387 2861 1503 2923 eadem
1520 2861 1666 2937 capitula
1682 2861 1735 2923 oi·-

940 2956 1008 3017 iloii
1017 2955 1221 3019 tuidebitnm
1234 2958 1441 3033 exsequaris.
1452 2956 1546 3017 Nulli
1559 2958 1736 3032 ergo,etc.,

938 3054 1025 3115 hano
1040 3054 1196 3129 paginam
1215 3054 1339 3114 nostrae
1360 3053 1598 3121 concessionis,
1618 3054 1681 3115 etc.
1698 3054 1735 3114 Si

939 3150 1148 3227 pulsantem,
1164 3149 1226 3212 etc.
1252 3150 1370 3211 Datum
1391 3151 1560 3222 Laterani,
1582 3152 1646 3212 iili
1664 3149 1734 3212 hai.
1818 3146 1829 3165 ⁶

940 3246 1135 3319 decembris,
1151 3262 1240 3310 anno
1255 3249 1386 3309 octrrvo·⁸

1273 3590 1397 3682 XLVI

1045 3747 1099 3806 Ad
1114 3746 1409 3819 arciepiscopus
1423 3746 1625 3808 Narbonae.

1193 3872 1376 3932 itnovemb'.
1398 3874 1479 3934 irie.

973 3995 1139 4064 [negantii
1149 3996 1216 4061 vili,
1228 3995 1303 4062 epist.
1313 3996 1353 4048 ee.
1364 3999 1421 4049 iiss.
1430 3999 1467 4049 ba
1475 3998 1550 4050 Porta
1560 3998 1595 4051 dn
1607 3997 1702 4071 Theti]

937 4122 1113 4197 indulgeret
1135 4130 1166 4180 ut
1192 4121 1331 4195 quasdem
1346 4123 1544 4194 possessiones
1566 4123 1596 4180 in
1610 4123 1730 4199 emphy-
1753 4148 1758 4173 ι

107 4128 190 4194 nibus
202 4137 265 4197 tuis
280 4136 523 4199 mandabamus
537 4135 702 4213 compelli,
718 4137 881 4197 decerne-

971 4212 1073 4269 teosim
1095 4218 1262 4283 perpetuam
1283 4210 1320 4268 ud
1340 4211 1440 4269 vineas
1455 4211 1624 4285 plantandas
1643 4213 1672 4273 in
1689 4213 1733 4271 eis

107 4242 202 4293 renus
227 4233 356 4296 litteras
383 4234 461 4294 illas
490 4233 605 4296 irritas
629 4233 813 4305 minares,
839 4248 882 4295 ne

722 4330 890 4402 suboriri„
971 4298 1130 4357 ⁰⁰⁰⁶0d0f0
1146 4298 1245 4371 imisit·

107 4323 171 4388 inde
196 4332 307 4406 posset
333 4329 532 4392 turbationis
561 4330 694 4393 occasio

108 4435 191 4497 prum
208 4426 270 4503 ipsi
293 4430 453 4505 tanquam
466 4427 542 4537 ririN
554 4427 669 4491 fideles
692 4428 800 4504 parati
815 4427 883 4489 sint
975 4424 1154 4498 Honorius,
1173 4425 1248 4497 etc,
1274 4423 1458 4485 venerabili
1477 4425 1572 4488 tratri
1594 4427 1731 4490 archie-

107 4532 140 4579 ea
163 4534 231 4584 cnm
266 4525 445 4587 ratiocinio
482 4526 702 4601 proventuum
742 4524 884 4585 reddere
936 4522 1072 4599 piscopo
1087 4521 1292 4593 Narbonem,
1317 4522 1470 4594 salutem,
1488 4524 1549 4584 eto.

106 4613 236 4694 tempore
267 4622 467 4699 opportuno,
492 4636 554 4682 nec
582 4621 651 4682 sint
675 4620 801 4698 quibus·
823 4622 881 4685 ilia
976 4622 1026 4681 Ex
1041 4620 1133 4695 parte
1144 4621 1201 4679 tua
1213 4617 1486 4682 nobishnmiliter
1497 4620 1729 4697 supplicatum,

107 4717 239 4779 mondus
252 4719 388 4780 valeant
409 4717 645 4781 commendari.
661 4721 783 4779 Verum
803 4718 881 4796 quia
936 4718 973 4777 ut
996 4716 1155 4794 quasdam
1184 4716 1414 4793 possessIones
1435 4717 1585 4779 ecclesiae
1604 4721 1670 4779 tuae
1693 4718 1729 4778 in

106 4804 211 4875 litterae
231 4814 422 4893 hujusmodi
442 4830 486 4876 ex
508 4815 602 4891 parte
625 4817 694 4886 tna,
716 4816 750 4876 et
770 4814 811 4875 ob
832 4814 881 4876 tui
936 4813 1174 4891 emphyteosim
1203 4815 1394 4889 perpetuam
1409 4814 1609 4875 concedendi
1621 4814 1663 4874 ad
1678 4813 1730 4875 vi·

107 4917 256 4973 causamn
267 4912 363 4974 nobis
377 4910 488 4988 petitae
501 4926 542 4972 ac
552 4926 720 4972 concessae
733 4910 879 4982 bierunt,
936 4926 1017 4975 neas
1032 4907 1229 4986 plantandas
1244 4909 1280 4969 in
1294 4909 1343 4970 eis
1357 4908 1418 4971 tibi
1431 4909 1599 4971 licentinm
1610 4925 1733 4971 conce-

108 5014 159 5063 ms
171 5021 209 5067 ne
222 5008 334 5086 aliqua
349 5008 572 5070 intervenisse
583 5007 703 5069 lenitas
714 5008 879 5080 videatur,
936 5006 1015 5067 dere
1030 5006 1252 5082 dignaremur,
1272 5020 1371 5082 quum
1387 5020 1500 5082 speres
1513 5006 1632 5068 exinde
1651 5022 1731 5084 pro-

107 5112 155 5160 cas
176 5105 272 5166 aliter
294 5120 362 5168 non
388 5104 543 5166 duximus
569 5104 786 5177 revocandas,
815 5104 882 5165 nisi
936 5104 1054 5165 ventus
1068 5102 1177 5178 ipsine
1193 5102 1344 5164 ecclesias
1366 5103 1638 5178 arngnnentandos.
1659 5102 1729 5165 Nos

108 5198 193 5271 qnod,
210 5202 312 5265 sitibi
326 5202 526 5265 auctoritate
538 5202 688 5278 ipsarum
702 5200 883 5278 procedere
936 5201 1048 5278 itaque
1063 5200 1170 5262 detua
1186 5199 1386 5261 discretione
1394 5200 1524 5276 plenam
1538 5200 1572 5259 in
1587 5201 1728 5263 Domino

107 5305 163 5353 non
185 5297 301 5373 placet,
325 5297 509 5363 dirtrictius
530 5297 732 5370 inhibemus,
760 5314 803 5360 ne
824 5313 883 5375 per
937 5298 1092 5359 fiduciam
1114 5297 1312 5367 obtinentes,
1327 5296 1526 5359 fraternitati
1541 5298 1607 5358 tura
1622 5297 1730 5359 licen-

109 5402 158 5451 aas
173 5393 376 5472 aliquatenus
396 5396 594 5474 procedatur
619 5395 749 5457 litteras
771 5395 881 5472 ipsas3
936 5396 1017 5457 tiam
1038 5394 1250 5457 concedimus
1267 5392 1727 5470 ,postulatamdummodoad

108 5485 137 5548 et
147 5489 174 5551 si
186 5492 262 5569 quid
276 5492 360 5558 torte
376 5486 491 5558 contra
505 5491 692 5572 praescios,
709 5494 743 5558 te
764 5492 881 5564 invito,
937 5492 970 5555 id
983 5492 1120 5569 capituli
1137 5490 1187 5554 tui
1214 5504 1396 5552 cousensus
1409 5489 1556 5565 accedat,
1577 5492 1610 5555 et
1624 5491 1729 5556 ideo-
