4014 6224
216 260 276 331 147
825 267 1071 363 uenenum
1092 273 1240 345 orbus.
1798 281 1859 357 iis

216 422 348 515 dilectis
362 422 441 487 illlis
462 423 587 497 decano
609 424 643 491 et
658 424 805 505 capitulo
819 426 853 497 S.
869 428 1008 497 Memini
1064 431 1130 504 tur,
1145 433 1232 515 qnod
1242 449 1284 499 ea
1300 452 1376 519 qnae
1389 434 1598 503 venerabiles
1611 436 1734 507 humes
1746 441 1859 507 nosne

217 522 422 607 leodiensis,
448 521 588 585 salutem
612 522 646 584 et
668 523 884 601 apostolicam
906 525 1010 590 bene,
1066 531 1241 595 tiernensis
1253 533 1524 613 archepiscopus
1532 535 1582 615 (1)
1602 540 1641 601 Δ.
1658 540 1691 599 S.
1710 538 1856 614 legatus,

215 617 406 682 dictionem.
1063 627 1097 689 et
1111 628 1315 705 suffraganei
1329 631 1394 702 sui,
1410 631 1452 693 de
1464 633 1623 695 vicesima
1641 649 1701 711 pro
1719 636 1857 710 negotio

257 719 344 781 Sane
368 716 582 793 significastis
606 719 711 792 nobis,
744 720 832 797 quod
855 736 875 783 a
898 720 1008 797 longis
1063 723 1140 784 fidei
1153 724 1360 799 ordinarunt,
1385 728 1464 790 licet
1481 729 1595 791 dilecti
1618 729 1680 793 dlii
1693 731 1858 793 suessio·-

214 816 305 879 retro
329 813 530 891 temporibus
554 817 697 885 ecclesia
719 819 831 881 vestra
856 819 1009 895 superior
1062 820 1175 885 nensis
1190 824 1222 884 et
1234 824 1484 889 Cameracensis
1498 824 1628 899 decani,
1644 827 1678 888 et
1695 829 1858 903 magister

216 912 253 977 in
271 910 507 989 temporalibus
526 914 614 976 iuter
635 914 720 979 alias
739 913 933 989 habebatur,
949 915 1007 978 sed
1064 918 1250 995 Stephanus
1265 921 1514 983 suessionensis
1535 922 1727 997 canonieus,
1740 925 1859 987 nuncii

215 1008 495 1079 invalescentibus
521 1013 636 1079 contra
657 1028 731 1073 eam
764 1013 868 1075 variis
895 1015 929 1075 et
952 1012 1007 1075 di-

214 1103 322 1169 versis
350 1108 645 1187 persecutionibus,
676 1108 719 1173 ed
751 1110 883 1173 tantam.
903 1108 1007 1173 deve-

216 1202 314 1273 nerat
336 1201 494 1282 inopiam,
521 1205 608 1283 quod
629 1206 670 1269 de
694 1205 881 1287 praebendis
902 1207 1008 1285 ipsius

215 1298 368 1363 eeclesiae
388 1317 454 1366 non
476 1304 635 1381 poteratis
657 1305 851 1376 sustentari,
876 1305 910 1367 et
927 1320 1009 1367 oon·

215 1397 345 1461 suetum
358 1398 466 1463 eidem
484 1399 672 1478 impendere
687 1401 893 1465 famulatum.
913 1403 1006 1465 Unde

213 1495 416 1561 venerabilis
428 1497 532 1561 irater
543 1502 656 1562 noster
670 1500 880 1565 coloniensis
894 1499 1007 1569 archi-

213 1592 390 1670 episcopus
427 1596 712 1672 metropolitanus,
757 1598 791 1663 et
831 1596 1008 1674 episcopus

214 1689 408 1755 leodiensis
421 1690 628 1757 dioecesanus
638 1693 715 1765 loci
726 1691 909 1755 miserabili
920 1696 1008 1772 ejus·

214 1784 288 1849 dem
304 1787 453 1849 ecclesiae
472 1790 561 1851 statu
584 1792 733 1866 pensato,
754 1790 796 1852 ud
816 1790 1005 1853 relevamen

213 1882 321 1961 lpsIus
335 1884 369 1947 et
384 1885 511 1949 cultum
532 1885 568 1949 iu
590 1902 630 1951 ea
645 1887 821 1964 pristinum
838 1903 1006 1965 reparan-

214 1978 292 2040 dum
310 1980 350 2041 de
365 1981 520 2045 Milehem
541 1999 616 2045 cum
636 1984 845 2061 pertinentiis
867 1985 948 2057 suis,
965 1984 1006 2046 de

214 2077 361 2149 Famula,
378 2077 418 2139 de
432 2080 596 2151 Berreste,
612 2079 653 2142 de
667 2081 744 2142 Usci
763 2082 794 2144 et
814 2081 853 2142 de
868 2081 1005 2142 Marciis

211 2174 383 2245 ecclesias,
413 2175 634 2251 capitulorum
666 2192 802 2239 suorum
828 2177 1005 2239 accedente

214 2286 389 2341 consensu,
406 2271 499 2333 vohis
514 2276 548 2333 et
569 2273 676 2334 eidem
696 2274 781 2347 loco,
799 2274 931 2350 pietatis
951 2276 1005 2334 in-

212 2366 300 2428 tuitu
321 2370 568 2432 concesseruut.
589 2371 658 2433 Nos
680 2386 758 2448 ergo
781 2372 901 2433 vestris
924 2388 1006 2448 sup-

213 2463 449 2540 plicationibus
473 2467 667 2539 annuentes,
696 2467 783 2545 quod
805 2484 864 2545 per
888 2468 1003 2530 archi-

212 2561 404 2639 episcopum
425 2562 458 2624 et
480 2564 683 2641 eplscopum,
712 2565 745 2626 et
770 2566 915 2642 capitula
943 2582 1004 2627 sua

212 2657 372 2732 praedicta
392 2659 447 2735 pie
468 2674 568 2736 super
585 2661 649 2722 hoe
670 2663 703 2723 et
720 2662 859 2736 provide
882 2662 1003 2723 lactum

211 2754 274 2822 est,
288 2755 383 2816 robis
396 2757 429 2818 et
440 2772 499 2833 per
512 2773 572 2819 vos
584 2758 734 2829 ecclesie
748 2763 869 2821 restrae
889 2760 1008 2822 aucto-

212 2851 312 2913 ritate
330 2854 518 2929 Apostolica
542 2856 777 2918 confirmamus
797 2857 830 2918 et
851 2872 1003 2933 praesen-

211 2947 256 3009 tIs
277 2948 391 3026 scripti
418 2952 603 3027 patrocinio
634 2954 888 3014 communimus.
912 2954 1005 3015 Nulli

213 3059 292 3121 ergo
309 3048 442 3110 omniuo
451 3048 623 3110 homiuum
634 3050 734 3112 liceat
747 3050 835 3111 hanc
849 3051 1006 3127 napinam

210 3144 334 3203 nostrae
363 3145 583 3220 protectionis
601 3148 637 3208 et
664 3147 925 3208 confirmationis
950 3148 1004 3208 iu-

213 3237 371 3314 ningere,
389 3242 441 3303 uel
462 3243 494 3307 ei
512 3257 598 3307 ausu
620 3243 799 3315 temerario
825 3245 1001 3309 contraire.

214 3334 249 3394 Si
269 3335 342 3410 quis
360 3337 470 3397 autern
485 3336 548 3399 hoc
563 3341 728 3400 attentare
743 3341 1001 3416 praesumpserit,

212 3428 475 3505 indignationem
492 3434 728 3510 omnipotentis
747 3435 806 3496 Dei
831 3437 864 3497 et
883 3436 1002 3499 bealo-

212 3540 287 3587 rum
302 3528 393 3589 Petri
408 3529 441 3590 et
456 3531 552 3591 Pauli
565 3529 793 3608 apostolorum
806 3534 878 3610 ejus
894 3549 929 3595 se
942 3550 1004 3595 no·

211 3622 300 3685 verit
326 3624 551 3686 incursurum.
578 3628 700 3691 Datum
723 3630 891 3701 Laterani,
912 3632 1003 3692 XVII

211 3719 280 3783 kal.
292 3721 391 3803 junii,
405 3723 622 3805 pontificatus
634 3725 740 3787 nostri
759 3740 848 3787 anno
864 3724 999 3807 (sexto).

520 4036 694 4124 CLXXII

208 4176 1006 4262 Aduapitumetoumcmnememnpmetuctn,

500 4314 533 4373 17
553 4315 622 4375 maii
639 4316 718 4383 1222.
761 4310 764 4317 ’

209 4435 347 4504 [Bouquet
357 4435 461 4489 ilecneil
472 4436 515 4488 des
522 4437 588 4488 llist.
602 4439 708 4582 {18}ss
719 4438 763 4490 ⁷2¹
771 4459 778 4500 ς
792 4440 889 4505 aegest.
903 4439 1003 4505 llh.Vl,

528 4518 602 4582 epist.
662 4555 668 4567 .

208 4623 366 4683 Pemedet
393 4625 536 4682 Honorius
558 4625 680 4694 clerlcis,
698 4631 730 4682 ut
752 4625 930 4695 mceumem,
947 4625 1005 4684 hoc

243 4712 408 4784 triennium,
429 4713 589 4771 voluntarie
607 4713 779 4785 persolvent,
794 4720 823 4770 et
842 4723 950 4771 metum
965 4713 1002 4771 de

243 4798 375 4872 impositu
401 4800 547 4858 taxatione
568 4801 597 4856 iu
621 4807 766 4873 posterum
793 4799 882 4857 demit
892 4807 1000 4861 asserta

226 4903 343 4955 ,eorum
357 4888 487 4947 libertate
509 4895 611 4947 contra
624 4890 776 4961 episcopos
794 4894 824 4946 et
843 4887 999 4961 archiepis·

243 4991 341 5049 copus.

247 5103 416 5167 Honorius
430 5100 644 5178 episcopus...
663 5100 793 5165 dilectis
808 5101 888 5163 filiis
903 5102 999 5180 capi-

207 5198 286 5260 tulis
299 5201 332 5261 et
344 5199 403 5261 toti
423 5199 513 5260 clero
538 5198 710 5261 Remensis
729 5199 922 5277 provinciae,
940 5216 999 5262 su-

208 5296 510 5456 teII'oIItInoueatur
524 5394 634 5457 vestre
650 5393 808 5457 discretio
820 5392 874 5457 vel
887 5394 1001 5457 turbe·

245 5544 288 5620 u)
303 5506 515 5608 cummunio
529 5550 669 5610 summu

1061 1016 1165 1076 nestri
1175 1031 1274 1093 super
1282 1017 1355 1089 hoc,
1366 1019 1524 1083 sicutriri
1535 1020 1665 1101 providi
1677 1022 1712 1083 et
1725 1021 1855 1094 tideles,

1062 1111 1158 1175 nobis
1173 1113 1387 1176 vehementer
1400 1115 1593 1189 institerint,
1615 1132 1682 1179 non
1697 1117 1858 1181 duximus

1061 1207 1278 1280 immutanda,
1295 1208 1357 1272 hoc
1368 1210 1513 1272 maxime
1525 1211 1711 1273 devitantes
1721 1227 1765 1274 ne
1777 1227 1860 1273 con·

1061 1304 1115 1367 tre
1151 1321 1212 1369 nos
1249 1305 1445 1369 laxarentur
1471 1307 1561 1369 labia
1595 1308 1855 1383 detrahentium,

1061 1401 1222 1481 nobisque
1237 1401 1440 1479 imputarent
1453 1404 1558 1480 ipsius
1568 1405 1702 1469 ruinam
1713 1406 1855 1483 negotii,

1061 1497 1090 1556 sl
1104 1499 1220 1563 contra
1234 1498 1316 1560 illud
1327 1499 1364 1559 in
1377 1499 1534 1561 instantis
1545 1500 1756 1563 necessitatis
1770 1501 1858 1563 erti-

1061 1594 1135 1667 culo
1167 1594 1286 1657 iecisse
1311 1595 1437 1672 aliquid
1466 1596 1667 1663 videremur.
1695 1596 1859 1667 Veientes

1059 1691 1171 1753 autem
1187 1690 1334 1755 libertati
1347 1695 1467 1755 vestre
1479 1694 1516 1753 iu
1538 1694 1707 1771 posterum
1724 1709 1857 1770 praeca-

1059 1803 1149 1859 qere,
1165 1790 1363 1852 auctoritate
1388 1792 1602 1867 praesentium
1628 1790 1855 1863 declaramus,

1060 1900 1145 1946 onus
1165 1885 1279 1962 ipsius·
1295 1887 1464 1949 vicesima
1486 1887 1715 1965 persoluendae
1732 1887 1776 1953 ab
1791 1903 1853 1949 ar-

1060 1979 1269 2058 chiepiscopo
1284 1982 1473 2061 supradicto
1488 1984 1523 2047 et
1548 1985 1625 2045 aliis
1648 1999 1718 2045 non
1735 1985 1855 2065 petes·

1058 2076 1126 2139 tate
1152 2078 1334 2151 ordinaria,
1356 2079 1413 2141 sed
1440 2080 1640 2143 auctoritate
1655 2082 1857 2161 tirociniis&

1059 2173 1249 2251 impositum
1276 2175 1370 2237 vobis
1397 2192 1479 2251 esse,
1504 2176 1712 2238 decernendo
1740 2194 1785 2239 ne
1810 2193 1856 2243 ex

1059 2286 1098 2331 eo
1122 2272 1208 2355 quod
1236 2271 1330 2334 vobis
1348 2273 1550 2350 irrequisitis
1570 2274 1764 2351 impositum
1789 2274 1856 2339 tuit

1058 2383 1143 2429 onus
1151 2369 1351 2446 hujusmodi,
1366 2370 1596 2449 praejudicium
1608 2371 1742 2451 aliquod
1759 2370 1857 2433 robis

1058 2467 1094 2525 in
1105 2468 1277 2543 posterum
1290 2470 1478 2545 generetur,
1493 2483 1534 2528 ac
1557 2467 1741 2529 districtius
1755 2467 1854 2531 iuhi-

1059 2561 1165 2623 bendo
1180 2578 1223 2624 ne
1243 2563 1488 2641 archiepiscopi
1505 2564 1559 2625 nel
1573 2564 1722 2645 episcopi
1734 2565 1853 2637 vestri,

1059 2659 1248 2737 hujusmodi
1260 2659 1446 2731 occasione,
1458 2662 1661 2739 praesumant
1672 2661 1707 2721 in
1716 2676 1777 2722 vus
1787 2660 1856 2722 sibi

1058 2755 1229 2819 vindicare
1243 2771 1364 2818 nouam
1377 2756 1435 2817 aut
1455 2757 1622 2819 insolitam
1641 2758 1851 2835 potestatem.

1057 2840 1199 2925 hdhaec,
1224 2852 1381 2931 quidquid
1405 2852 1546 2915 subsidii
1561 2869 1782 2931 personarum
1793 2855 1856 2917 aut

1058 2964 1170 3011 rerum
1183 2948 1362 3013 conteretis
1385 2951 1519 3025 negotio
1542 2952 1737 3023 memorato,
1757 2950 1854 3013 robis

1057 3047 1099 3107 in
1123 3045 1381 3109 satisfactionem
1420 3048 1606 3111 uestrorum
1643 3046 1854 3127 injungimus

1058 3143 1281 3221 peccatorum.
1296 3146 1363 3206 Vos
1385 3143 1487 3223 igitur
1509 3143 1559 3204 sic
1570 3142 1753 3207 voluntarii
1766 3143 1853 3205 sub-

1057 3240 1201 3303 venietis
1213 3240 1347 3316 negotio
1355 3240 1545 3317 saepedicto,
1559 3239 1646 3317 quod
1655 3239 1856 3317 obsequium

1057 3338 1204 3397 vestrum
1232 3338 1397 3413 umquam
1426 3337 1644 3413 spontaneum
1655 3337 1797 3397 Domino
1809 3338 1854 3398 sit

1058 3434 1240 3511 acceptum,
1254 3433 1287 3494 et
1299 3447 1359 3493 uos
1372 3433 1545 3494 caritatem
1560 3433 1708 3494 vestram
1724 3431 1854 3493 debea-

1057 3545 1131 3589 mus
1156 3529 1275 3591 merito
1303 3529 1545 3590 commendare.
1571 3530 1693 3592 Datum
1726 3528 1850 3602 alatri,

1056 3627 1131 3687 xvl
1145 3625 1213 3686 kal.
1225 3625 1325 3703 iuuit,
1338 3640 1427 3689 auno
1440 3626 1547 3689 sexte.

1351 3979 1547 4069 CLXXIII

1075 4131 1128 4190 nu
1145 4102 1372 4203 enucleam,
1394 4134 1600 4193 senensem
1617 4131 1824 4205 omnemne.

1344 4268 1379 4325 u
1391 4267 1460 4325 uui
1476 4268 1555 4326 iera

1086 4397 1224 4463 [bouquet
1237 4398 1310 4458 thid„
1322 4413 1350 4463 p.
1360 4399 1420 4459 mr
1432 4400 1541 4463 unget,
1551 4398 1597 4451 lib.
1610 4399 1653 4459 vt,
1665 4401 1740 4464 epist
1749 4399 1820 4466 add]

1055 4522 1194 4592 Quoniam
1203 4522 1353 4583 benensis
1361 4522 1753 4597 archepiscopussuperteri
1760 4539 1851 4596 nuno,

1090 4610 1269 4671 amicabilem
1283 4609 1389 4669 iecerit
1399 4612 1636 4684 compositionem
1649 4627 1716 4670 cum
1729 4612 1851 4685 quibus·

1089 4695 1158 4755 leur
1175 4698 1313 4770 capitulis
1326 4699 1538 4757 cathedralibus
1556 4700 1593 4757 de
1616 4699 1755 4761 solvende
1770 4702 1852 4759 viee·

1089 4785 1161 4841 sime
1178 4792 1257 4857 parte
1270 4784 1440 4855 reddituum,
1453 4793 1552 4845 censet
1563 4789 1707 4846 Honorius
1718 4789 1855 4848 similiter

1090 4872 1235 4947 egendum
1252 4873 1338 4935 cuuis
1348 4874 1576 4948 Insequentibus.

1094 5006 1261 5068 Honorius
1287 5007 1513 5085 eptscopus...,
1537 5009 1728 5073 venerabili
1752 5011 1854 5074 tratri

1055 5103 1306 5180 archiepiscopo
1322 5106 1488 5177 ilemensi,
1509 5109 1548 5167 i„
1562 5109 1595 5167 S.
1609 5106 1738 5184 legato,
1748 5108 1852 5170 salu-

1054 5200 1208 5369 teIIceete
1223 5297 1283 5359 tihi
1296 5296 1492 5369 deferentes,
1509 5315 1569 5375 per
1588 5301 1740 5377 patentes
1755 5300 1853 5364 litto-

1054 5408 1110 5456 ras
1134 5396 1200 5456 tuae
1225 5394 1426 5458 fraternitati
1448 5396 1655 5471 mandemus,
1671 5398 1712 5460 ut
1727 5398 1854 5461 vicesi-
