3916 6204
653 413 881 475 EPISTOLAE.
906 412 983 472 LIB.
1006 412 1091 472 VIII.
1630 412 1691 472 582

72 425 121 487 oti

72 580 126 643 sihi
135 578 214 639 sicut
225 574 346 635 dicitur
357 572 557 635 liberalitate
573 573 677 648 regia,
690 573 756 634 imo
772 587 843 633 me-
897 571 1112 630 succurratur
1123 569 1287 631 exercitui
1301 568 1485 630 christiano
1499 568 1642 631 feliciter
1653 571 1688 631 in

72 678 127 739 rita
143 671 354 736 retributione
375 670 521 741 donavit,
552 669 720 731 hostiliter
748 668 842 730 ohsi—
897 664 1047 742 partihus
1077 664 1310 727 transmarims
1345 666 1484 727 Domino
1519 666 1688 740 militanti,

72 772 174 843 dendo,
197 785 260 831 non
274 767 461 839 advertens,
484 781 593 844 neque
614 766 842 837 considerans,
898 761 954 838 qui
969 762 1033 823 etsi
1042 762 1170 839 jugiter
1183 760 1394 823 convalescat
1408 763 1523 824 contra
1537 763 1690 825 inimicos

72 867 356 948 quamindiscreta,
383 879 426 926 ue
449 864 553 924 infida
577 863 737 934 dicamus,
767 865 845 922 sunt
899 857 1043 919 nomInis
1058 857 1245 929 christiani,
1261 860 1354 920 tanto
1368 859 1475 934 magis
1489 860 1691 922 tameusuc·

73 981 172 1029 eorum
183 962 329 1034 consilia,
352 962 410 1039 qui
423 959 485 1023 tihi
510 960 695 1037 suggerunt
714 959 748 1020 et
761 973 843 1019 sna·
898 970 999 1015 cursu
1014 953 1142 1030 indiget
1153 953 1297 1031 pleniori
1311 956 1433 1032 quanto
1458 956 1558 1017 latius
1573 958 1690 1018 inimi-

72 1064 146 1135 dent
157 1061 191 1124 ut
201 1061 430 1137 hoctempore,
442 1073 507 1134 quo
516 1057 578 1119 tihi
592 1072 686 1118 arma
698 1055 845 1117 inferun·
899 1066 1013 1112 corum
1026 1066 1192 1128 occupans
1204 1052 1312 1113 terras
1329 1066 1464 1113 necesse
1476 1053 1575 1114 hahet
1588 1070 1691 1114 occu-

73 1161 118 1223 tn
141 1158 283 1228 externa,
310 1157 346 1218 tu
380 1154 506 1216 inferas
543 1168 637 1215 arma
674 1153 752 1225 tuis,
788 1151 844 1228 qui
899 1147 986 1224 patis
1011 1146 1131 1223 probos
1155 1147 1314 1222 deputare
1339 1148 1503 1219 custodes,
1527 1148 1625 1210 talem
1650 1151 1691 1210 ad

73 1255 187 1318 ehamsi
212 1254 245 1316 te
273 1252 422 1330 graviter
447 1250 675 1318 offendissent,
708 1248 845 1311 deheres
900 1242 1261 1305 commonefaciendum
1276 1244 1377 1319 sup'er
1397 1242 1461 1306 hoc
1475 1245 1694 1306 christifide-

72 1356 135 1415 tuas
157 1351 195 1413 ad
220 1365 366 1428 praesens
392 1348 604 1410 dissimulare
631 1347 785 1425 injurias,
813 1345 847 1406 et
900 1340 948 1401 les
961 1341 1109 1415 oportuit
1123 1356 1183 1401 nos
1204 1340 1340 1415 eligere,
1357 1339 1413 1416 qui
1434 1341 1543 1401 zelum
1560 1341 1618 1402 Dei
1631 1340 1694 1403 ha-

73 1451 150 1526 ipsos
162 1444 261 1523 regiis
275 1445 447 1508 beneflciis
461 1443 603 1506 reddere
616 1444 652 1504 in
666 1444 723 1504 tua
736 1444 768 1504 et
790 1456 847 1502 re-
900 1435 981 1495 hens
993 1434 1173 1496 secundum
1185 1435 1358 1496 scientiam
1376 1451 1442 1496 non
1457 1436 1567 1497 minus
1576 1437 1694 1498 merito

74 1546 121 1622 goi
140 1544 184 1606 tui
197 1542 389 1605 defensione
410 1543 585 1604 unanimes
601 1542 635 1603 et
652 1538 843 1609 concordes,
900 1531 1087 1593 sanctitatis
1109 1534 1142 1593 et
1156 1547 1293 1608 operum
1308 1532 1493 1611 exemplari
1511 1549 1610 1609 quam
1625 1534 1696 1595 vir-

74 1644 165 1703 elnon
176 1640 351 1701 incendere
361 1654 501 1715 regnum
511 1637 620 1715 ipsum
630 1636 844 1707 intrinsecus,
899 1628 969 1689 tute
983 1627 1075 1690 vocis
1090 1627 1131 1688 ad
1152 1626 1398 1705 obsequendum
1422 1629 1561 1689 Domino
1586 1645 1694 1706 popu-

75 1737 221 1814 quodiam
234 1736 444 1798 extrinsecus
459 1735 563 1797 ardet.
578 1737 657 1795 »De
672 1733 776 1794 Gallis
790 1731 846 1794 lo·

74 1834 176 1912 qoihn,
191 1834 258 1912 qui,
285 1834 323 1895 ut
337 1832 494 1904 diximus,
523 1832 636 1909 plures
652 1831 763 1907 ipsius
775 1830 845 1891 cis-

32 1971 34 1975 ·
74 1931 200 1993 mannas
209 1928 399 2007 provincias
412 1928 623 2005 subegerant.
643 1929 847 1989 ‹Mouemus

74 2028 161 2103 igtur
179 2026 390 2091 serenitatem
409 2027 512 2097 tuam,
536 2026 569 2087 et
592 2025 766 2087 hortamur
791 2024 846 2084 at-

74 2125 159 2197 tente,
184 2125 245 2187 etc.
271 2141 293 2186 s
318 2123 467 2185 inculcat
490 2123 527 2183 ut
554 2121 661 2184 foedus
684 2136 760 2182 cnm
788 2119 847 2181 illo

901 1725 969 1786 lum
984 1724 1356 1798 eiilcaciterexcitaret3
1373 1727 1406 1787 et
1426 1740 1504 1787 ecce
1524 1742 1544 1788 a
1568 1726 1695 1788 dextris

901 1825 953 1884 est
965 1822 1018 1882 vir
1032 1822 1179 1883 dexterae
1194 1821 1397 1883 venerahilis
1419 1822 1523 1884 irater
1544 1825 1693 1885 noster...

902 1919 1077 1996 episcopus
1108 1919 1294 1981 Hostiensis
1323 1919 1381 1997 qui
1407 1919 1545 1982 dextera
1581 1922 1695 1983 divina

901 2015 1060 2092 tanquam
1069 2016 1187 2077 cedrus
1197 2016 1315 2077 Libani
1326 2016 1483 2094 praelatus
1491 2017 1526 2078 in
1537 2016 1695 2079 Ecclesiae

903 2112 1070 2190 paradiso,
1095 2112 1272 2176 altitudine
1292 2114 1581 2190 contemplationis
1608 2130 1697 2177 erec·

902 2210 967 2281 tus,
983 2211 1143 2272 virtutum
1161 2210 1262 2272 odore
1283 2211 1407 2283 suavis,
1436 2210 1533 2272 famae
1554 2212 1698 2273 sinceri·

903 2308 972 2368 tate
995 2307 1127 2384 penitus
1155 2307 1380 2385 imputribilis,
1406 2322 1475 2368 non
1502 2307 1610 2368 solum
1636 2325 1697 2370 sua

903 2403 1097 2467 fortitudine
1110 2404 1152 2465 ad
1161 2403 1557 2467 sustentationemdomus
1565 2405 1698 2466 Domini

905 2501 1071 2578 operatur,
1086 2515 1204 2562 verum
1224 2500 1325 2562 etiam
1346 2500 1532 2562 honestatis
1554 2500 1699 2563 candore

905 2598 1012 2675 ipsius
1038 2597 1249 2676 superficiem
1276 2600 1503 2660 convenustat.
1529 2598 1593 2660 Sed
1621 2599 1701 2661 licet

905 2695 1011 2771 ipsius
1036 2696 1214 2771 praesentia
1238 2710 1317 2757 cara
1338 2695 1435 2757 nohis
1449 2696 1547 2758 valde
1560 2711 1698 2759 carere-

906 2807 979 2853 mus
995 2792 1105 2864 inviti,
1122 2793 1235 2869 utpote
1259 2795 1354 2870 cujus
1369 2793 1510 2854 oonsilio
1525 2793 1558 2855 et
1571 2794 1699 2855 auxilio

906 2889 1087 2966 plurimum
1121 2889 1321 2964 indigemus,
1355 2906 1398 2950 ne
1432 2891 1544 2951 tamen
1570 2893 1699 2954 tantum

907 2985 1029 3047 Christi
1044 2986 1213 3062 negotium
1239 2986 1362 3047 nostris
1381 2989 1580 3064 postponere
1607 3004 1701 3049 com-

907 3082 1013 3145 modis
1036 3082 1221 3152 videamur,
1247 3097 1322 3143 eum
1349 3083 1390 3143 ad
1410 3082 1474 3144 hoo
1496 3084 1700 3160 providimus

908 3178 1143 3256 deputandum,
1160 3180 1196 3240 ut
1222 3177 1363 3254 fungens
1396 3180 1503 3256 plenae
1523 3180 1700 3257 legatIonis

908 3275 1020 3338 officio
1033 3290 1093 3353 pro
1108 3275 1240 3337 Christo
1259 3276 1463 3352 evangelizet
1477 3278 1607 3355 populis
1619 3293 1700 3340 ver·

908 3372 986 3433 hum
1001 3372 1121 3444 crucis,
1149 3373 1183 3435 et
1203 3372 1288 3433 alias
1303 3374 1393 3435 recta
1418 3389 1535 3450 regere
1550 3375 1583 3436 et
1607 3374 1701 3437 indi-

908 3470 999 3531 recta
1014 3469 1159 3546 dirigere
1181 3470 1336 3545 satagens
1359 3471 1510 3547 asperari
1531 3476 1704 3536 convertat
1768 3456 1770 3463 ,

910 3567 944 3627 in
956 3566 1068 3643 plana,
1082 3565 1281 3643 extirpando
1293 3566 1375 3628 vitia
1390 3569 1423 3629 et
1437 3568 1617 3645 plantando
1627 3570 1701 3631 vir-

109 3660 855 3741 Quumisquisecundnmsnaeomnipoteutiam
909 3662 1017 3736 tutes;
1038 3661 1169 3722 firmam
1193 3676 1284 3739 spem
1306 3661 1526 3740 fiduciamque
1553 3666 1702 3728 tenentes

78 3761 243 3835 majestatis
272 3775 337 3822 nec
375 3759 447 3821 loco
478 3758 587 3835 potest
617 3770 679 3818 nec
707 3760 856 3834 tempore
910 3757 996 3836 quod
1011 3758 1170 3820 Dominus
1185 3759 1243 3835 qui
1261 3759 1293 3820 ei
1308 3759 1455 3834 linguam
1471 3762 1703 3823 contuliteru-

79 3857 310 3932 comprehendi,
324 3857 437 3933 utpote
456 3853 812 3931 incircumscriptibilis
823 3856 857 3916 et
911 3854 1024 3927 ditum,
1045 3854 1128 3916 dans
1149 3855 1225 3916 voci
1239 3857 1312 3932 eJus
1331 3870 1446 3916 vocem
1464 3856 1598 3918 virtutis
1620 3872 1700 3931 suae,

78 3949 240 4016 immensus
263 3958 299 4018 et
325 3953 454 4015 stabilis
486 3967 626 4013 manens
655 3952 710 4015 dat
737 3953 856 4012 cuncta
909 3952 945 4013 in
966 3951 1174 4028 heneplacito
1197 3966 1258 4012 suo
1273 3951 1394 4027 diriget
1408 3951 1480 4014 vias
1493 3956 1576 4031 ejus,
1598 3953 1703 4031 ipsius

79 4052 198 4124 moveri,
211 4050 315 4114 faciat
330 4050 467 4128 spiritus
490 4064 568 4110 suos
584 4047 720 4124 angelos
734 4048 768 4110 et
788 4048 856 4108 mi·
911 4046 1068 4108 facundia
1095 4049 1223 4108 mentes
1244 4046 1449 4110 audientium
1471 4048 1702 4112 foecundaodo.

78 4143 194 4219 ochos,
208 4150 242 4213 et
252 4149 415 4211 coelorum
425 4145 602 4209 altitudine
614 4144 773 4206 inclinata
787 4156 858 4206 car·
911 4145 1074 4205 Gaeterum
1086 4142 1160 4216 etsi,
1177 4146 1250 4221 ejus
1271 4145 1424 4221 exemplo
1438 4148 1533 4223 cujus
1547 4147 1705 4210 immeriti

79 4256 141 4304 uem
152 4244 331 4308 humanam
351 4259 525 4307 assumens
538 4258 598 4320 pro
614 4257 654 4303 eo
667 4240 754 4318 quod
772 4241 858 4302 deli·
910 4241 1017 4302 vicem
1031 4240 1189 4316 gerimus,
1213 4241 1299 4318 quod
1323 4242 1379 4302 uni
1402 4257 1446 4304 ex
1459 4243 1605 4305 minimis
1626 4260 1707 4306 nos-

39 4390 40 4401 ,
79 4337 206 4404 ciasuae
220 4343 390 4405 suntesse
404 4356 479 4402 cum
495 4338 771 4411 iiliishominum,
788 4338 858 4399 dis·
910 4337 972 4398 tris
987 4336 1024 4398 ιιι
1042 4336 1138 4398 nohis
1163 4337 1237 4399 fleri
1262 4339 1463 4415 reputemus,
1489 4341 1567 4417 quia
1592 4342 1704 4404 tamen

40 4440 43 4527 ²,
80 4435 190 4510 cipnlos
202 4455 286 4517 quos
299 4438 446 4514 elegerat
460 4435 664 4498 inmundum
678 4434 858 4498 destinavit
911 4433 997 4496 sicut
1019 4434 1116 4496 stelle
1136 4433 1248 4496 differt
1261 4450 1282 4495 a
1296 4435 1394 4496 stella
1418 4435 1452 4496 in
1474 4437 1638 4511 claritate,
1656 4439 1703 4502 ita

41 4532 43 4611 ζ
80 4534 266 4609 universum,
294 4536 333 4597 ut
352 4534 442 4597 omni
466 4533 689 4611 praedicarent
706 4534 859 4608 Evange-
911 4531 1067 4592 intereos
1081 4531 1132 4593 est
1146 4530 1316 4593 distinctio
1331 4532 1534 4606 meritorum,
1552 4550 1612 4597 nos
1637 4552 1700 4597 cu-

42 4614 45 4673 't
79 4625 336 4705 liumcreaturae,
353 4646 415 4693 suo
434 4646 495 4691 nos
518 4629 679 4691 iustruxit
692 4628 854 4705 exemplo,
911 4627 1039 4704 pientes
1059 4627 1254 4703 praedlctum
1279 4627 1471 4706 episcopum
1495 4646 1534 4692 eo
1560 4647 1706 4710 propen-

43 4688 46 4737 Ὺ
79 4726 109 4787 ιι
123 4730 190 4805 ejus
210 4730 391 4807 sequentes
404 4727 556 4805 vestIgia,
572 4741 673 4804 quum
695 4724 857 4801 assumpti
912 4724 982 4784 sius
992 4724 1163 4795 honorari,
1175 4740 1241 4801 quo
1251 4740 1393 4803 pereum
1405 4726 1506 4788 Sedes
1515 4729 1704 4805 apostolica

78 4818 331 4899 inplenitudine
354 4824 527 4904 potestatis
547 4838 609 4884 nec
635 4838 694 4899 per
716 4837 775 4883 vos
796 4836 858 4883 nec
913 4819 1087 4881 sublimius
1115 4820 1311 4893 honoratur,
1346 4822 1597 4886 universitatem
1630 4842 1707 4887 ves-

78 4932 128 4992 per
148 4937 206 4984 nos
229 4923 323 5001 ipsos
347 4921 511 4999 possimus
544 4919 687 4995 singulis
716 4917 858 4994 negotils
912 4918 998 4978 tram
1024 4932 1192 4994 rogamus,
1221 4934 1394 4981 monemus
1416 4922 1449 4982 et
1464 4921 1636 4984 hortamur
1649 4925 1705 4985 at-

78 5011 248 5093 imminere,
263 5021 356 5081 inter
369 5033 427 5080 eos
440 5030 523 5094 quos
542 5017 578 5077 in
593 5018 720 5094 partem
731 5014 860 5077 sollici·
912 5014 1002 5074 tante
1012 5016 1045 5074 et
1056 5015 1315 5091 perApostoIica
1326 5015 1420 5077 vohis
1433 5018 1705 5095 scriptaiirmiter

78 5111 189 5177 tudinis
202 5116 418 5179 evocavimus
431 5129 544 5187 onera,
558 5113 654 5190 quasi
667 5112 783 5175 tethro
804 5113 857 5173 usi
913 5110 1135 5187 praecipiendo
1150 5111 1358 5184 mandamus,
1373 5115 1537 5190 qnatenus
1554 5115 1705 5178 eumdem

78 5212 214 5285 consilio,
240 5213 429 5274 dividamus
461 5209 642 5287 unicuique
677 5208 857 5271 secundum
912 5208 1059 5284 legatum
1074 5208 1127 5269 vel
1148 5209 1335 5284 potlusuos
1358 5211 1483 5288 inipso
1504 5212 1704 5289 recipientes

77 5304 217 5371 usuum
232 5309 415 5387 propriam,
439 5296 514 5384 qum
527 5306 633 5368 variis
653 5305 858 5382 temporibus
913 5304 1067 5365 hilariter
1088 5309 1122 5366 et
1147 5304 1275 5378 devote,
1290 5320 1330 5368 ac
1356 5306 1465 5370 debita
1491 5310 1706 5373 veneratione

76 5398 237 5467 imminent
251 5405 497 5468 committendo.
524 5402 618 5465 Unde
646 5418 747 5479 quum
772 5402 859 5463 inter
912 5402 1103 5469 tractantes,
1119 5401 1226 5463 eidem
1242 5401 1277 5462 in
1290 5402 1442 5464 omnihus
1464 5407 1497 5466 et
1519 5420 1579 5481 per
1592 5407 1705 5469 omnia

76 5496 150 5559 alias
167 5501 404 5578 occupationes
429 5501 463 5561 et
488 5498 731 5561 sollicitudines
758 5498 859 5558 innu-
913 5497 1072 5559 studeatIs
1086 5497 1267 5563 efficaciter
1288 5497 1437 5571 ohedire;
1458 5500 1505 5561 fta
1521 5501 1607 5578 quod
1629 5519 1705 5567 eum

76 5608 173 5657 merae
193 5598 228 5659 et
245 5599 427 5658 immensas
449 5594 569 5672 quihus
593 5594 749 5670 angimur
770 5593 859 5655 ultra
912 5595 1091 5671 propitium
1113 5597 1148 5655 et
1164 5609 1225 5654 nos
1240 5593 1333 5656 vohis
1348 5595 1469 5658 exinde
1492 5598 1639 5661 reddatis
1654 5601 1706 5665 fa-

76 5688 163 5764 vires,
192 5693 257 5756 hoc
282 5692 462 5755 instantius
497 5691 679 5766 cogitemus
712 5689 859 5767 qualiter
912 5689 1077 5752 vorabiles
1093 5692 1126 5751 et
1141 5689 1314 5765 benignos.
1330 5691 1487 5768 Alioquin
1507 5698 1704 5762 sententiam

74 2220 160 2291 ineat,
171 2236 210 2282 ao
223 2219 402 2283 Pontificia
416 2218 557 2281 consilia
566 2215 732 2295 praeferat.
748 2232 767 2277 t
782 2218 850 2277 Da·

75 2318 132 2378 tum
145 2317 307 2379 Laterani.
325 2333 345 2377 s

357 2573 550 2661 CLXXIII

76 2727 117 2784 Ad
128 2726 362 2800 patriarcham
379 2727 648 2800 aquilegensem,
673 2724 852 2800 moqunti-

107 2837 192 2892 cum,
209 2827 469 2893 treverensem,
493 2823 738 2891 celeriteratem,
752 2822 853 2897 diag-

108 2920 355 2996 osburgensem,
366 2919 723 2992 etc.,orchteptscopos
733 2919 767 2978 ct
777 2920 854 2988 ejus

108 3016 350 3094 suffraganeos.

246 3164 331 3238 (Sine
344 3171 412 3221 nota
429 3161 657 3235 chronologIca.)

148 3302 324 3369 [Wnrdtweim
337 3305 410 3355 Nova
421 3302 544 3362 subsidia,
559 3308 579 3353 t.
591 3303 634 3362 iv,
649 3318 675 3367 p.
693 3302 760 3367 isa]

78 3438 155 3512 liugai
167 3455 215 3498 eoa
226 3441 399 3513 utlegatum
412 3438 607 3511 iiposiolicum
622 3435 697 3495 hene
716 3438 854 3511 recipiant

216 3544 250 3587 ac
261 3528 357 3587 eidem
370 3528 398 3584 in
408 3527 540 3586 omnibus
550 3526 694 3585 obediant.
