3886 6214
90 265 149 327 aas
704 264 935 326 narsaeus.
959 262 1037 326 ms.
1060 263 1130 327 vn.
1432 236 1436 241 ’
1677 260 1739 323 aas

90 423 285 500 suscipietis
310 423 477 500 episcopo,
503 420 534 482 sl
564 436 604 483 ea
629 422 735 498 gratis
761 424 795 485 et
817 423 890 485 sine
944 436 1087 499 persona
1109 421 1198 484 banc
1222 421 1346 482 nostra
1374 419 1622 482 constitutionis
1641 419 1738 497 pagi-

91 521 261 598 pravitate
283 519 398 596 aliqua
419 517 512 581 vobis
537 517 682 581 soluerit
709 519 888 595 exbiber03
944 535 1022 580 nam
1037 519 1146 580 sciens
1161 518 1277 580 contra
1293 532 1366 577 eam
1381 518 1507 579 temere
1521 516 1637 578 venire
1660 517 1737 579 ten-

90 617 244 693 alioquin
266 615 368 677 liceat
379 614 484 688 vobis,
502 630 742 693 quemcumque
762 616 892 677 malue-
944 616 1076 687 tenerit,
1104 614 1249 677 secundo
1272 615 1413 677 tertiove
1437 614 1649 683 commonita,
1669 614 1738 675 nisi

85 714 167 775 ritis
186 712 283 775 adire
305 712 499 785 antistitem,
514 712 722 784 nostramet
741 728 891 774 commu·
944 713 1075 773 reatum
1098 728 1194 772 suum
1224 727 1369 787 congrua
1397 710 1627 773 satisfactione
1654 726 1734 773 cor-

87 811 227 875 bionem
252 808 455 886 Apostolioae
486 808 582 870 Sedis
614 808 808 885 habentem
833 808 890 887 qui
944 809 1081 881 rexerit,
1098 810 1270 886 potestatis
1285 809 1489 886 honorisque
1506 809 1558 869 sui
1573 808 1736 886 dignitate

88 907 187 972 vobis
212 907 413 969 auctoritate
438 906 533 968 Sedis
561 906 772 983 apostolicae,
803 906 889 983 quod
945 905 1076 976 careat;
1091 918 1249 981 reamque
1263 918 1300 964 se
1315 903 1429 964 divino
1438 903 1567 980 judicio
1591 904 1736 965 existere

88 1004 291 1083 postulatur,
303 1003 485 1080 impendat.
496 1002 647 1065 Obeunte
659 1018 740 1065 vero
750 1003 784 1065 te
798 1019 887 1065 nuno
944 1002 985 1062 de
1009 1001 1200 1078 perpetrata
1231 1000 1407 1077 iniquitate
1430 1003 1619 1077 cognoscat,
1649 1002 1682 1062 et
1716 1016 1737 1062 a

89 1101 244 1179 ejusdem
256 1100 323 1163 loci
334 1099 513 1173 abbatissa,
527 1100 582 1161 vel
591 1115 744 1162 sororum
755 1100 889 1162 tuarum
944 1098 1155 1159 sanctissimo
1179 1112 1318 1174 corpore
1342 1098 1376 1160 et
1404 1098 1568 1174 sanguine
1607 1098 1677 1171 Dei,
1702 1099 1737 1161 et

91 1198 152 1261 tibi
167 1198 322 1275 qualibet
334 1211 541 1270 successura,
566 1196 659 1258 nulla
672 1197 720 1258 ibi
745 1197 888 1273 cujusli-
945 1195 1077 1257 Domini
1093 1195 1199 1256 nostri
1220 1198 1300 1257 Jesu
1314 1194 1437 1256 Christi
1449 1195 1560 1256 aliena
1584 1195 1660 1269 liat;
1679 1197 1735 1258 at-

89 1295 146 1359 bet
157 1292 388 1373 subreptionis
402 1294 537 1366 astutia,
554 1309 614 1355 seu
634 1293 794 1356 violentia
807 1310 888 1371 pro·
944 1308 1008 1369 que
1019 1292 1054 1353 in
1069 1293 1219 1355 exhemo
1231 1292 1386 1353 examine
1394 1292 1552 1354 districtae
1566 1292 1737 1369 subjaceat

90 1392 248 1471 ponatur,
275 1391 343 1453 nisi
368 1407 467 1469 qnam
493 1405 627 1454 sorores
646 1391 815 1452 communi
829 1406 888 1451 as·
944 1390 1080 1465 ultioni;
1097 1391 1225 1452 cunchs
1240 1391 1352 1453 autem
1369 1390 1476 1451 eidem
1491 1390 1564 1452 loco
1580 1405 1641 1451 sua
1656 1393 1736 1468 jura

90 1505 205 1563 sensu,
222 1488 277 1552 vel
298 1503 451 1551 sororum
474 1503 553 1565 pars
573 1487 707 1550 consilii
730 1488 887 1561 sanioris,
943 1487 1155 1550 servantibus
1179 1488 1223 1549 sit
1246 1503 1313 1565 pax
1350 1488 1484 1550 Domini
1517 1488 1624 1550 nostri
1655 1490 1736 1551 lesu

90 1586 278 1649 secundum
289 1587 349 1647 Dei
368 1586 533 1657 timorem,
554 1588 588 1649 et
608 1585 697 1647 beati
716 1585 889 1647 Benedicti
943 1584 1084 1661 Christi;
1097 1586 1261 1662 quatenus
1287 1584 1320 1647 et
1333 1584 1389 1647 hic
1403 1584 1546 1647 fluctum
1567 1584 1664 1647 bonae
1678 1601 1738 1647 ao·

89 1684 243 1761 regulam
255 1682 462 1760 providerint
472 1682 670 1758 eligendam.
684 1682 887 1744 Electionem
942 1683 1044 1745 tionis
1065 1682 1261 1759 percipiant,
1283 1684 1317 1744 et
1337 1682 1425 1760 apud
1446 1682 1633 1745 districtum
1642 1684 1737 1760 judi-

90 1796 224 1859 quoque
249 1784 400 1844 Romano
430 1779 597 1853 Pontifici,
624 1780 679 1842 vel
704 1780 816 1856 legato
846 1779 888 1842 ab
942 1779 1309 1857 cempraemiaaeternae
1322 1780 1414 1857 pacis
1422 1779 1605 1843 inveniant.
1617 1784 1734 1843 llmen.

91 1881 165 1957 ejus
180 1878 287 1940 latere
299 1877 476 1950 destinato,
499 1878 559 1939 aut
582 1877 624 1948 ei,
651 1876 705 1938 cui
732 1876 889 1940 Pontifex
943 1878 1062 1938 Datum
1077 1877 1209 1938 Perusii
1224 1876 1312 1954 apud
1327 1878 1566 1939 monasterium
1579 1880 1614 1939 Β.-
1629 1876 1732 1951 Petri,

90 1978 265 2039 Romanus
279 1974 477 2053 injunxerit,
503 1973 753 2052 repraesentent,
779 1990 799 2036 a
823 1990 887 2053 quo
943 1974 1734 2051 lealendasaugusti,annoDominiMCGXIX,

89 2073 208 2136 electra
221 2072 487 2134 confirmationis
500 2074 533 2134 et
545 2072 787 2134 benedictionis
802 2087 885 2149 gra-
942 2072 1125 2135 indictiene
1137 2074 1210 2145 ΧΠ,
1227 2071 1439 2149 pontificatus
1453 2072 1579 2134 domini
1593 2073 1735 2136 Honorii

88 2171 148 2233 tire
163 2169 387 2247 impendatur.
404 2169 634 2231 correctiones
659 2170 797 2246 insuper
819 2171 888 2231 tam
943 2173 1043 2246 Papae
1056 2171 1102 2231 ΙΙΙ
1117 2185 1207 2231 anno
1223 2170 1386 2247 quarto.»

88 2266 224 2345 capitis,
247 2281 346 2344 quam
361 2266 585 2328 membrorum
606 2282 708 2343 super
721 2266 886 2340 omnibus,
981 2266 1075 2328 Nulli
1090 2282 1169 2343 ergo
1183 2267 1320 2328 omnino
1340 2266 1513 2328 hominum
1534 2268 1736 2331 liceathano

89 2378 167 2441 quae
190 2364 226 2424 in
240 2364 353 2426 vestra
368 2363 512 2426 ecclesia
531 2363 656 2426 fuerint
676 2364 885 2440 corrigenda,
942 2350 1098 2441 paginam
1116 2366 1240 2427 nostrae
1259 2363 1522 2427 confirmationis
1536 2364 1732 2442 infringere,

90 2461 156 2523 soli
172 2463 325 2524 Romano
347 2460 514 2545 Pontifici,
530 2462 583 2523 uel
598 2462 640 2534 ei,
655 2477 753 2539 quem
770 2461 887 2524 adhoc
941 2463 995 2525 vel
1014 2462 1045 2524 ei
1070 2478 1155 2524 ausu
1179 2462 1359 2524 temerario
1388 2462 1572 2538 contraire;
1604 2464 1735 2541 siquis
1771 2456 1774 2460 ’

90 2558 315 2636 deputaverit,
338 2573 561 2620 reservamus.
584 2558 803 2621 Prohibemus
818 2559 886 2635 igi·
942 2562 1053 2623 autem
1064 2560 1128 2621 hoc
1139 2560 1303 2623 attentare
1313 2561 1572 2637 praesumpserit,
1581 2558 1736 2637 indigna·

89 2658 158 2728 tur,
185 2671 229 2717 ne
253 2655 328 2733 quis
353 2655 539 2732 episcopus,
565 2656 619 2718 vel
643 2655 798 2733 quaelibet
820 2656 887 2717 alia
942 2658 1066 2721 donem
1081 2656 1316 2735 omnipotentis
1338 2658 1409 2730 Dei,
1429 2659 1462 2720 et
1483 2658 1656 2721 beatorum
1669 2662 1736 2721 Pe·

89 2752 333 2824 ecclesiastica,
343 2752 557 2815 secularisve
567 2767 710 2829 persona
716 2752 887 2815 libertates
941 2756 997 2828 tri,
1013 2758 1047 2818 et
1061 2756 1158 2817 Pauli
1169 2755 1395 2833 apostolorum
1405 2759 1478 2832 ejus
1491 2772 1527 2816 se
1542 2757 1673 2819 noverit
1687 2757 1736 2818 in·

88 2850 223 2912 vestras
236 2848 429 2925 infringere,
444 2852 503 2911 aut
516 2850 651 2914 obtentu
671 2849 887 2912 consuetudi·
942 2869 1128 2915 cursurum.
1150 2855 1271 2915 Datum
1293 2853 1461 2925 Laterani,
1475 2854 1551 2915 Vlll
1570 2853 1734 2915 kalendas

90 2948 157 3016 nis,
172 2948 229 3009 vel
243 2946 310 3008 alio
320 2947 417 3008 modo
430 2947 610 3025 quidquam
624 2963 644 3009 a
658 2946 754 3010 vobis
766 2947 888 3010 audeat
942 2951 1096 3025 octobris,
1110 2951 1322 3029 pontificatus
1336 2951 1442 3013 nostri
1457 2965 1544 3013 anno
1565 2952 1717 3029 septimo.

89 3047 306 3121 extorquere,
318 3060 378 3105 seu
388 3044 424 3105 in
433 3060 492 3106 vos
507 3046 541 3107 et
552 3042 729 3106 ecclesiam
739 3047 885 3107 vestram

88 3141 263 3204 interdicti
273 3141 326 3203 vel
336 3141 692 3205 excommunicationis
702 3141 886 3204 sententias

87 3236 246 3316 proferre
259 3239 450 3315 praesumat.
476 3240 583 3310 Quum
607 3241 717 3300 autem
736 3238 887 3316 generali
1311 3254 1369 3344 IV

88 3351 174 3398 voce
188 3335 291 3397 fuerit
302 3336 525 3410 interdictum,
542 3336 643 3398 liceat
657 3334 751 3399 vobis
762 3336 887 3398 clausis

85 3433 215 3511 januis,
232 3433 380 3495 exclusis
394 3433 703 3506 excommunicatis,
726 3435 760 3496 et
779 3433 888 3495 inter·
990 3407 1042 3467 Ad
1068 3406 1689 3518 01³¹⁸⁰⁰²²²⁴mf³0r5wb214120350310ae

90 3529 204 3601 dictis,
230 3545 299 3591 non
333 3529 474 3606 pulsatis
498 3530 682 3606 campanis,
708 3545 887 3606 suppressa
1197 3504 1295 3565 ΜΝ
1315 3504 1476 3580 leffium·

88 3642 185 3699 voce,
212 3627 327 3689 divina
349 3626 459 3689 officia
483 3627 664 3689 celebrare.
691 3627 887 3705 Specialiter
1188 3641 1221 3701 tl
1245 3642 1385 3716 septemb,
1407 3644 1485 3703 lm

91 3725 194 3786 etiam
208 3723 410 3798 inhibemus,
427 3740 469 3786 ne
484 3726 669 3798 usurarios,
694 3741 887 3788 excommu-
971 3764 1092 3830 [ΒΜ
1102 3764 1213 3823 lihvll,
1225 3765 1300 3829 episc
1310 3767 1413 3817 ,m
1426 3768 1547 3818 berorae
1561 3768 1596 3819 du
1609 3769 1702 3835 ML]

89 3822 234 3890 nicatos,
249 3821 437 3894 haereticos,
451 3820 506 3885 vel
531 3823 574 3884 de
595 3824 716 3884 haeresi
737 3822 885 3884 infama-

89 3919 153 3990 tos,
178 3920 213 3980 et
233 3919 431 3981 nominatim
446 3936 466 3981 a
482 3920 646 3982 Perusina
671 3921 814 3983 ecclesia
837 3921 887 3982 in·

88 4015 266 4083 terdictos,
282 4017 493 4092 praesumatis
511 4018 548 4077 in
565 4018 646 4089 vita,
662 4017 716 4083 vel
731 4018 766 4078 in
779 4019 886 4080 morte

91 4111 343 4190 quomodolibet
353 4114 503 4191 recipere
513 4114 554 4175 ad
565 4114 689 4177 divina.
703 4116 772 4177 Nec
787 4115 887 4177 liceat
980 4114 1158 4187 Honorius,
1180 4115 1255 4187 eto,
1282 4114 1468 4177 venerabili
1485 4115 1619 4178 fratri...
1640 4118 1731 4196 epis·

87 4210 186 4272 vobis
200 4210 407 4286 sepulturam
422 4209 558 4284 habere,
577 4211 644 4273 nisi
658 4211 836 4289 provehis,
853 4214 887 4274 et
940 4226 1021 4289 copo
1033 4213 1202 4283 portuen,
1215 4211 1414 4288 apostolica
1430 4212 1525 4275 Sedis
1537 4213 1659 4290 legato,
1676 4232 1733 4278 sa·

87 4306 166 4369 aliis
180 4308 347 4384 personis,
361 4324 435 4386 quae
450 4308 493 4370 ad
504 4311 654 4371 vestrum
667 4309 793 4371 fuerint
807 4325 885 4370 ser·
940 4308 1039 4370 lutem
1056 4310 1089 4371 et
1100 4309 1325 4385 apostolicam
1339 4308 1616 4372 benedictionem.

87 4404 209 4467 vitium
224 4405 401 4483 deputatae.
418 4406 468 4467 Ad
484 4406 646 4468 indicium
659 4407 769 4468 autem
784 4406 886 4484 hauns
980 4406 1262 4485 conquerentibus
1277 4406 1406 4469 dilectis
1422 4407 1537 4469 liliis...
1554 4408 1685 4484 abbate,
1699 4410 1733 4474 et

1073 3978 1151 4051 quod
1164 3979 1338 4036 canonicum
1351 3977 1437 4036 fuerit
1452 3979 1598 4039 decernat.

86 4501 209 4564 asede
223 4503 416 4579 apostolica
435 4506 600 4581 percepta
626 4502 802 4576 libertatis,
819 4520 884 4565 au·
939 4506 1104 4566 conventu
1118 4504 1312 4565 monasterii
1330 4505 1443 4568 Sancti
1455 4505 1565 4567 Pontii
1578 4507 1619 4568 de
1636 4508 1731 4569 Tho-

85 4612 183 4660 reum
206 4614 311 4660 unum
333 4600 528 4676 persolvetis
554 4603 704 4665 Romano
731 4601 885 4664 Pontifici
939 4602 1064 4673 mariis,
1087 4616 1148 4662 nos
1171 4601 1303 4663 noveris
1322 4601 1501 4679 accepisse,
1524 4603 1730 4681 quodquam

87 4696 274 4757 annuatim.
290 4697 507 4759 Decernimus
528 4713 620 4774 ergo,
641 4700 679 4760 ut
704 4699 789 4760 nulli
812 4716 885 4761 om·
939 4700 981 4760 ab
1007 4695 1273 4761 antecessoribus
1300 4699 1384 4770 suis,
1413 4700 1548 4777 propter
1569 4700 1729 4763 malitiam

86 4793 168 4856 nino
194 4794 369 4856 bominum
393 4795 496 4857 liceat
517 4795 689 4873 praelatum
716 4798 885 4859 monaste-
938 4795 1166 4872 etfrequentes
1180 4795 1335 4857 incursus
1343 4798 1577 4872 pravorum,in
1589 4814 1728 4875 quorum

84 4890 174 4951 rium
187 4892 315 4953 terame
334 4891 543 4968 perturbare,
565 4894 624 4956 aut
648 4896 721 4971 sJus
745 4910 882 4970 posses·
938 4894 989 4955 est
1011 4893 1120 4954 medio
1144 4892 1380 4954 monasterium
1403 4895 1546 4970 positum
1563 4911 1730 4957 memora-

85 4987 199 5049 siones
212 4987 359 5060 auferre,
380 4988 509 5051 ablatas
534 4990 691 5062 retinere,
717 4990 882 5061 minuere,
937 4992 1018 5062 tum,
1039 4990 1164 5067 praedia
1188 4990 1350 5065 quaedam,
1370 4991 1480 5062 terrae,
1502 4993 1727 5069 possessiones

86 5098 146 5144 seu
176 5085 344 5162 aliquibus
367 5085 601 5147 vexationibus
635 5086 790 5164 fatigare,
822 5088 881 5149 ¹sed
938 5089 971 5149 et
992 5086 1142 5148 redditus
1164 5086 1283 5147 Pontio
1304 5087 1450 5163 Olargio‚
1476 5090 1509 5150 et
1531 5088 1727 5165 quibusdam

86 5181 201 5242 omnia
234 5182 366 5257 integre
402 5185 643 5246 conserventur
670 5200 797 5256 earum,
823 5201 882 5262 pro
937 5184 1014 5245 aliis
1027 5183 1201 5253 militibus,
1220 5199 1280 5260 pro
1296 5184 1438 5246 tuitione
1453 5185 1529 5258 loci,
1547 5186 1580 5246 in
1593 5185 1726 5250 feudum

87 5293 230 5355 quarum
258 5279 514 5355 gubernatione,
549 5283 608 5343 aut
639 5282 883 5345 sustentatione
937 5297 1095 5343 concessa
1124 5282 1249 5343 fuerint
1276 5281 1318 5341 ab
1346 5282 1497 5357 antiquo,
1519 5297 1579 5359 pro
1607 5284 1727 5359 quibus

84 5389 245 5438 concessa
255 5378 345 5453 sunt,
358 5376 678 5441 usibusomnimodis
694 5379 880 5457 profutura,
937 5381 1004 5440 tarn
1020 5378 1096 5455 ipsi,
1120 5394 1218 5455 quam
1234 5377 1384 5440 haeredss
1401 5393 1516 5439 eorum
1530 5377 1654 5450 abbati,
1670 5385 1727 5458 qui

84 5472 182 5534 salva
196 5473 293 5535 Sedis
308 5474 509 5550 apostolice
531 5476 742 5538 auctoritate.
761 5478 882 5555 Siquis
937 5467 1149 5553 protempore
1155 5476 1314 5552 praeesset
1321 5476 1522 5536 monasterio
1531 5483 1725 5552 memorato,

83 5569 191 5646 igitur
203 5569 401 5632 infuturum
416 5572 646 5641 ecclesiastica
667 5574 882 5651 saecularisve
936 5574 971 5635 in
986 5575 1180 5652 perpetuum
1192 5571 1383 5649 homagium
1396 5569 1507 5637 facere
1519 5573 1726 5654 tenebantur,

230 5715 346 5759 naraon.
365 5718 440 5761 roua
458 5704 507 5765 lv.
1511 5705 1530 5762 8

940 3889 1057 3949 Mandat
1066 3897 1095 3949 ut
1107 3889 1144 3947 de
1158 3887 1353 3961 quibusdamn
1369 3890 1598 3950 malefactoribus
1608 3894 1743 3966 expulsis.

1940 3064 1942 3115 l

1941 3174 1942 3207 l
