4014 6224
212 233 271 295 175
824 239 1000 303 HONORII
1021 242 1068 303 111
1088 242 1236 305 OPERA.
1793 242 1853 304 liu

211 392 319 454 mensi
343 392 377 456 et
403 393 587 456 senonensi
611 395 869 470 archidiaconis,
893 400 926 461 et
940 414 1009 461 ma·
1060 415 1204 469 cessum,
1217 400 1326 477 ipsum
1346 397 1407 462 sub
1427 400 1519 461 carta
1544 398 1650 461 forma
1664 397 1853 463 venerabili

211 490 318 565 gistro
344 490 475 571 P(etr0)
509 492 551 554 de
583 493 798 565 collemedio,
833 496 1006 573 capellano
1060 497 1157 559 iratri
1173 500 1287 559 nostro
1298 497 1562 559 cenomannensi
1575 496 1731 574 episcopo
1746 495 1795 575 (7)
1820 499 1854 560 et

179 580 182 587 ’
211 588 338 660 nostro,
353 589 503 649 Parisios
518 592 748 663 commoranti,
772 592 925 666 salutem,
942 595 1005 657 etc.
1060 595 1131 657 suis
1139 590 1369 672 conjudicibus
1386 595 1628 656 committentes
1643 593 1703 673 (8).
1715 597 1853 663 Verum,

252 685 392 747 Inimico
421 686 565 759 bomine,
594 689 651 765 qui
672 689 824 752 incentor
842 691 1005 752 malorum
1061 692 1138 769 quia
1152 693 1187 753 in
1197 692 1448 754 universitatem
1461 692 1695 767 magistrorum
1709 692 1743 754 et
1754 692 1855 754 scho-

212 782 274 850 est.
291 785 429 860 atquem
444 783 521 844 odia
534 787 567 847 et
581 786 737 847 scissurae
752 787 917 850 delectant
931 787 1006 850 dis·
1062 790 1184 851 larium
1209 789 1397 865 generales,
1420 789 1455 849 in
1482 789 1641 866 quosdam
1661 798 1742 850 vero
1763 790 1857 866 ipso-

213 879 417 951 sensiunum,
441 883 727 957 superseminante
761 886 890 947 zizania
918 884 1007 947 inter
1061 903 1147 957 rum,
1179 886 1354 948 occasione
1379 887 1479 964 hujus
1508 884 1650 957 dissidii,
1690 886 1855 962 speciales

212 976 438 1038 venerabilem
451 977 589 1040 iratrem
603 981 1006 1062 nostrumepisccpum(1)
1062 983 1415 1047 excommunicationis
1439 982 1577 1060 prolatae
1592 980 1766 1044 sententiaa
1795 982 1854 1043 di-

212 1075 246 1136 et
259 1074 437 1136 officialem
451 1075 568 1153 ipsius,
586 1076 619 1137 et
633 1078 871 1140 cancellarium
883 1077 931 1159 (2)
946 1082 1008 1141 Pa·
1062 1082 1231 1153 cebantur,
1246 1097 1306 1143 nos
1319 1081 1355 1141 in
1369 1080 1527 1157 praedicto
1540 1081 1673 1156 negotio
1688 1080 1728 1141 de
1741 1080 1858 1157 provi-

211 1171 399 1244 risiensem,
416 1188 459 1234 ex
484 1175 577 1249 parte
599 1191 676 1247 una,
699 1178 733 1237 et
755 1176 1006 1239 universitatem
1062 1178 1174 1249 dantia
1189 1194 1287 1256 quam
1300 1178 1405 1254 exigit
1419 1176 1648 1254 procedentes,
1667 1192 1725 1238 cas
1739 1193 1857 1239 omnes

211 1270 447 1345 magistrorum
476 1271 679 1333 scholarium
706 1274 942 1347 parisiensem,
963 1290 1007 1336 ex
1061 1276 1288 1338 relaxavimus
1311 1275 1353 1336 ad
1382 1275 1557 1347 cautelam,
1574 1279 1608 1336 et
1625 1275 1858 1336 revocavimus

212 1367 330 1438 altera,
346 1367 459 1442 gravis
470 1368 665 1445 jamdudum
681 1368 847 1433 discordia
859 1373 910 1433 est
922 1370 1008 1432 sub·
1061 1374 1098 1434 in
1108 1373 1241 1434 irritum
1257 1372 1424 1450 quicquid,
1439 1373 1613 1449 postquam
1628 1371 1759 1449 praefati
1782 1387 1858 1433 ma-

212 1464 286 1525 cria
299 1462 435 1543 (3).Nos
446 1480 537 1536 vero,
549 1464 756 1528 detrimentis
766 1483 808 1529 ex
817 1467 1008 1546 hujusmodi
1062 1471 1158 1547 gistri
1168 1472 1201 1532 et
1215 1469 1384 1531 scholares
1410 1470 1474 1531 iter
1497 1469 1711 1545 arripuerunt
1730 1468 1773 1529 ad
1791 1471 1857 1530 Se-

211 1560 399 1623 turbatione
408 1562 533 1639 paratis
546 1577 722 1626 occurrere
732 1566 916 1642 cupientes,
931 1581 1008 1628 cau·
1062 1568 1135 1629 dem
1147 1566 1369 1644 apostolicam
1384 1565 1551 1637 veniendi,
1568 1566 1619 1627 est
1632 1564 1673 1626 ab
1686 1565 1856 1643 episcopo,

212 1673 284 1718 sam
303 1674 405 1734 snper
427 1660 527 1720 cartis
556 1661 719 1733 articulis,
748 1661 789 1723 ad
814 1663 1007 1740 petitionem
1062 1663 1264 1727 cancellario
1277 1665 1310 1726 ct
1322 1662 1458 1725 officiali
1473 1663 1653 1739 praedictis,
1668 1662 1722 1723 vel
1737 1678 1758 1723 a
1774 1678 1860 1739 quo-

212 1756 360 1832 ejusdem
384 1757 543 1833 episcopi,
571 1758 819 1820 venerabilibus
848 1759 1008 1822 iratribus
1063 1761 1471 1839 quamipsorumnomins,
1490 1760 1694 1830 innovatum,
1706 1759 1860 1821 volentes

211 1853 335 1914 nostris
363 1854 617 1932 archiepiscopo
644 1857 879 1918 cantuariensi
897 1854 958 1937 (4),
975 1858 1009 1918 et
1063 1860 1099 1921 ut
1117 1858 1251 1920 interim
1266 1857 1417 1934 magistri
1432 1858 1467 1918 in
1482 1873 1543 1917 sua
1558 1857 1710 1933 plenaria
1729 1872 1860 1933 posses-

211 1951 369 2012 Trecensi
385 1948 432 2031 (5)
460 1968 500 2013 ac
529 1954 729 2014 lexoviensi
753 1952 802 2032 (6)
825 1954 1005 2031 episcopis,
1064 1956 1163 2017 sione
1186 1954 1239 2016 vel
1263 1955 1359 2032 quasi
1381 1955 1567 2026 serventur,
1591 1968 1653 2014 nec
1678 1954 1860 2015 innovetur

212 2048 274 2109 sub
296 2049 387 2110 certa
402 2048 507 2110 forma
536 2050 692 2111 duximus
719 2051 1003 2123 committendam,
1063 2052 1190 2131 aliquid
1205 2052 1246 2113 ab
1262 2051 1399 2113 eisdem.

212 2145 301 2207 inter
314 2146 382 2207 alia
397 2146 609 2223 injungentes
624 2148 748 2209 eisdem
765 2149 800 2211 nt
814 2148 1007 2211 laborarent
1104 2151 1133 2210 1.
1150 2151 1224 2211 Non
1247 2148 1424 2226 capiantur
1449 2148 1624 2211 occasione
1647 2148 1852 2226 delinquen·
1925 2143 1930 2153 '

212 2243 255 2303 ad
276 2242 522 2304 reformandam
544 2245 633 2306 inter
647 2248 759 2322 partes
780 2246 1005 2319 concordiam,
1063 2246 1145 2309 tium
1171 2246 1385 2322 innocentes3
1414 2245 1483 2317 sed,
1514 2246 1544 2306 si
1572 2246 1687 2308 contra
1712 2245 1859 2322 aliquem

213 2355 278 2417 qua
293 2341 398 2416 magis
412 2357 509 2418 quarn
528 2342 730 2419 judiciorum
750 2343 891 2420 strepitu
904 2359 1010 2420 expe-
1064 2343 1211 2420 suspicio
1230 2343 1395 2404 habeatur
1417 2341 1610 2419 probabilis,
1636 2341 1776 2404 honeste
1800 2343 1861 2403 de-

211 2436 298 2499 diret
317 2439 485 2515 negotium
500 2440 693 2514 terminari;
719 2440 776 2502 sed
792 2441 834 2503 ad
857 2440 940 2514 baec,
958 2440 1010 2502 ia·
1063 2442 1185 2513 tantm,
1211 2441 1365 2503 cautione
1389 2440 1549 2517 praestita,
1566 2440 1764 2501 dimittatur.
1786 2441 1858 2501 Nec

215 2537 324 2598 ciente
339 2536 397 2598 illo
412 2537 468 2614 qni
495 2553 568 2614 qnae
593 2537 744 2600 caritatis
769 2540 802 2600 et
818 2538 910 2614 pacis
932 2540 1010 2601 sunt
1065 2538 1240 2616 spiscopus
1254 2538 1313 2600 aut
1337 2535 1492 2599 officialis
1516 2536 1621 2614 ipsius
1642 2536 1751 2597 mcdio
1772 2538 1861 2598 tem-

214 2634 294 2707 odit,
316 2650 382 2695 non
406 2635 513 2710 potuit
541 2635 726 2711 pervenire.
757 2635 860 2697 Iidem
880 2651 1009 2713 quoque
1064 2650 1145 2711 pore
1157 2634 1199 2695 ad
1212 2630 1359 2703 defuncti
1373 2634 1538 2697 scholaris
1553 2632 1641 2695 bona
1658 2648 1779 2697 manus
1797 2649 1860 2696 ex·

210 2731 354 2810 judices,
381 2733 516 2809 propter
541 2732 703 2810 quasdam
731 2734 945 2811 exceptiones
967 2732 1009 2793 ab
1064 2731 1187 2804 tendat,
1203 2746 1310 2809 neque
1328 2731 1506 2809 praedictus
1521 2731 1707 2807 episcopus,
1725 2732 1759 2792 et
1783 2730 1859 2792 ofd-

217 2830 359 2891 adrersa
383 2833 478 2907 parte
495 2831 694 2906 propositas,
710 2829 789 2893 licet
803 2830 1011 2916 inhibuerint
1064 2828 1160 2890 cialis
1182 2844 1222 2890 ac
1240 2828 1472 2901 cancellarius,
1494 2844 1514 2889 a
1538 2826 1750 2890 licentiandis
1761 2830 1861 2905 jura-

217 2943 272 2999 ne,
289 2927 348 2989 lite
364 2928 538 3004 pendente,
553 2927 679 3005 aliquid
692 2929 846 2990 innovari
861 2927 1007 3000 deberet,
1065 2928 1212 2988 mentum
1227 2926 1285 2988 aut
1297 2925 1517 2988 obedientiam
1535 2925 1672 3001 exigant
1689 2925 1743 2986 vel
1756 2924 1859 2987 aliam

218 3026 254 3086 in
271 3024 363 3087 nullo
388 3041 487 3103 super
501 3024 679 3103 principali
690 3026 822 3102 negotio
836 3040 1007 3103 processe-
1065 3024 1264 3096 cantionem,
1280 3023 1386 3084 donec
1400 3037 1460 3099 par
1484 3038 1546 3084 nos
1557 3023 1727 3097 negotium
1742 3022 1860 3084 termi-

214 3124 371 3185 runt:ex
394 3138 459 3200 quo
483 3123 606 3187 factum
635 3124 781 3201 estquod
795 3124 1008 3200 exaggeratas
1065 3123 1173 3183 netur.

214 3223 292 3283 sunt
308 3221 515 3298 postmodnm
533 3221 734 3298 quaestiones
759 3222 792 3283 et
816 3222 893 3283 lites
908 3223 1008 3284 etiam
1102 3221 1133 3281 2.
1148 3219 1353 3281 Demoliatur
1368 3219 1507 3296 praecise
1523 3234 1670 3281 carcere
1685 3219 1859 3281 cancella-

211 3320 418 3390 instanratae,
433 3317 643 3395 studiumque
657 3333 866 3391 concussum,
884 3322 921 3379 ut
937 3321 1009 3395 jam
1063 3317 1115 3378 rio
1131 3317 1203 3394 ipso
1220 3317 1450 3391 constructus;
1466 3332 1528 3378 nec
1542 3316 1689 3394 aliquem
1704 3316 1859 3378 incarce-

213 3416 366 3479 videatur
377 3414 604 3476 dissolutionis
619 3415 768 3492 periculo
781 3414 967 3492 subjacere.
1063 3414 1152 3476 rabit
1166 3414 1388 3476 cancellarius
1401 3414 1602 3476 memoratus
1619 3435 1627 3473 ε
1644 3412 1702 3474 sed
1726 3414 1860 3490 cpisco-

255 3515 336 3574 Gum
351 3514 462 3574 autem
477 3512 609 3589 quidam
630 3528 673 3573 ex
693 3512 861 3589 pradictis
879 3512 1008 3589 magis·
1063 3528 1137 3588 pus,
1155 3511 1182 3572 si
1198 3510 1465 3573 incarceratione
1480 3526 1562 3588 opus
1579 3510 1641 3583 est,
1657 3510 1858 3587 culpabilem

214 3609 277 3671 tris
295 3625 369 3670 cnm
384 3608 598 3671 multitudine
617 3608 821 3670 scholarium
840 3624 900 3687 pro
921 3625 958 3670 se
970 3625 1010 3671 ac
1064 3608 1202 3670 honeste
1215 3608 1249 3668 in
1265 3623 1401 3669 carcere
1416 3607 1587 3670 detinebit.

214 3705 305 3777 aliis,
322 3721 451 3766 necnon
466 3706 499 3766 et
513 3706 710 3782 procurator
727 3705 833 3782 ipsius
846 3706 1006 3782 episcopi,
1103 3708 1137 3767 3.·
1151 3706 1287 3767 Interim
1303 3722 1432 3784 quoque
1452 3720 1514 3766 nec
1528 3706 1715 3782 episcopus,
1732 3719 1795 3767 nec
1808 3702 1861 3765 cf-

216 3803 258 3865 ad
287 3806 435 3865 nostram
471 3803 685 3879 praesentiam
712 3802 944 3876 accessissent,
974 3803 1009 3865 et
1064 3803 1195 3875 ficialia
1212 3819 1274 3864 nec
1288 3803 1520 3874 cancellarius,
1533 3803 1761 3879 pecuniariam
1786 3818 1859 3878 poe-

215 3900 304 3962 idem
318 3901 494 3978 episcopus
506 3900 715 3963 revocaverit
733 3899 781 3974 ab
796 3900 912 3962 eodem
932 3916 1011 3978 pro-
1065 3916 1141 3962 nam
1156 3916 1176 3962 a
1191 3900 1361 3977 magistris
1375 3900 1428 3962 vel
1441 3898 1650 3961 scholaribus
1664 3899 1777 3975 exiget
1799 3913 1859 3975 pro

216 3999 372 4060 curatore
384 3996 588 4070 mandatum,
605 3996 701 4058 nobis
726 3998 903 4059 insinuans
923 3998 1010 4075 quod
1064 3998 1417 4060 excommunicationis
1443 3997 1593 4058 emenda.
1623 3998 1693 4058 Nec
1721 3998 1858 4073 episco-

216 4095 374 4173 prosequi
388 4109 524 4155 causam
540 4094 648 4172 ipsam
664 4090 850 4172 inproprie
867 4111 1010 4173 persona
1064 4112 1136 4172 pus,
1156 4096 1189 4157 et
1210 4093 1364 4156 officialis
1378 4109 1418 4155 ac
1432 4092 1655 4155 cancellarius
1678 4092 1857 4154 memorati

216 4192 361 4265 volebat,
386 4192 520 4254 tandem
555 4195 767 4269 exspectatus
793 4193 917 4255 diutius
943 4210 1010 4255 non
1063 4192 1253 4254 licentiatos
1282 4190 1324 4252 ab
1357 4190 1475 4252 abbate
1502 4191 1632 4251 sancta
1663 4188 1857 4261 Genorefae,

216 4291 380 4352 accessit:
397 4290 451 4352 cui
466 4305 527 4351 nos
551 4289 680 4351 deferre
705 4291 866 4362 volentes,
895 4291 1009 4353 nolui·
1065 4289 1157 4366 quin,
1174 4288 1230 4349 ubi
1242 4288 1487 4360 consueverint,
1505 4286 1610 4347 libere
1624 4286 1780 4348 incedere
1793 4301 1859 4347 va-

214 4403 300 4460 mus,
317 4389 390 4465 ipso
414 4387 562 4461 absente,
579 4389 614 4450 in
630 4388 763 4465 negotio
778 4387 903 4450 habere
926 4404 1009 4465 pro·
1066 4387 1168 4458 leant,
1184 4385 1416 4447 molestabunt.

267 4564 294 4638 1)
310 4566 491 4626 Guillelmum
507 4566 543 4625 de
558 4566 712 4625 silliniaco.
1065 4563 1199 4636 episcopo
1213 4570 1294 4636 gesta
1309 4570 1407 4621 contra
1428 4563 1581 4636 magistros
1596 4569 1624 4619 et
1636 4560 1784 4619 scholares
1797 4567 1858 4617 stu·

265 4640 293 4711 i)
311 4637 472 4711 Philippum
501 4628 536 4694 de
555 4640 655 4695 (trever
667 4637 845 4706 arbitramur,
859 4637 918 4710 qui,
936 4651 1008 4710 prte-
1064 4635 1104 4691 dii
1116 4635 1285 4691 Parisiensis
1296 4641 1436 4690 memorat
1445 4640 1474 4690 et
1484 4634 1590 4691 extollit
1603 4647 1763 4705 anonvmus
1774 4634 1861 4703 scrip

215 4711 399 4770 decessmum
419 4723 549 4777 suorum,
574 4710 731 4780 pracsertim
757 4709 877 4766 loannis
891 4707 927 4765 de
941 4710 1011 4767 Can·
1064 4713 1108 4762 tor
1132 4706 1263 4762 Historiae
1285 4703 1573 4761 autissiodorensium
1598 4704 1810 4776 episcoporum.
1824 4730 1862 4745 -

215 4783 298 4851 detis,
315 4780 446 4852 vestigiis
457 4780 661 4847 insistens,sua
674 4779 1010 4836 inscholasl’arisieoses
1066 4776 1190 4848 (decussi
1201 4777 1247 4831 des
1262 4776 1349 4842 litat,
1360 4783 1380 4830 t.
1393 4775 1496 4844 liVlll,
1513 4791 1540 4847 p.
1558 4775 1633 4847 tio.)

218 4852 411 4911 'urisdictione
425 4851 551 4923 graviter
575 4849 752 4919 abutebatur,
771 4864 805 4906 ea
824 4850 934 4907 scilicet
949 4865 1009 4906 mo·
1100 4848 1124 4902 li
1147 4847 1290 4902 contrario
1315 4859 1384 4902 vero
1409 4844 1575 4903 Guillelmus
1598 4846 1674 4902 Brito
1693 4843 1861 4901 armoricus

212 4870 310 4982 fiendo
324 4937 388 4994 qua
403 4928 500 4978 vetant
527 4920 639 4977 articuli
662 4919 733 4977 inira
754 4918 878 4993 legendi.
899 4921 959 4989 Qua
975 4918 1010 4976 de
1064 4915 1161 4973 scribit
1172 4924 1193 4972 t.
1206 4916 1295 4984 liVll,
1305 4931 1332 4987 p.
1351 4916 1411 4983 rii,
1428 4916 1473 4973 his
1488 4916 1583 4973 vorbis
1598 4932 1606 4974 :
1621 4938 1633 4967 ι
1646 4916 1741 4983 huno,
1755 4915 1860 5043 inffun’

213 5010 247 5053 re
261 4994 327 5053 vide
342 4992 495 5066 ligassium
524 4989 562 5048 du
588 4991 704 5063 boulay,
726 4993 776 5059 lll,
794 4993 846 5049 101
867 4998 896 5048 et
912 5005 1009 5063 seqq.;
1066 4987 1144 5049 lato.
1158 4985 1404 5043 altissiodorensis
1418 4988 1570 5059 episcopus
1584 4985 1779 5043 transfertura
1816 4999 1861 5042 ca·

214 5069 288 5126 tlt.
305 5064 375 5124 Lud.
392 5063 516 5129 Crevier,
538 5065 560 5119 l.
580 5062 713 5119 ist-iet.
1064 5057 1194 5114 thedram
1217 5057 1385 5114 Parislensis
1416 5052 1555 5125 ecclesiae,
1589 5057 1705 5114 odiosus
1728 5055 1861 5127 Philippo
1975 5108 1976 5123 ἶ

252 5137 291 5210 (3)
308 5131 521 5195 3901111911ῧῦῐῦ
549 5139 593 5189 est
607 5147 693 5204 iutra
713 5131 749 5189 ad
765 5132 883 5190 Honorii
901 5132 1007 5260 egistu—
1064 5129 1126 5201 regi
1141 5135 1169 5185 et
1183 5129 1360 5185 universitati
1375 5126 1559 5194 scholarium,
1574 5127 1656 5200 cujus
1679 5127 1861 5198 improbitate
1975 5138 1976 5169 1

214 5210 272 5268 lam
288 5209 340 5265 itt
351 5206 414 5262 libri
429 5204 515 5272 tertii,
528 5203 692 5273 sanctifi,
709 5204 788 5273 till,
804 5203 859 5260 col.
875 5203 910 5261 22
931 5246 938 5261 .

1065 5206 1159 5254 ectum
1171 5207 1214 5255 est
1226 5205 1258 5255 ut
1271 5211 1372 5254 omnes
1386 5199 1517 5271 magistri
1531 5197 1683 5270 theologiae
1696 5206 1724 5253 et
1739 5197 1860 5253 aliarum
1975 5244 1976 5247 ,

215 5294 217 5297 ’
265 5278 294 5343 il
311 5275 467 5350 Stephano.
1065 5268 1240 5337 facultatum,
1252 5270 1299 5340 qui
1315 5270 1441 5326 Parisius
1455 5268 1605 5330 docebant,
1619 5267 1860 5339 suspenderenta
1975 5266 1976 5333 ἕ

266 5351 296 5421 5)
313 5351 435 5406 Herveo.
1063 5339 1198 5412 legendo,
1216 5338 1336 5397 amedia
1347 5339 1566 5413 quadragesima
1582 5337 1719 5411 usquead
1733 5336 1860 5395 medium
1975 5362 1976 5383 r

261 5422 291 5488 6)
308 5419 458 5476 Guillelmc
472 5414 512 5473 de
523 5413 719 5474 Punicarchre.
791 5416 795 5422 '
1064 5411 1179 5482 augusti
1202 5407 1310 5483 [latit
1324 5418 1438 5483 propter
1457 5409 1533 5481 quod
1549 5416 1605 5465 tarn
1619 5424 1634 5466 a
1649 5409 1727 5465 clerc
1743 5422 1859 5480 quanta
1975 5430 1976 5449 ,

266 5493 295 5636 73
311 5489 459 5547 llauricio.
1064 5481 1169 5552 populo
1180 5488 1209 5538 et
1220 5480 1355 5537 militibus
1367 5478 1608 5539 odiohabebatur.
1620 5477 1859 5552 (Bouquet,ibid.,
1975 5462 1976 5511 1

249 5564 281 5637 (8
308 5559 435 5635 Egregie
449 5573 465 5615 a
478 5558 628 5617 Gnillelmc
642 5555 678 5617 de
693 5556 837 5616 siliniaco
856 5555 1009 5616 Purisiensi
1064 5560 1133 5608 tom.
1149 5551 1239 5621 livii,
1253 5567 1281 5625 p.
1298 5551 1373 5623 lii.)

1802 5687 1859 5704 und
