3916 6204
255 261 316 323 539
874 254 1049 317 HONORII
1072 256 1118 317 111
1140 257 1287 319 OPERA.

253 421 401 485 modiin
429 419 560 496 negotio
584 417 656 493 ipso
680 414 858 493 procedere
886 415 1046 478 hactenus
1101 414 1271 477 haherein
1286 417 1434 493 ejusdem
1444 419 1595 481 ecelesiae
1609 420 1725 482 Sancti
1738 422 1885 498 Stephani

256 519 432 581 distulistis
447 518 482 578 in
505 514 652 594 ejusdem
674 514 868 576 monasterii
883 515 1046 590 praejudi·
1100 514 1698 590 praejudicinmabutuntur,iacientes
1711 518 1886 596 alibiqunm

255 619 354 688 cium,
371 618 404 679 et
416 629 606 692 gravamen.
624 612 766 689 Ideoque
785 628 845 688 per
857 612 1045 689 apostolica
1101 611 1136 671 in
1149 611 1237 674 dicta
1250 613 1392 675 ecclesia
1418 617 1450 675 S.
1478 615 1638 692 Stephani
1660 617 1885 679 canonicorum

253 715 348 779 robis
364 715 487 790 scripta
503 711 708 782 mandamus,
724 710 886 787 quatenus
905 709 933 769 si
955 710 1048 786 post·
1100 710 1236 769 suorhm
1256 725 1397 788 corpora
1415 711 1652 789 sepelirique
1676 713 1713 773 in
1731 729 1771 773 ea
1790 712 1887 779 serent

254 828 353 891 quam
362 809 552 889 hujusmodi
564 808 703 885 qnaestio
712 806 806 868 robis
822 808 873 868 est
885 806 927 867 ab
938 809 1047 882 Apes·
1099 805 1324 868 tantummodo
1350 808 1556 870 tumulanda
1585 812 1697 881 Quare
1720 810 1887 886 praedIctus

252 909 352 972 tolica
369 908 454 970 Sede
468 906 655 977 commissa,
669 905 705 966 in
722 920 782 966 vos
804 903 867 966 fuit
886 906 1045 981 tanquam
1099 905 1297 978 procurator
1311 905 1453 982 petebat,
1476 908 1514 968 ut
1538 907 1672 968 eosdem
1691 907 1888 972 decanumet

252 1007 287 1068 in
306 1006 445 1069 arbitrio
469 1005 556 1066 sinnt
574 1002 727 1081 superius
742 1018 937 1080 expressum
951 1002 1002 1062 est
1025 1016 1046 1062 a
1100 1000 1280 1062 cauontcos
1295 1003 1328 1063 S.
1344 1002 1508 1064 Johannis
1529 1002 1571 1065 ab
1591 1004 1727 1081 injuriis
1747 1005 1887 1068 eaerum

251 1103 401 1182 partibus
425 1102 709 1179 compromissum,
729 1101 770 1162 ad
794 1117 925 1178 aequum
949 1099 1044 1160 arbi·
1100 1098 1134 1157 S.
1157 1098 1317 1174 Stephani
1332 1115 1434 1176 super
1450 1101 1633 1176 praemissis
1647 1101 1784 1178 penitus
1804 1118 1887 1164 oon·

251 1203 352 1264 trium
385 1200 565 1278 procedere
598 1214 665 1260 non
700 1199 850 1262 tardetis.
887 1197 1044 1275 Alioquin
1101 1196 1283 1270 poscentes,
1297 1196 1404 1257 eidem
1417 1198 1567 1259 ecclesiae
1580 1197 1703 1259 abillis
1715 1197 1758 1259 de
1771 1199 1887 1261 damnis

251 1316 352 1379 quum
376 1299 491 1375 petitio
516 1298 620 1374 ipsius
644 1296 873 1358 archidiaconi
894 1296 935 1357 de
957 1295 1046 1355 reci·
1099 1290 1213 1359 illatis,
1229 1294 1263 1354 et
1283 1292 1441 1369 irrigatos
1462 1294 1609 1371 injuriis,
1624 1297 1694 1356 tam
1713 1311 1818 1372 super
1834 1313 1888 1357 usn

250 1397 381 1476 piendis
404 1394 544 1457 testibus
566 1395 794 1470 undecumque
816 1393 995 1469 productis,
1012 1392 1045 1452 et
1099 1390 1293 1461 coemeterii,
1310 1406 1409 1466 quam
1424 1392 1501 1452 aliis
1521 1392 1678 1454 satisfieri
1693 1409 1734 1454 ac
1751 1393 1804 1454 eis
1814 1394 1889 1455 iuhi-

249 1492 496 1570 interrogandis
511 1492 646 1563 eisdem,
659 1492 767 1553 tenori
779 1490 959 1568 ApostolIci
972 1504 1045 1549 res·
1099 1484 1169 1545 heri
1180 1485 1320 1548 tirmiter
1329 1487 1527 1559 taceremus,
1539 1504 1582 1550 ne
1592 1505 1690 1549 usum
1701 1490 1886 1561 coemeterii,

252 1589 350 1665 cripti
369 1588 479 1649 obviet
498 1587 683 1658 manifeste,
701 1602 740 1647 ea
756 1601 963 1663 nequaquam
979 1586 1043 1647 ob·
1098 1582 1184 1658 quod
1197 1599 1262 1644 non
1278 1584 1412 1655 habent,
1426 1586 1467 1645 de
1477 1587 1598 1647 caetero
1613 1587 1649 1647 in
1664 1588 1888 1663 praejudieiuu

252 1686 370 1758 stante,
387 1686 422 1745 in
444 1685 577 1760 negotio
593 1684 664 1761 ipso
684 1686 782 1761 juxta
797 1683 946 1760 ejusdem
969 1699 1043 1744 res·
1098 1679 1249 1742 ecciesiae
1271 1683 1305 1742 S.
1326 1682 1485 1759 Stephani
1499 1698 1664 1761 usurpare
1678 1688 1886 1761 praesumant,

251 1783 350 1859 cripti
371 1782 605 1843 tenoremsine
620 1796 721 1842 morae
737 1779 1044 1857 dispendioproce·
1097 1777 1181 1838 etsi
1205 1794 1271 1855 qua
1300 1781 1417 1842 contra
1445 1781 1739 1853 consuetudinem,
1773 1783 1810 1843 in
1834 1798 1888 1859 qua

251 1880 347 1941 datis.
367 1880 486 1941 Datum
505 1878 672 1950 Laterani,
692 1880 723 1939 X
741 1877 903 1939 kalendas
917 1877 1040 1949 martii,
1097 1875 1260 1951 usquead
1280 1876 1458 1938 adrentum
1477 1878 1662 1955 supradicti
1681 1879 1791 1955 legati
1804 1882 1887 1942 utra-

250 1993 340 2039 anno
356 1978 483 2039 octavo.
1055 2046 1059 2055 ι
1097 1986 1162 2048 que
1174 1972 1317 2034 ecclesia
1332 1973 1451 2046 iuerat,
1465 1974 1680 2046 reducantur,
1693 1992 1801 2053 quum
1814 1977 1887 2038 idem

1098 2066 1228 2144 legatus
1240 2070 1317 2131 riva
1331 2085 1412 2132 roce
1427 2086 1467 2133 ac
1485 2071 1606 2133 litteris
1620 2071 1683 2134 sub
1698 2088 1885 2135 excommu-

1833 265 1887 326 540

1097 2165 1275 2228 nicationis
1290 2183 1387 2244 poena
1402 2170 1609 2247 praeceperit,
1632 2171 1718 2233 utin
1734 2187 1778 2233 eo
1800 2172 1885 2241 statu,

1096 2262 1132 2322 in
1151 2279 1215 2340 quo
1234 2263 1366 2328 fuerant
1389 2267 1583 2344 priusquam
1599 2268 1670 2345 ipse
1686 2270 1822 2329 venerit
1834 2269 1883 2329 Bi-

1097 2360 1474 2425 suntiumremanerent.
1482 2365 1551 2425 Nos
1562 2364 1675 2442 itaque
1685 2364 1730 2426 ad
1739 2365 1887 2443 tranquil·

1096 2455 1221 2518 litatem
1238 2460 1271 2520 et
1285 2475 1400 2536 pacem
1417 2461 1646 2534 ecclesiarum,
1666 2463 1820 2539 ipsarum
1835 2463 1886 2524 de·

1096 2553 1164 2616 bita
1188 2555 1412 2618 sollicitudine
1448 2558 1674 2632 intendentes,
1702 2560 1886 2623 discretioni

1096 2654 1227 2724 vestrm,
1251 2653 1293 2713 de
1311 2656 1484 2732 utriusque
1506 2657 1611 2734 partis
1640 2659 1887 2733 procuratorum

1096 2765 1248 2822 assensu,
1261 2766 1321 2829 per
1335 2753 1528 2829 apostolica
1542 2754 1666 2830 scripta
1684 2755 1885 2827 mandamus,

1096 2848 1259 2922 quatenus
1278 2849 1466 2911 Bisuntium
1489 2852 1713 2927 personaliter
1732 2854 1888 2914 acceden-

548 2279 745 2366 CXXVIII

306 2444 359 2504 Ad
378 2440 556 2511 Varenum,
572 2441 742 2501 Seduncu.
759 2441 933 2512 episcopos
948 2439 983 2498 et

438 2539 642 2599 mannicum
661 2539 851 2611 Ltnponcn.

509 2676 546 2735 20
557 2674 691 2734 februarii
706 2675 783 2733 1224.

279 2803 400 2867 ibimet,
410 2799 530 2861 hurih,
543 2813 583 2864 op.
595 2799 650 2849 238.
665 2801 722 2851 tiss.
731 2801 768 2850 Le
779 2800 853 2850 Porta
867 2798 902 2851 du
915 2799 1009 2865 Theti]

248 2933 363 2995 Mandat
386 2942 416 2992 ut
436 2934 465 2990 in
486 2947 573 2990 causa
592 2933 665 2989 inter
683 2931 824 2990 decanum
843 2939 872 2991 et
886 2934 1040 3006 capitulum

279 3025 310 3082 S.
326 3022 465 3082 iohannis
479 3021 618 3080 Btsuntin.
634 3036 669 3078 ex
681 3036 738 3079 una
754 3029 843 3094 perte,
859 3030 888 3078 et
900 3021 1040 3079 decanum

281 3121 311 3171 et
335 3112 490 3184 capitulum
516 3112 545 3168 S.
571 3108 707 3182 Stephani
726 3110 866 3169 Bisuntin.
893 3124 928 3167 ex
952 3111 1040 3167 altera

282 3200 448 3275 procedant.

285 3337 463 3406 Honorius,
494 3336 569 3405 etc„
606 3333 851 3395 venerabilibus
882 3333 1039 3396 iratribus

244 3435 426 3505 valentin,
435 3431 600 3493 Sedunen.
613 3432 777 3508 episcopis
790 3432 823 3493 et
835 3431 956 3493 dilecto
970 3431 1039 3492 tilio

245 3531 408 3594 canonico
424 3529 607 3603 Lingonen.

284 3627 402 3690 Dilecti
423 3625 483 3687 diii
505 3626 650 3686 decanus
665 3627 698 3686 et
712 3626 894 3702 capitulum
920 3628 952 3686 S.
975 3629 1036 3689 Jo-

243 3725 365 3788 hannIs
386 3723 550 3785 Bisuntin.
567 3738 661 3783 suam
683 3722 724 3784 ad
746 3739 806 3784 nos
821 3724 1038 3785 transmisere

245 3823 431 3903 querelam,
456 3821 541 3898 quod
563 3820 710 3881 decanus
735 3821 769 3882 et
794 3820 976 3897 capitulum
1001 3825 1036 3881 S.

246 3921 406 3999 Stephani
437 3918 602 3979 Bisuntin.
635 3932 735 3993 super
762 3933 827 3977 usu
855 3918 1036 3978 coemeterii

245 4018 308 4089 sni,
322 4018 355 4078 et
368 4015 467 4078 rebus
480 4015 556 4076 aliis
572 4014 662 4090 ipsos
677 4014 861 4089 aggravant
876 4013 1038 4090 multipli-

247 4116 331 4178 citer
349 4116 383 4175 et
401 4112 587 4173 molestant.
606 4112 807 4172 Procurator
820 4125 899 4172 vero
919 4110 1037 4172 decani

243 4215 277 4276 et
290 4210 428 4288 capituli
443 4212 476 4270 S.
493 4206 653 4284 Stephani
674 4207 838 4268 BIsuntin.
865 4206 986 4269 litteris
1001 4210 1036 4270 in

242 4308 411 4371 audientia
422 4305 554 4383 publica
564 4304 795 4366 contradicens
808 4304 981 4382 proposuit
994 4323 1037 4367 ex

242 4407 395 4475 adverso,
412 4403 498 4481 quod
523 4402 668 4463 decanus
691 4403 725 4463 et
745 4402 898 4462 canonici
922 4405 954 4463 S.
978 4405 1037 4465 Jo-

141 4548 146 4557 ,
242 4503 363 4565 hannis
375 4504 452 4579 jure
468 4499 602 4578 proprio
621 4516 687 4560 non
710 4498 925 4570 coutentium
947 4501 1036 4561 alio·

241 4602 329 4663 rium
340 4603 418 4677 jura
433 4597 564 4659 inhiant
582 4597 783 4673 usurpanda,
800 4597 877 4657 dum
893 4613 957 4658 non
981 4614 1037 4659 so-

241 4700 311 4761 lum
328 4712 428 4773 super
442 4695 570 4773 capella
588 4695 701 4755 Sancti
724 4694 874 4770 Eugenii
896 4711 1033 4771 proces-

1096 2945 1154 3015 tes,
1170 2944 1210 3005 de
1228 2946 1370 3021 pristino
1395 2948 1493 3019 statu,
1511 2948 1544 3009 et
1558 2948 1706 3025 antiquis
1721 2952 1757 3013 et
1772 2966 1886 3027 appro·
1945 2978 1946 3041 q

1094 3041 1180 3103 batis
1192 3043 1488 3105 consuetudinibus
1498 3045 1690 3123 interipsas
1702 3048 1886 3109 ecclesiasa
1945 3046 1946 3071 ¹

1094 3138 1202 3215 longis
1215 3142 1304 3202 retro
1314 3142 1518 3219 temporibus
1533 3143 1735 3216 observatis,
1751 3146 1888 3223 inquira-

1094 3239 1136 3300 tis
1157 3238 1299 3300 sollicite
1319 3239 1492 3301 veritatem
1517 3241 1550 3302 et
1572 3242 1743 3304 revocatis
1761 3244 1803 3305 ad
1818 3260 1886 3305 eum
1944 3310 1945 3325 χ

1094 3336 1226 3407 statum,
1242 3336 1278 3397 in
1306 3352 1371 3412 quo
1397 3338 1493 3399 erant
1515 3337 1648 3414 quando
1677 3341 1884 3416 supradictus
1944 3342 1945 3377 i

1093 3433 1222 3508 legatus
1251 3432 1418 3494 civitatem
1446 3434 1530 3495 adiit
1551 3435 1757 3509 BIsuntium,
1786 3437 1887 3515 appel·

1092 3529 1216 3592 latione
1226 3532 1363 3602 remota,
1376 3531 1404 3591 si
1418 3548 1491 3608 qnae
1512 3533 1678 3610 superbis
1695 3534 1885 3597 inveneritis
1943 3608 1944 3615 ἵ

1093 3627 1210 3689 illicite
1222 3628 1394 3700 attentata,
1412 3631 1585 3706 postquam
1601 3629 1690 3691 idem
1705 3632 1837 3708 legatus
1850 3631 1885 3693 ah
1943 3644 1944 3675 2

1092 3724 1207 3786 endem
1222 3724 1359 3786 civitate
1374 3726 1538 3799 discessit,
1553 3743 1629 3788 cum
1642 3743 1685 3789 ne
1700 3731 1783 3806 quid
1797 3731 1885 3792 nori·

1091 3823 1169 3883 tatis
1182 3827 1421 3898 praesumerent
1434 3824 1495 3884 suh
1508 3840 1606 3900 poena
1622 3829 1885 3889 excommunica·

1091 3919 1192 3980 tionis
1215 3919 1315 3981 suerit
1332 3919 1509 3983 inhibitum
1531 3936 1591 3998 per
1614 3923 1786 3996 eumdem,
1807 3926 1885 3986 siout
1942 3972 1943 3975 ,

1091 4015 1127 4076 in
1155 4016 1261 4093 ipsius
1296 4016 1417 4079 litteris
1451 4019 1681 4095 perspeximus
1712 4023 1882 4089 contineri.

1091 4114 1236 4175 audiatis
1269 4130 1371 4190 super
1393 4116 1577 4192 praemissis
1604 4133 1678 4195 quae
1708 4118 1885 4181 hincinde

1090 4210 1248 4272 duxerint
1257 4212 1483 4288 proponenda,
1498 4215 1531 4274 et
1545 4229 1695 4286 causam,
1713 4215 1745 4276 si
1761 4217 1803 4278 de
1815 4233 1886 4295 par·
1941 4260 1942 4293 ,

1090 4308 1172 4369 tium
1191 4308 1361 4371 voluntate
1387 4311 1596 4386 processerit,
1614 4310 1680 4373 tine
1696 4313 1811 4377 debito
1824 4318 1886 4377 ter·

1091 4405 1243 4480 minetis3
1260 4407 1409 4483 alioquin
1432 4408 1539 4484 ipsam
1559 4408 1601 4469 ad
1623 4425 1685 4471 nos
1710 4412 1884 4474 remittatis

1090 4502 1509 4576 sufficienterinstruotam
1518 4504 1731 4582 praefigentes
1741 4509 1884 4585 partibus

1089 4601 1267 4662 terminum
1291 4600 1540 4678 competentem,
1567 4618 1632 4679 quo
1663 4608 1805 4682 propter
1828 4607 1884 4667 hoo
1939 4672 1940 4691 χ

1089 4698 1279 4774 Apostolico
1322 4715 1358 4760 se
1398 4701 1592 4776 conspectui
1633 4704 1883 4778 repraesentent,

242 4795 404 4866 sionibus,
421 4792 618 4871 quibusdam
639 4791 788 4859 decimis,
802 4793 835 4853 et
847 4791 946 4853 rebus
959 4793 1035 4854 aliis
1085 4796 1223 4871 jnstam,
1248 4796 1347 4857 dante
1370 4796 1521 4870 Domine,
1546 4799 1749 4861 sententiam
1774 4816 1885 4877 recep-

243 4893 395 4956 ecelesiae
438 4890 551 4952 Sancti
587 4888 745 4965 Stephani
780 4893 857 4951 sunt
891 4891 1032 4964 molesti,
1088 4892 1182 4955 turae.
1205 4894 1318 4954 Testes
1340 4895 1461 4966 autem,
1484 4896 1547 4957 etc.
1565 4896 1657 4968 Quod
1678 4898 1708 4957 si
1729 4914 1799 4961 „011
1817 4915 1885 4960 om·
1938 4926 1939 4933 ,

241 5006 357 5054 rerum
392 4988 492 5050 etiam
527 4987 643 5048 contra
677 4985 845 5062 privilegii
885 4988 1033 5049 tenorem
1088 5005 1158 5061 nes,
1175 4991 1251 5063 etc,
1267 5006 1333 5051 non
1354 4990 1508 5053 obstante
1525 4992 1765 5057 constitutione
1784 5011 1884 5072 gene·

242 5089 350 5150 eidem
364 5084 513 5148 ecclesIae
524 5084 564 5144 ab
574 5083 763 5160 apostolica
775 5083 859 5144 Sede
870 5086 1031 5157 concessi,
1088 5086 1169 5147 ralis
1200 5089 1356 5161 concilii,
1382 5105 1447 5166 qua
1472 5092 1608 5152 cavetur
1630 5106 1674 5152 ne
1697 5093 1773 5168 quis
1801 5093 1882 5154 ulna

241 5188 274 5250 et
289 5185 404 5247 contra
417 5179 618 5244 venerabilis
641 5180 754 5242 fratris
778 5180 884 5242 nostri
897 5182 930 5242 C.
946 5185 1031 5243 Por·
1088 5185 1170 5245 duas
1185 5184 1301 5247 diaetas
1318 5188 1413 5248 extra
1439 5203 1533 5248 suam
1556 5188 1727 5249 dioecesim
1747 5190 1814 5250 nisi
1830 5205 1884 5267 per

239 5286 330 5346 tuen.
346 5277 1030 5360 episcopi,tuncnpostolicaesedislegati,
1087 5281 1216 5343 litteras
1225 5283 1433 5359 Apostoiieas
1445 5284 1657 5361 adjudicium
1667 5286 1880 5364 trahipossit

240 5382 458 5459 PPaeCOPIUffl·
482 5377 516 5438 11¹
541 5375 683 5454 du⁰d³ffl
706 5374 778 5436 ¹000
803 5377 941 5452 iff⁰s3110
969 5393 1032 5437 usu
1086 5380 1205 5441 Datum
1229 5381 1398 5453 Laterani,
1423 5383 1454 5442 X
1475 5381 1636 5443 kalendas
1653 5384 1779 5455 martii,
1797 5399 1881 5446 anuo

241 5476 433 5549 coemeterii,
455 5474 540 5554 quod
567 5489 633 5534 non
661 5471 799 5544 hahent,
828 5487 889 5535 nec
913 5473 1032 5535 dehent
1086 5478 1214 5539 eampo,
