3916 6204
119 313 172 375 589
699 311 928 371 EPISTOLAE.
952 313 1030 372 LIB.
1052 314 1140 372 VIII.
1678 315 1738 376 590

118 464 329 531 sonoritatem
351 465 694 543 seu‘J'urisdictionem
714 467 895 530 ecelesias·
947 469 1129 532 tationibus
1158 471 1191 533 et
1216 471 1433 547 indulgentiis
1461 473 1659 551 Apostolieis
1697 474 1739 537 ad

117 567 205 629 ticam
225 561 356 637 exigere
378 562 588 634 videbuntur,
606 564 640 624 et
659 564 717 625 tuo
739 565 895 641 poterunt
947 565 1034 627 idem
1050 567 1198 629 excitare
1212 569 1741 645 negotlumstuderemus.»Unde

117 659 286 722 ministerio
311 657 472 735 expedirl.
488 660 530 721 Ut
551 662 662 722 autem
684 662 893 722 commissam
947 662 1100 725 hortatur
1123 667 1160 726 ut
1180 680 1293 742 pacem
1319 665 1441 727 silleri
1465 667 1571 744 possit
1592 683 1666 728 cum
1686 670 1738 740 R„

115 757 167 820 tibi
180 754 429 817 sollicitudinem
444 755 582 816 liberius
598 757 632 817 et
646 757 763 819 utilius
778 757 893 820 valeas
948 758 1017 820 illio
1037 759 1202 838 quondam
1215 763 1254 823 R.
1271 762 1400 823 comitis
1415 763 1581 834 Tolosani,
1594 757 1695 826 faciat
1708 765 1741 827 et

116 868 273 923 exercere,
299 850 488 927 corrigendi
515 867 631 913 eorum
659 869 828 925 excessus,
860 857 894 917 et
947 856 987 916 de
1006 858 1134 932 treugis
1151 873 1225 918 eum
1240 874 1319 934 rege
1333 859 1461 934 angliae
1474 860 1672 921 innovandis
1686 861 1740 922 le·

115 949 244 1011 maxime
256 947 463 1020 clericorum,
476 964 515 1009 ac
530 949 671 1010 rebelles
686 950 893 1013 districtione
946 955 1022 1029 gato
1049 969 1109 1016 suo
1132 954 1264 1031 plenam
1287 955 1385 1015 tidem
1407 955 1573 1018 adhibeat.
1587 973 1606 1017 ‹<
1622 959 1740 1019 Datum

115 1045 261 1108 canonica
276 1044 517 1121 compescendi,
532 1045 592 1107 tibi
604 1047 801 1109 auctoritate
811 1064 894 1124 prae·
947 1050 1115 1121 Laterani,
1129 1053 1158 1111 ll
1174 1066 1279 1112 nonas
1293 1051 1419 1129 aprilis,
1436 1052 1646 1130 pontificatus
1660 1069 1740 1115 nos·

114 1143 191 1204 dicta
213 1141 422 1203 concedimus
442 1142 649 1219 potestatem.
672 1145 721 1204 Tu
744 1160 824 1220 ergo
853 1160 892 1206 ea
947 1147 990 1207 tri
1003 1162 1091 1208 anno
1106 1148 1262 1209 octavo.»

113 1237 246 1301 modeste
263 1253 303 1298 ac
321 1236 504 1316 prudenter
523 1239 640 1313 utaris,
656 1240 831 1302 referendo
851 1241 893 1302 ad

113 1350 175 1407 nos,
190 1335 217 1396 si
236 1350 308 1411 quae
332 1333 446 1396 torsan
467 1337 675 1409 emerserint,
692 1353 765 1414 quae
786 1341 894 1415 majo-

112 1447 174 1493 rem
189 1430 378 1507 indaginem
400 1432 572 1509 requirere
591 1433 778 1496 videantur.
801 1435 893 1496 Nulli
1242 1439 1449 1528 CLXXXII

112 1543 182 1605 ergo
204 1528 325 1590 nostrae
350 1529 588 1601 concessionis,
605 1530 667 1592 ete.
685 1532 719 1592 Si
740 1532 813 1608 quis
832 1549 895 1595 au·

112 1626 180 1697 tem,
193 1626 253 1688 etc.
266 1626 387 1690 Datum
397 1627 566 1694 Laterani,
582 1629 625 1689 lV
639 1643 745 1690 nonas
762 1630 890 1707 aprilis,

112 1737 190 1784 anno
198 1723 325 1785 octavo,
1236 1720 1253 1777 I
1267 1720 1364 1793 aprilis
1377 1721 1456 1778 itit.

959 1591 1011 1649 Ad
1023 1592 1224 1655 arnoldum.
1240 1592 1501 1653 Narbonensem
1516 1595 1719 1669 archiepisc.

963 1840 1103 1907 [bouquet
1115 1843 1175 1894 tier.
1187 1842 1463 1972 ᾱοεΗ131.,ΧΙέ1ἐ718;
1478 1845 1587 1908 Regest,
1598 1846 1643 1896 lib.
1652 1846 1717 1905 Vlll,

1269 1922 1344 1986 epist
1391 1923 1427 1988 i.]

400 2041 588 2129 CLXXXI
946 2028 1015 2087 Cum
1029 2024 1134 2085 infelici
1148 2043 1243 2085 rerum
1260 2042 1396 2086 successu
1411 2028 1590 2101 perturbatus
1610 2031 1739 2091 animum

922 2178 923 2181 Ἴ
981 2113 1172 2188 desponderet
1194 2115 1354 2174 Amslricus
1372 2115 1408 2173 de
1432 2117 1603 2186 Montelortl,
1622 2119 1741 2178 mandet

153 2202 201 2262 Ad
221 2202 443 2273 Lwokumr
466 2216 586 2277 restem
604 2205 835 2264 Praesertim.
982 2205 1136 2274 Honorius,
1146 2212 1177 2261 ut
1187 2204 1280 2279 pactio
1291 2203 1411 2262 sseteum
1421 2204 1739 2278 ReimundoTolcsaoo,

379 2339 398 2397 4
412 2339 511 2412 „prins
527 2340 606 2399 Μ.
981 2291 1137 2350 dnmmodo
1151 2294 1287 2351 Romanae
1299 2292 1435 2350 sceleste
1444 2292 1570 2366 dignitas
1580 2294 1665 2352 illaesa
1676 2310 1737 2353 ser·

232 2438 250 2464 ο
979 2387 1072 2438 vetur.

288 2468 613 2536 [3⁰³¹ifd·ss¹⁶¹¹⁰¹¹⁰³³¹¹r
626 2472 694 2538 119·]
984 2497 1153 2559 Honorius
1182 2496 1408 2573 episeopus...,
1430 2497 1616 2559 venerabili
1640 2498 1738 2563 tratri

106 2595 890 2668 llltrensmittitlltterasimpertalesdesuccursul'erre
947 2593 1199 2671 archiepiscopo
1211 2592 1388 2666 Narbonae,
1405 2594 1468 2655 etc.

136 2682 241 2741 Sancte
256 2683 438 2756 procurando
452 2690 482 2742 et
495 2682 531 2741 de
544 2685 652 2758 treugis
667 2698 733 2742 eum
748 2699 818 2759 rege
827 2686 888 2743 An·
983 2690 1053 2752 Etsi
1073 2690 1243 2765 negotium
1258 2691 1350 2767 pacis
1363 2692 1396 2753 et
1410 2691 1487 2752 tidei
1502 2692 1536 2752 in
1550 2693 1737 2757 Provinciae

133 2771 195 2844 8¹5ae
209 2771 392 2830 issss⁰V⁸¹¹d¹⁸·
943 2787 1093 2865 partibus
1119 2786 1273 2849 videatur
1299 2788 1448 2865 graviter
1473 2791 1652 2860 corruisse,
1676 2807 1736 2853 nos

137 2897 302 2959 Honorius
311 2897 803 2974 episcopus‚servugsepvopum
815 2898 886 2968 Dei,
942 2886 1065 2955 tamen,
1082 2884 1123 2945 de
1145 2884 1238 2946 illius
1261 2885 1410 2961 potentia
1438 2887 1650 2959 confidentes,
1679 2889 1737 2965 qui

103 2992 259 3055 Ludovico
273 2993 347 3070 pegi
360 2996 575 3063 Francorum,
587 2993 727 3055 salutem
741 2995 774 3056 et
788 2997 889 3072 ppos.
943 2997 1020 3043 suos
1033 2982 1068 3042 in
1082 2981 1297 3044 tribulatione
1307 2982 1436 3053 dilatat,
1458 2984 1491 3044 et
1506 2982 1586 3044 lacit
1600 2985 1645 3056 ut,
1660 3001 1735 3047 cum

101 3088 226 3150 tolicam
239 3089 518 3151 benedictionem.
943 3079 1098 3141 videntur
1110 3078 1307 3155 consumpti,
1317 3079 1409 3140 velut
1426 3080 1559 3140 Lucifer
1573 3080 1734 3156 ertantur,

133 3186 473 3264 ‹petitionibusquas
483 3174 888 3263 pervenerabileslratres
942 3175 1199 3253 1¹0q¹1³<lu³miss
1213 3175 1401 3252 nnjusmodi
1424 3175 1638 3239 tribulafiffllfl
1649 3178 1735 3239 defi·

100 3282 221 3344 nostros
254 3283 548 3360 archiepiscopum
582 3283 824 3344 Bituricensem
856 3286 889 3346 et
943 3273 1059 3344 cimus,
1076 3272 1134 3333 sed
1147 3274 1319 3348 sperantes
1334 3272 1420 3349 quod
1436 3273 1548 3334 divina
1563 3275 1735 3338 miseratio

99 3378 336 3455 nngonensem
373 3379 406 3441 et
438 3381 673 3441 carnotensem
715 3379 888 3458 episcopos
941 3368 1089 3431 faciatin
1113 3370 1186 3446 ipsa
1205 3369 1389 3433 tentatione
1412 3373 1738 3447 proventumvene·

99 3474 158 3535 tue
179 3476 374 3539 samninus
395 3476 527 3537 devotio
549 3476 773 3544 destinante
791 3476 887 3538 nobis
941 3466 1080 3529 rabilem
1103 3466 1241 3528 fratrem
1263 3469 1413 3529 nostrum
1428 3469 1625 3541 conradum,
1652 3472 1737 3531 Por·

97 3568 127 3628 et
146 3568 307 3632 iratribus
327 3569 451 3631 nostris
473 3569 575 3631 multa
598 3570 782 3646 diligentia,
802 3571 887 3632 sicut
940 3565 1091 3626 tuensem
1115 3564 1316 3641 episcopum,
1340 3567 1379 3625 Α.
1397 3566 1429 3626 S.
1449 3565 1606 3642 legatum,
1618 3567 1659 3627 ad
1672 3582 1733 3629 ca-

97 3667 292 3743 exposcebat
301 3667 427 3743 negotii
440 3667 644 3743 magnitudo,
659 3667 829 3739 discussIs,
841 3669 886 3730 ita
940 3661 1109 3722 rissimum
1124 3662 1159 3723 iu
1175 3662 1305 3723 Christo
1325 3662 1429 3722 tilium
1445 3665 1593 3725 nostrum
1619 3663 1733 3726 Ludo-

96 3762 175 3838 qnod
190 3764 443 3826 finalitractatu
463 3763 576 3826 habito
591 3764 887 3841 superillis,prae-
939 3758 1060 3830 vicum,
1093 3774 1205 3834 regem
1239 3761 1442 3819 Francorum
1470 3760 1645 3830 illustrem,
1675 3762 1733 3837 qui

96 3852 149 3917 tati
173 3859 326 3936 episcopi
351 3860 421 3935 jam
450 3858 515 3919 iter
540 3858 755 3935 arripuerant
783 3859 824 3919 ad
852 3861 885 3920 te
939 3855 1039 3917 clarae
1050 3856 1218 3917 memoriae
1231 3855 1478 3930 progenitorum
1490 3870 1624 3916 suorum
1635 3857 1736 3917 vesti·

94 3967 162 4013 eum
179 3954 306 4017 litteris
321 3953 444 4016 nostris
458 3954 658 4026 revertendi,
678 3954 753 4030 ipso
768 3954 884 4017 archi·
938 3953 994 4028 gia
1010 3951 1171 4014 imitando
1187 3967 1252 4012 non
1268 3952 1435 4024 deserens,
1450 3952 1508 4013 sed
1520 3952 1607 4013 sieut
1622 3953 1729 4028 regni,

94 4049 255 4128 episcopo,
279 4051 338 4129 qui
355 4066 416 4128 pro
435 4050 630 4128 quibusdam
647 4052 789 4126 negotiis
813 4052 884 4112 suis
939 4050 1029 4113 sicet
1042 4049 1174 4111 virtutis
1196 4064 1236 4110 ao
1258 4047 1445 4109 devotionis
1461 4064 1575 4110 eorum
1591 4065 1627 4110 se
1638 4065 1731 4111 com-

92 4146 171 4221 apnd
182 4146 413 4226 apostolicam
429 4147 546 4209 Sedem
559 4148 767 4208 remanserat
776 4148 885 4210 adbuc
938 4147 1081 4225 probans
1092 4160 1329 4217 successorem,
1343 4144 1377 4205 in
1390 4145 1453 4206 hoe
1464 4161 1499 4207 se
1508 4146 1612 4208 totum
1628 4147 1732 4210 bene-

91 4241 252 4307 innostra
276 4244 456 4322 praesentia
472 4244 661 4316 constituto,
677 4259 883 4321 supervene-
937 4244 1059 4321 placito
1070 4243 1268 4319 Apostolicae
1297 4241 1392 4303 Sedis
1417 4243 1554 4319 exponit
1570 4259 1629 4320 pro
1656 4245 1729 4321 ipso

91 4343 163 4402 mnt
180 4342 352 4403 solemnes
378 4340 493 4401 nuncii
512 4340 677 4401 carissimi
697 4341 731 4401 in
752 4341 883 4403 Christo
937 4341 1070 4416 negotio
1093 4338 1283 4411 relevando,
1305 4338 1460 4400 duximus
1483 4338 1727 4404 destinandum.

91 4433 145 4496 tilii
163 4438 273 4500 nostri
288 4439 325 4499 F.
342 4437 484 4498 illustrIs
500 4439 724 4498 Romanorum
742 4438 884 4515 impera·
936 4440 1109 4509 Caeterum,
1124 4436 1202 4513 quia
1212 4435 1334 4499 nobilis
1343 4436 1395 4496 sir
1409 4437 1616 4498 Raimundus
1627 4456 1729 4516 quon·

88 4530 178 4605 toris,
195 4550 332 4612 semper
344 4534 477 4609 augusti
487 4538 521 4595 et
534 4535 624 4611 regis
640 4535 774 4606 Siciliae,
787 4535 883 4597 nobis
937 4534 1012 4595 dani
1038 4532 1127 4593 lilius
1155 4534 1194 4594 R.
1222 4531 1353 4593 comitis
1369 4533 1525 4593 'tolosani
1561 4536 1727 4597 mandatis

89 4644 144 4703 per
175 4631 271 4708 ipsos
305 4631 445 4692 nunctos
473 4631 506 4692 et
536 4631 726 4709 imperiales
753 4632 882 4694 litteras
935 4629 1145 4707 Apostolieis,
1166 4632 1200 4690 et
1221 4630 1347 4691 utinam
1369 4644 1450 4691 vera
1477 4629 1672 4693 devotionel
1690 4649 1726 4695 se

88 4730 284 4804 exponentis
304 4728 438 4790 ferrens
457 4727 669 4800 desiderium,
682 4729 769 4805 quod
791 4730 822 4791 ei
842 4731 882 4792 de
936 4727 1033 4789 offert
1045 4726 1165 4789 litteris
1182 4740 1281 4803 super
1295 4724 1507 4788 hocnobiset
1521 4728 1643 4789 nuncio
1656 4728 1729 4791 des·

86 4824 193 4887 Terrae
208 4828 343 4888 Sanctae
355 4840 515 4887 succursu
523 4826 681 4887 Dominus
691 4827 879 4904 inspiravit,
934 4824 1061 4895 tinatis,
1075 4824 1137 4902 ipsi
1159 4823 1269 4899 legato
1287 4823 1436 4886 dedimus
1451 4825 1486 4885 in
1502 4825 1677 4899 mandatis,
1694 4828 1727 4889 et

85 4935 122 4983 ac
135 4923 340 5000 postulantis
362 4923 525 4985 instanter
539 4924 586 4995 ul,
605 4939 679 4984 cum
700 4924 771 5000 ipse
786 4940 881 5001 reges
936 4922 1129 4999 scripsimus
1144 4922 1244 4983 etiam
1259 4921 1346 4982 dicto
1363 4921 1447 4998 regi,
1471 4926 1507 4983 ut
1522 4923 1549 4983 si
1566 4923 1724 5000 praelatus

85 5020 117 5080 et
129 5022 302 5098 principes
320 5019 521 5081 christianos
535 5020 578 5081 ad
600 5021 633 5081 id
653 5021 802 5082 animare
816 5024 882 5084 stu·
935 5018 1578 5094 nobilisvolueritveraciternpostolieis
1589 5020 1724 5082 obedire

83 5114 158 5179 deat
170 5116 407 5196 imperialibus
419 5116 640 5192 legationibus
651 5119 684 5179 et
695 5119 878 5194 promissis,
935 5115 1110 5186 mandatis,
1125 5116 1171 5176 ita
1195 5113 1280 5191 quod
1296 5116 1385 5176 terra
1410 5117 1569 5192 purgetur
1583 5117 1723 5179 haereti·

84 5212 169 5278 sicut
188 5215 352 5291 colligere
366 5214 490 5291 poteris
506 5230 550 5277 ex
565 5217 680 5276 tenore
695 5214 881 5289 litterarum
935 5214 994 5281 cis,
1008 5214 1042 5276 et
1055 5210 1240 5275 satIslaciat
1251 5212 1402 5274 ecclesiis
1412 5214 1445 5274 et
1455 5213 1536 5275 viris
1551 5214 1727 5279 ecclesias·

83 5310 233 5388 ipsarum
250 5328 348 5388 quem
364 5310 424 5371 tibi
438 5326 498 5386 per
509 5311 730 5373 uenerabilem
745 5312 880 5375 fratrem
934 5310 1056 5372 tieisde
1064 5310 1195 5370 damnis
1203 5311 1235 5371 et
1245 5309 1377 5386 injuriis
1386 5309 1724 5388 tractenuslrrogatis,

83 5410 236 5470 nostrum
248 5410 285 5469 C.
299 5409 518 5469 Portuensem
531 5408 882 5486 episcopumnposto·
935 5409 967 5470 et
976 5407 1191 5484 provideatur
1198 5405 1342 5467 libertati
1354 5405 1504 5467 eeclesiae
1515 5406 1550 5467 in
1564 5407 1722 5485 futurum,

81 5502 154 5568 lirae
184 5505 286 5567 Sedis
310 5504 467 5580 legatum,
491 5505 680 5567 curavimus
699 5505 879 5576 destinare,
934 5521 973 5567 ao
988 5504 1108 5567 honori
1121 5504 1232 5565 dilecti
1245 5503 1304 5563 tilii
1325 5503 1494 5575 amalrici,
1513 5506 1644 5568 comitis
1659 5511 1727 5571 To-

80 5618 140 5664 nos
156 5618 295 5681 quoque
306 5602 482 5664 universos
497 5601 619 5664 Christi
636 5602 749 5664 tideles
764 5604 881 5666 exhor·
933 5602 1053 5675 losani,
1070 5601 1135 5673 cui,
1153 5617 1226 5663 cum
1243 5615 1302 5676 pro
1314 5599 1426 5661 diuino
1442 5600 1474 5662 et
1490 5602 1602 5667 nostro
1617 5607 1726 5669 servi-
