3886 6214
89 292 148 359 285
699 292 929 359 EPISTOLAE.
952 294 1031 357 LIB.
1054 294 1124 357 VII.
1675 298 1738 362 286

90 451 189 525 dicta,
205 450 294 529 quod
307 450 786 530 eademncnpraejudmetjam
799 451 886 516 dioto
940 453 1737 532 moratamlntpsonegotiousqueaddistinitivae

90 548 270 627 praeposito
278 548 333 611 vel
344 550 417 626 ejus
427 547 579 610 ecclesiae
589 548 625 609 in
637 548 779 620 actione,
789 563 887 626 quam
940 550 1115 615 sententiae
1129 551 1294 613 calculum
1306 551 1471 617 duxeritis
1478 553 1737 631 procedendum,

90 647 206 707 contra
219 645 397 709 Nicolaum
413 646 446 707 et
459 645 559 707 Othes
573 645 709 707 comites
721 646 755 708 et
762 648 888 707 lsmae-
940 648 1073 709 tandem
1087 649 1198 710 tamen
1213 649 1326 726 elapso
1349 650 1492 713 termino
1508 650 1549 713 ad
1565 652 1736 715 arbitran-

90 743 169 805 litas
194 757 233 804 se
257 743 383 804 babere
407 742 536 804 dicebat
559 743 756 819 praepositus
782 758 889 819 saepe·
941 745 1019 807 dum
1047 745 1202 821 praefixo,
1231 746 1273 809 ad
1306 748 1576 811 terminationem
1610 750 1738 825 negotii

89 841 210 902 dictus.
234 840 394 902 Promisit
408 841 509 902 etiam
530 840 687 918 praefatus
707 841 888 917 Gregorius
941 842 1078 905 minime
1096 844 1322 923 processistIs3
1347 847 1482 921 propter
1508 846 1595 923 quod
1620 848 1736 910 eadem

89 954 125 1001 se
138 938 508 1014 centumquadraginta
523 954 614 1010 oves,
629 954 712 1015 quas
726 938 792 1015 ipsi
806 954 889 1015 prm-
937 941 1115 1015 jussuum
1143 956 1210 1003 non
1247 940 1354 1016 potuit
1389 941 1547 1005 obtinere.
1577 944 1735 1007 Volentes

89 1034 198 1112 posito
209 1035 358 1108 abstulit,
367 1035 593 1112 eidem,quam
604 1036 670 1097 cito
681 1036 888 1112 Hungariam
941 1033 1044 1109 igitur
1053 1035 1089 1096 ut
1104 1033 1180 1096 tinis
1199 1034 1314 1096 litibus
1329 1035 1528 1112 imponatur,
1539 1037 1734 1101 discretioni

88 1133 279 1206 intraverit,
308 1132 524 1194 redditurum.
555 1134 648 1195 Licet
672 1133 776 1210 igitur
801 1133 888 1195 idem
941 1132 1061 1192 vestrae
1085 1146 1144 1207 per
1162 1132 1353 1208 apostolica
1377 1135 1501 1211 scripta
1525 1135 1733 1209 mandamus,

88 1230 273 1307 Gregorius
286 1230 446 1307 quantum
461 1230 503 1292 ad
515 1231 782 1307 impetrationem
798 1231 889 1297 litte-
942 1228 1104 1305 quatenus
1113 1228 1264 1305 partibus
1278 1231 1470 1293 convocatis
1479 1231 1638 1308 inspectis
1651 1232 1735 1297 actis

88 1341 206 1412 rarum
221 1329 412 1389 nostrarum
431 1326 706 1404 compositionem
728 1342 796 1391 non
815 1343 889 1391 ser·
942 1326 975 1391 et
983 1326 1118 1399 auditis,
1131 1326 1161 1389 si
1170 1327 1366 1406 quadejure
1376 1326 1500 1391 suerint
1509 1330 1736 1405 proponenda,

88 1424 222 1487 raverit
240 1425 477 1502 supradictam,
499 1424 650 1487 volentes
671 1426 782 1487 tamen
802 1426 886 1502 quod
943 1438 1079 1487 causam
1112 1424 1220 1502 ipsam
1244 1425 1425 1487 secundum
1455 1426 1684 1491 attestationes
1704 1430 1740 1491 et

87 1522 123 1584 in
148 1521 230 1583 aliis
261 1521 409 1597 obtineat
430 1520 576 1585 debitam
604 1521 805 1592 firmitatem,
829 1538 889 1600 per
942 1520 1170 1587 confessiones
1193 1521 1350 1601 praelatas
1370 1523 1402 1585 et
1426 1523 1575 1587 rationes
1594 1524 1691 1598 altas,
1707 1525 1738 1587 si

87 1618 283 1697 apostolica
297 1618 391 1680 vobis
405 1620 530 1696 scripta
544 1619 752 1693 mandamus,
772 1619 890 1697 quate·
942 1632 1025 1695 quas
1040 1618 1168 1697 dejure
1182 1618 1335 1683 videritis
1353 1619 1587 1694 admittendas,
1605 1621 1737 1685 sublato

88 1732 154 1779 nus
178 1716 272 1779 illam
290 1715 330 1778 de
351 1716 472 1778 caetero
494 1716 626 1779 faciatis
649 1717 889 1781 inviolabiliter
941 1715 1175 1800 appellationis
1190 1716 1373 1789 obstaculo,
1395 1716 1425 1781 si
1449 1716 1490 1779 de
1503 1718 1648 1795 partium
1673 1734 1737 1780 vo-

88 1813 277 1887 observari‚
309 1813 492 1877 secundum
523 1813 665 1879 formam
695 1830 889 1892 expressam
941 1812 1069 1877 luntate
1092 1813 1514 1889 processerit,t1nedebito
1536 1815 1735 1889 terminetis,

87 1911 259 1989 superius,
287 1910 511 1988 appellatione
541 1911 736 1989 postposita,
769 1927 890 1988 proce·
942 1909 1101 1973 iacientes
1116 1911 1203 1988 quod
1216 1911 1430 1976 decreveritis
1443 1913 1640 1975 auctoritate
1654 1929 1736 1975 nos-

88 2008 211 2080 dendo,
227 2007 330 2069 nullis
347 2008 468 2071 litteris
482 2008 689 2075 obstantibus
704 2008 823 2071 barum
837 2011 889 2071 te-
940 2008 994 2069 tra
1017 2006 1157 2071 tirmiter
1175 2008 1356 2073 observari.
1375 2009 1531 2086 Alioquin
1546 2026 1619 2072 eam
1641 2009 1732 2082 suiti-

87 2122 174 2169 nore
194 2106 298 2168 tacito
324 2121 344 2168 a
371 2106 456 2169 Sede
474 2107 665 2184 apostolica
689 2106 886 2184 impetratis.
942 2105 1069 2169 cienter
1093 2105 1290 2169 instructam
1328 2106 1369 2171 ad
1404 2107 1604 2183 apostolica
1639 2106 1737 2170 Sedis

86 2203 184 2279 Quod
206 2203 237 2264 si
257 2219 325 2265 non
344 2219 470 2277 omnes,
487 2205 550 2267 ete.
573 2205 693 2267 Datum
717 2204 886 2277 Laterani,
941 2203 1119 2268 remittatis
1159 2218 1301 2267 examen
1336 2203 1549 2280 praefigentes
1586 2204 1738 2283 partibus

87 2303 118 2362 11
142 2300 310 2363 kalendas
332 2301 504 2377 februarii,
541 2302 755 2379 pontificatus
781 2302 889 2369 nostri
942 2301 1121 2365 terminum
1131 2301 1382 2377 competentem,
1396 2317 1461 2379 quo
1474 2318 1510 2364 se
1518 2304 1632 2365 nostro
1642 2318 1742 2367 cons·

88 2413 182 2461 anuo
197 2399 350 2477 septimo.
942 2399 1054 2475 pectui
1066 2399 1309 2476 repraesentent
1318 2399 1454 2476 justam,
1472 2399 1573 2465 dante
1583 2401 1736 2473 Domino,

942 2495 1141 2561 sententiam
1156 2497 1350 2573 recepturae.
1367 2496 1460 2569 Quod
1483 2496 1513 2561 si
1528 2511 1595 2561 non
1610 2511 1736 2572 omnes,

942 2594 1006 2659 etc.
1021 2594 1140 2658 Datum
1168 2592 1336 2667 Laterani,
1361 2596 1391 2657 11
1406 2593 1539 2659 kalend.
1564 2593 1736 2668 februarii,

910 2764 911 2767 Ἴ
943 2690 1154 2768 ponuucatus
1168 2691 1276 2755 nostri
1290 2705 1379 2756 anno
1389 2692 1544 2770 septimo.

420 2678 566 2771 LXVII

89 2831 141 2891 Ad
155 2829 313 2892 abbatem
334 2830 369 2892 S.
386 2829 489 2891 Petri
510 2831 553 2890 dc
580 2830 670 2892 Valle
691 2828 887 2900 carnoten,

127 2928 165 2990 et
197 2927 409 3002 nupseram
454 2927 649 2989 Albertcum
684 2929 889 2987 canonicum

128 3026 309 3086 Parisios.
329 3024 363 3085 et
389 3024 439 3085 W.
461 3024 633 3085 Redones.
658 3025 888 3086 concatenata

128 3124 325 3184 canonicos.

360 3216 392 3275 sl
402 3215 526 3290 januarii
542 3215 622 3274 late.

1258 3021 1424 3110 LXVIII

1002 3172 1056 3233 Ad
1068 3172 1343 3247 arciieptscopos
1357 3172 1393 3235 ct
1412 3173 1598 3248 episcopos,
1612 3173 1677 3237 cic.

1204 3301 1238 3360 31
1251 3302 1376 3375 januarii
1392 3303 1471 3362 liis.

106 3341 235 3405 magnei„
244 3339 291 3391 lib.
301 3339 358 3400 VII,
368 3338 442 3405 epist.
458 3339 513 3391 iol.
524 3340 581 3391 lim.
597 3339 634 3389 La
643 3338 719 3389 Porto
733 3339 766 3390 du
777 3338 871 3404 lircil]

91 3464 211 3525 llandet
224 3472 255 3523 ut
273 3463 332 3523 tine
349 3463 446 3523 debito
464 3477 581 3522 causam
598 3465 673 3523 inter
687 3465 730 3534 B,
744 3462 889 3537 quondam

125 3554 289 3629 duplorum
304 3553 445 3628 reginam,
464 3558 494 3613 et
511 3553 704 3612 Cenomanen.
721 3553 888 3628 episcopum

126 3643 295 3703 terminent.

130 3759 314 3831 Honorius,
349 3758 425 3832 etc,
460 3757 591 3821 dilectis
625 3757 742 3823 tiliis...
777 3758 890 3823 abbati

94 3857 210 3921 Sancti
222 3855 313 3919 Petri
328 3855 369 3916 de
378 3855 473 3917 Valle
486 3854 675 3930 carnoten,
689 3856 722 3919 et
731 3856 890 3933 magistro

92 3951 249 4015 siberiae
262 3951 422 4015 canonico
428 3952 605 4025 Parisien.,
615 3952 649 4014 et
655 3954 709 4013 W.
719 3952 888 4016 Redonen.

95 4052 320 4113 cenomanen.
345 4049 527 4123 canonicis,
544 4050 684 4112 salutem
699 4050 732 4112 et
745 4052 889 4129 Aposto-

94 4145 197 4209 licam
212 4145 489 4211 benedictionem.

135 4246 186 4305 Ex
208 4244 304 4321 parte
325 4243 507 4309 carlssimee
522 4242 557 4305 in
581 4242 712 4307 Christo
737 4243 816 4306 filiae
839 4246 889 4318 B.,

95 4340 261 4419 quondam
284 4340 467 4417 anglorum
491 4341 617 4416 reginas
641 4341 802 4415 illustris,
829 4340 892 4403 fuit

94 4438 301 4515 propositum
320 4453 433 4500 coram
451 4437 560 4511 nobis,
578 4439 664 4516 quod
692 4455 794 4516 quum
817 4439 891 4516 ipsa

95 4534 221 4597 diutius
247 4549 349 4613 super
363 4535 504 4597 diversis
526 4535 678 4597 articulis
699 4551 812 4598 coram
840 4535 893 4596 di-

93 4631 204 4693 versis
210 4630 379 4709 jndicibus
394 4632 592 4697 auctoritate
608 4632 799 4709 apostolica
812 4648 893 4695 con·

94 4730 148 4791 tra
163 4728 389 4792 venerabilem
401 4728 539 4791 fratrem
560 4730 711 4791 nostrum
726 4734 891 4792 Cenoma-

95 4842 177 4889 nen.
188 4826 377 4904 episcopum
388 4826 562 4902 litigasset,
572 4826 704 4889 demum
714 4827 891 4891 intendens

93 4923 267 5001 imponere
281 4922 453 4989 laboribus
466 4923 537 4989 suis
553 4924 664 4998 finem,
679 4940 781 5003 super
799 4941 890 5002 prae-

983 3424 1119 3491 [Strehllra
1130 3425 1236 3478 Tabulas
1246 3427 1301 3479 ord.
1315 3427 1477 3487 theutonici,
1488 3441 1514 3493 p.
1524 3427 1581 3489 eie,
1592 3440 1619 3478 n.
1629 3427 1698 3493 883]

943 3552 1087 3610 Honorius
1101 3551 1180 3625 iubet
1195 3551 1328 3624 prelatos
1341 3551 1449 3611 ordinis
1465 3551 1633 3612 Theutonici
1649 3553 1735 3626 privi-

978 3641 1055 3714 legia
1070 3641 1234 3714 Apostolica
1248 3642 1356 3715 legere,
1377 3640 1542 3712 observare,
1557 3640 1735 3700 observanda

978 3743 1090 3788 curere.

984 3856 1152 3917 Honorius
1160 3855 1346 3933 episcopus,
1358 3871 1473 3918 servus
1481 3870 1654 3917 servorum
1662 3857 1734 3931 Dei,

944 3952 1191 4015 venerabilibus
1224 3951 1384 4015 fratribus
1419 3952 1679 4031 archiepiscopis
1703 3956 1737 4018 et

945 4050 1738 4128 episcopis,etc,salutemetApostolicambene·

946 4134 1136 4211 di'cuonem.

987 4246 1023 4307 Si
1045 4246 1249 4319 discrimina,
1283 4261 1357 4323 quie
1381 4246 1494 4311 dilecti
1525 4247 1587 4308 lilii
1615 4247 1736 4310 iratres

946 4342 1128 4419 Hospitalis
1154 4344 1284 4404 Sancta
1310 4343 1427 4404 Mariae
1459 4343 1740 4407 Tbeutonicorum

945 4439 1240 4516 Hierosolymitani
1256 4455 1316 4517 pro
1334 4440 1527 4503 defensione
1542 4441 1739 4505 christiani·

944 4537 1023 4598 tatis
1036 4536 1184 4613 quotidie
1203 4536 1371 4597 sustInent
1393 4537 1430 4598 in
1452 4538 1601 4614 partibus
1624 4540 1739 4602 trans·

945 4634 1096 4706 marinis,
1131 4634 1165 4695 et
1198 4633 1371 4703 beneficia,
1416 4651 1490 4712 quae
1536 4637 1738 4715 pauperibus

945 4731 1209 4801 subministrant,
1220 4732 1486 4795 consideratione
1499 4734 1642 4797 sollicita
1654 4751 1738 4811 pen-

945 4831 1077 4903 saretis,
1094 4846 1160 4891 non
1176 4828 1283 4891 solum
1298 4829 1339 4891 ab
1355 4846 1471 4892 eorum
1490 4832 1652 4894 molestiis
1670 4848 1739 4895 ces·
1836 4820 1843 4825 ’

945 4928 1077 5000 saretis,
1094 4927 1153 4989 sed
1167 4926 1252 4989 alios
1278 4926 1456 4990 studeretis
1475 4928 1659 4991 districtius
1673 4946 1735 4992 co·

93 5020 890 5099 missisomnibusunacumpartealteraronun·
944 5024 1073 5088 bibere.
1099 5025 1261 5087 Caeterum
1283 5024 1471 5088 audivimus
1500 5027 1533 5088 et
1564 5025 1737 5090 audientes

92 5117 209 5180 tiando
234 5119 356 5181 litteris
382 5118 568 5195 impetratis
597 5123 630 5181 et
658 5118 888 5198 impetrandis,
944 5120 1155 5199 nequivimus
1170 5136 1237 5185 non
1261 5121 1390 5195 mirari,
1414 5123 1500 5199 quod
1520 5137 1578 5185 eos
1602 5124 1737 5201 quidem

95 5216 336 5293 compromisso
368 5215 520 5289 durante,
547 5217 584 5277 ln
615 5234 675 5280 vos
706 5217 767 5280 sub
800 5221 891 5283 certa
944 5220 1095 5283 vestrum
1109 5218 1226 5283 durius
1237 5218 1336 5282 solito
1349 5219 1585 5297 persequentes
1597 5236 1666 5283 non
1679 5237 1739 5285 so-

95 5311 204 5374 torma
227 5316 386 5390 tanquam
424 5313 467 5374 ad
495 5314 639 5377 arbitros
671 5316 891 5379 amicabiliter
944 5317 1013 5381 lum
1028 5316 1182 5393 querelas
1194 5331 1310 5379 eorum
1324 5316 1546 5388 dissimulant,
1566 5318 1624 5379 sed
1644 5318 1737 5396 ipsos

94 5409 404 5487 compromisit3sed
414 5427 487 5485 vos,
498 5411 578 5474 licet
586 5413 729 5489 receptis
737 5414 888 5489 testibus,
945 5413 1104 5490 gravibus
1117 5414 1255 5492 injuriis
1266 5414 1472 5477 vexaverunt
1486 5413 1520 5476 et
1539 5414 1575 5476 in
1594 5414 1738 5480 damna·

95 5509 131 5570 et
144 5507 411 5573 attestationibus
425 5508 613 5585 publicatis,
624 5511 748 5575 auditis
758 5512 892 5578 contes-
944 5509 1004 5571 bili
1025 5511 1195 5588 proposito
1216 5511 1325 5572 adbuc
1349 5512 1575 5586 perseverant,
1608 5513 1737 5579 litteras

95 5604 247 5668 sionibus
260 5606 295 5668 et
308 5605 386 5667 aliis
409 5606 450 5667 ad
472 5622 574 5671 eausa
596 5607 796 5673 iacientibus
820 5626 891 5675 me-
944 5609 1076 5673 nostras
1099 5607 1274 5684 generales
1296 5610 1330 5670 et
1355 5608 1553 5686 quandoque
1574 5616 1736 5691 speciales
