3916 6204
672 254 680 263 ’
712 299 941 361 seraranan.
965 299 1043 359 nnn.
1067 298 1154 358 v111.

432 468 584 558 CXLVI

125 652 129 665 x
241 625 290 684 Ad
308 624 499 696 episcopum
518 622 780 696 hipponensem.

402 758 525 817 {martii
545 759 624 816 litt.

148 897 251 959 magui„
262 892 306 943 lib.
317 893 384 952 vill,
397 892 472 957 epist.
481 891 536 941 353.
546 893 601 942 biss·
613 891 650 942 La
661 892 735 942 Porta
747 888 782 939 du
795 889 889 951 rhein]

133 1017 326 1077 ordinationem
339 1015 556 1074 demonasterio
568 1017 716 1084 Bosuensi,
726 1013 761 1071 ab
773 1015 908 1087 episcopo

299 1105 447 1162 portuensi
463 1102 578 1171 iactam,
595 1104 716 1176 regulet.

164 1231 333 1303 Honorino,
348 1231 425 1302 eto,
440 1228 625 1291 venarabili
640 1227 736 1290 fratri
750 1228 907 1305 episcopo

132 1330 300 1405 hingonen.

163 1422 909 1499 VenerabilisfraternosterC.Portuen.epis·

129 1536 229 1599 copas,
242 1522 319 1582 dum
332 1522 368 1583 in
382 1520 534 1597 partibus
549 1520 616 1583 tuis
631 1519 808 1595 legationis
829 1518 907 1580 oill-

128 1618 173 1680 cio
181 1618 379 1694 iungeretur,
392 1618 461 1678 suis
476 1617 572 1679 nobis
591 1616 714 1679 litteris
729 1615 906 1687 intimavit,

128 1715 204 1791 quod
221 1731 321 1791 quum
339 1714 569 1791 frequentibus
589 1715 625 1776 et
644 1713 800 1775 clamosis
822 1711 909 1773 insi·

127 1811 328 1873 nuationibus
353 1814 425 1888 ejus
457 1810 578 1872 fuisset
609 1810 746 1871 auribus
766 1808 906 1871 intima-

1696 291 1757 353 558

962 459 1057 519 tenus
1068 457 1307 519 monasterium
1324 456 1432 533 ipsum
1448 470 1546 533 posse
1566 466 1754 528 resurgere

960 554 1210 616 remanentibus
1222 554 1368 631 praefatis
1384 553 1514 624 abbate,
1528 566 1569 612 ao
1584 548 1756 611 monachis

963 651 997 711 in
1008 652 1136 743 eodem,
1151 652 1240 727 ipsos
1267 652 1308 712 de
1321 653 1378 713 tuo
1394 654 1428 712 at
1448 649 1591 711 aliorum
1609 646 1756 724 pruden-

963 748 1031 808 tum
1051 748 1198 808 virorum
1221 748 1362 809 consilio
1386 745 1630 807 sententialiter
1651 741 1694 803 ab
1716 756 1757 803 ao

960 845 1064 905 mma
1091 845 1199 920 capita
1229 859 1326 921 quam
1353 860 1372 904 a
1397 843 1553 907 membris
1577 839 1701 902 amovit
1724 839 1758 899 et

962 939 1106 1002 absolvit
1123 955 1142 1000 a
1157 956 1238 1000 cura
1253 942 1286 1001 at
1300 940 1504 1001 exhibitione
1519 939 1678 1015 ipsorum,
1694 951 1757 996 sae·

963 1037 1128 1113 pediotum
1143 1038 1380 1098 monasterinm
1391 1052 1465 1097 cum
1481 1035 1633 1097 omnihus
1646 1049 1755 1094 mem-

962 1133 1031 1194 hris
1046 1135 1126 1206 suis,
1139 1150 1178 1195 ao
1193 1134 1402 1196 ordinatione
1418 1134 1550 1194 illorum
1566 1149 1635 1193 suae
1648 1130 1758 1208 provi·

963 1232 1050 1292 sioni
1063 1232 1206 1302 servata,
1223 1231 1305 1308 ipsis
1321 1216 1492 1291 monachis
1512 1229 1607 1290 duxit
1621 1229 1656 1289 in
1677 1226 1755 1288 aliis

963 1329 1175 1390 monasteriis
1203 1327 1453 1404 providendum.
1481 1329 1652 1403 Quumque
1683 1338 1756 1385 ωο-

962 1426 1145 1487 nestorium
1168 1426 1276 1501 ipsum
1304 1426 1337 1486 et
1362 1423 1510 1485 membra
1534 1425 1616 1499 ejus,
1641 1422 1756 1497 ejectis

963 1521 1040 1582 inde
1059 1522 1232 1583 monachis
1251 1521 1461 1598 supradietis,
1485 1535 1545 1581 nec
1571 1519 1759 1580 reclaman-

963 1618 1052 1680 tibus
1070 1634 1130 1695 per
1154 1620 1297 1695 quatuor
1312 1633 1442 1677 menses
1463 1618 1499 1677 in
1519 1617 1589 1676 suis
1604 1614 1757 1676 manibus

962 1716 1127 1776 tenuisset
1140 1716 1173 1777 et
1185 1716 1225 1776 de
1244 1714 1349 1792 ipsius
1362 1714 1574 1790 reparatione
1594 1712 1757 1773 sollicitus

963 1827 1064 1888 super
1085 1811 1149 1873 boo
1172 1828 1247 1872 cum
1269 1811 1460 1872 cluniacen.
1481 1812 1515 1872 et
1536 1810 1613 1871 aliis
1636 1808 1780 1871 vicinis·

127 1908 187 1969 tum
208 1910 347 1969 Besnen.
367 1908 605 1969 monasterium
624 1906 796 1983 nigrorum
810 1921 847 1967 re
868 1920 908 1967 aa
963 1906 1137 1969 abhatibus
1159 1907 1330 1968 habuisset
1353 1906 1544 1983 frequenter
1567 1905 1756 1971 consilinm,

125 2004 247 2065 nomine
267 2004 508 2066 monachorum
527 2004 595 2066 tam
618 2003 654 2064 in
676 2003 795 2080 capite,
810 2018 909 2080 quam
964 2004 1195 2075 attrectatum,
1211 2002 1631 2081 necreparationismodus
1646 2017 1759 2063 occur·

126 2100 157 2161 in
168 2101 350 2162 membrisa
370 2101 499 2162 malitia
509 2101 544 2161 in
557 2101 672 2162 eodem
689 2099 908 2161 habitantium
964 2102 1048 2162 rerit
1061 2102 1277 2178 opportunus,
1294 2100 1426 2163 undem
1440 2100 1540 2161 menti
1556 2103 1628 2176 ejus
1641 2114 1760 2160 occur·
1857 2108 1868 2119 ·

124 2211 190 2257 esse
199 2198 280 2259 adeo
291 2213 427 2260 versum
440 2198 475 2259 in
485 2197 724 2275 salsilaginem,
739 2200 773 2259 et
786 2198 822 2258 in
835 2197 908 2274 spi·
964 2199 1019 2271 rit,
1030 2198 1114 2275 quod
1129 2198 1249 2260 iratres
1262 2198 1389 2259 ordinis
1399 2197 1657 2258 praedicatorum
1667 2195 1761 2256 utili·

125 2293 292 2356 ritualibus
314 2310 355 2357 ac
378 2295 617 2372 temporalibus
639 2295 688 2356 sic
711 2295 907 2372 collapsum,
963 2295 1015 2356 ter
1030 2296 1183 2371 poterant
1206 2296 1242 2355 in
1267 2294 1338 2370 ipso
1362 2293 1564 2357 monasterio
1588 2292 1757 2353 collocari.

124 2391 234 2466 quoda
253 2392 368 2468 planta
382 2392 476 2470 pedis
491 2407 596 2469 usque
611 2391 653 2452 ad
667 2392 829 2454 verticem
842 2408 909 2453 non
965 2391 1030 2452 Sed
1057 2408 1157 2469 quum
1183 2391 1379 2467 cogitationi
1407 2389 1597 2467 hujusmodi
1624 2389 1761 2450 obviare

125 2489 910 2565 remanseratsanitasineodem,ipse,quiacirca
964 2488 1207 2565 quodammodo
1229 2488 1410 2558 videretur,
1439 2488 1524 2565 quod
1549 2487 1613 2564 ipsi
1639 2487 1760 2549 iratres

124 2584 207 2659 pacis
230 2586 262 2647 et
282 2586 362 2646 fidel
387 2586 557 2661 negotium
577 2586 769 2662 occupatus,
791 2600 851 2663 por
872 2601 910 2646 se
964 2600 1032 2646 non
1047 2585 1188 2662 possunt
1211 2584 1393 2646 seeundum
1413 2568 1541 2645 o'rdinis
1563 2584 1614 2644 sui
1638 2585 1760 2645 statuta

124 2679 222 2755 ipsum
236 2682 277 2743 ad
291 2685 366 2759 eJus
376 2682 645 2744 reformationem
656 2681 833 2743 intendere
844 2697 910 2742 non
965 2683 1193 2758 possessiones
1214 2682 1351 2752 babere,
1374 2682 1415 2742 de
1443 2682 1540 2742 modo
1565 2680 1760 2758 providendi

122 2777 254 2851 ualebat,
278 2780 425 2856 primo...
452 2779 686 2850 clarevallem,
709 2779 778 2840 et...
795 2779 911 2839 Fonii-
965 2780 1014 2840 eis
1029 2781 1232 2852 necessaria,
1249 2781 1277 2841 si
1293 2780 1538 2841 collocarentur
1549 2778 1681 2848 ibidem,
1696 2778 1761 2837 sol·

123 2874 216 2948 nent,
236 2891 328 2938 ao...
356 2877 397 2938 do
429 2875 611 2938 Bellevillae
648 2875 836 2948 abbatibus,
870 2891 910 2937 ac
964 2876 1056 2937 licite
1071 2878 1242 2951 cogitaret,
1257 2877 1388 2938 demum
1397 2879 1469 2953 ejus
1479 2876 1633 2936 inductus
1642 2875 1760 2935 exhor·

121 2968 230 3034 deinde
252 2973 326 3047 tibi,
353 2974 410 3051 qui
440 2974 506 3035 loci
534 2973 742 3034 dioecesanus
779 2973 908 3045 antistio,
965 2974 1508 3051 tationibuspromisistite,sihaec
1523 2971 1758 3045 tierentdebi-

122 3066 302 3145 hujusmodi
340 3085 455 3131 curam
495 3069 783 3146 sollicitudemque
825 3084 911 3130 com·
965 3073 1074 3131 torum
1102 3071 1208 3146 ipsius
1238 3070 1443 3141 monasterii,
1473 3085 1513 3131 ao
1538 3069 1760 3130 membrorum

120 3165 291 3229 misitsed
317 3183 419 3244 quum
440 3183 502 3228 nac
523 3182 583 3243 per
621 3181 747 3237 eorum,
764 3182 826 3227 nec
852 3181 911 3243 per
965 3168 1038 3243 ejus
1054 3168 1412 3244 onerasuscepturunr,
1429 3183 1469 3229 ac
1497 3167 1669 3228 annuatim
1690 3166 1758 3226 mi·

120 3264 204 3323 tuam
230 3264 493 3326 sollicitudinem
522 3264 635 3339 posset
667 3265 772 3325 status
805 3263 910 3339 ipsius
966 3263 1363 3340 nistraturumsaxaginta
1375 3265 1532 3326 iratribus
1541 3264 1621 3325 dicti
1632 3264 1759 3324 ordinis

120 3360 305 3422 monasterii
314 3360 580 3430 reformari‚tum
590 3359 667 3434 quia
675 3358 763 3418 idem
772 3374 910 3429 monase
966 3375 1070 3436 usque
1088 3361 1130 3421 ad
1150 3364 1325 3422 sexcentas
1340 3361 1442 3422 libras
1465 3362 1681 3438 stephaniam
1699 3377 1758 3437 pro

120 3455 231 3517 terium
242 3460 406 3534 quantum
423 3456 464 3517 ad
475 3455 727 3532 temporalijam
739 3455 780 3516 ad
795 3458 910 3517 extra·
966 3460 1166 3520 necessariis
1192 3461 1262 3520 suis
1291 3461 1325 3520 in
1353 3461 1469 3521 eodem
1494 3461 1695 3522 monasterio
1720 3461 1761 3521 de

119 3565 199 3613 mam
213 3553 284 3615 iere
299 3553 541 3616 desolationem
551 3552 741 3624 devenerat,
754 3555 822 3614 tum
834 3554 912 3629 quia
967 3555 1073 3631 ipsius
1085 3556 1351 3632 possessionibus
1363 3556 1439 3629 tibi,
1453 3559 1486 3620 et
1500 3559 1574 3618 suia
1588 3569 1762 3619 successo-

119 3647 197 3708 nibil
207 3650 469 3727 spiritualitatis,
482 3665 543 3710 sau
555 3649 729 3725 religionis
742 3664 912 3711 remanse-
966 3652 1059 3713 ribus
1081 3654 1299 3729 applicandis,
1325 3670 1387 3716 nec
1410 3671 1477 3716 non
1501 3654 1543 3716 de
1563 3654 1639 3716 aliis
1665 3654 1762 3716 bonis

118 3747 167 3807 rat
177 3746 213 3806 in
225 3746 779 3828 eodem,tandemidamepiscopus
789 3762 912 3824 oppor-
966 3751 1225 3828 episcopalibus,
1239 3752 1268 3811 si
1281 3752 1365 3814 torta
1379 3754 1558 3828 proventus
1578 3768 1644 3812 non
1667 3751 1762 3813 suitl-

118 3841 252 3906 tunitate
264 3848 416 3922 accepta,
428 3859 503 3905 cum
517 3842 797 3905 elamoriniamiae
807 3845 911 3920 ipsius
967 3849 1082 3913 carent
1095 3848 1302 3923 earumdem
1323 3852 1357 3910 et
1370 3849 1411 3910 ad
1427 3850 1491 3909 hoc
1504 3850 1548 3920 te,
1564 3864 1607 3909 ne
1622 3865 1759 3910 succes·

117 3943 306 4003 monasterii
316 3940 912 4019 jugiterinvalesceret,ouravit,tese·
951 3959 1059 4005 -sores
1092 3947 1166 4005 tuos
1197 3943 1238 4005 de
1265 3961 1430 4006 consensu
1468 3946 1502 4008 et
1522 3945 1761 4022 approbatione

117 4048 187 4097 oum
200 4038 387 4116 assumpto,
402 4038 788 4110 descendere,acvidere
801 4041 911 4100 utrum
965 4041 1104 4118 capituli
1118 4042 1167 4104 tui
1189 4042 1382 4104 solemniter
1409 4043 1574 4119 obligasti,
1599 4044 1760 4121 adjiciens

116 4146 265 4206 personae
280 4136 390 4214 ipsius
407 4135 472 4196 loci
495 4136 685 4207 clamorem,
698 4135 754 4212 qui
769 4135 809 4196 de
828 4134 911 4210 ipsis
967 4138 1254 4215 quodinstitueres
1266 4141 1571 4216 vigintioanonicos
1582 4141 1760 4204 saeculares

115 4233 311 4295 meanderat
325 4232 698 4309 operecomplevissent,
714 4232 910 4308 etinquisi-
965 4237 1002 4296 in
1026 4237 1293 4313 possessionibus
1322 4238 1544 4300 membrorum
1568 4240 1761 4301 monasterii

114 4324 333 4392 tionebabita
346 4329 511 4405 diligenti,
537 4330 671 4405 reperit,
693 4328 778 4406 quod
803 4329 912 4393 minor
945 4386 949 4399 ,
967 4333 1147 4409 saepedicti.
1166 4336 1276 4406 Quare
1285 4335 1372 4396 idem
1383 4336 1559 4413 episcopus
1571 4337 1761 4413 hujusmodi

115 4425 185 4487 erat
194 4427 349 4488 infamia.
362 4429 450 4488 Vero
463 4442 575 4503 quum,
589 4427 626 4488 ut
637 4427 680 4488 de
695 4440 911 4503 personarum
967 4431 1056 4492 mam
1095 4432 1318 4507 reparationis
1355 4434 1552 4495 monasterii
1591 4434 1761 4511 saepedicti

114 4524 368 4586 enormitatibus
388 4524 569 4596 iaceamus,
597 4524 843 4586 monasterium.
860 4524 913 4600 ip-
967 4528 1177 4604 praeeligens,
1195 4530 1306 4606 utpote
1320 4546 1384 4606 qua
1405 4530 1497 4592 nulla
1523 4533 1761 4609 competentior
1861 4522 1865 4531 ’

114 4629 200 4691 sum,
236 4623 366 4697 praeter
393 4618 504 4681 debita
541 4620 757 4696 prioratuum,
787 4621 912 4696 septem
967 4626 1019 4686 vel
1035 4626 1151 4688 utilior
1163 4625 1348 4698 videbatur,
1363 4628 1626 4690 secundumeam
1639 4629 1761 4704 deipso

112 4715 251 4779 millium
274 4720 311 4781 et
333 4718 463 4794 septem
485 4717 604 4793 viginti
623 4716 785 4779 librarum
800 4717 911 4779 debito
968 4724 1170 4785 monasterio
1184 4725 1217 4786 et
1230 4724 1387 4785 membris
1400 4727 1473 4802 eius
1494 4726 1647 4787 omnibus
1666 4724 1760 4786 ordi-

112 4809 294 4886 teneretur,
311 4816 348 4877 et
365 4814 504 4891 iusuper
518 4814 665 4876 alienata
677 4817 767 4877 esset
786 4815 914 4877 medie·
967 4820 1068 4880 navit
1096 4822 1161 4881 Nos
1176 4820 1280 4896 igitur
1294 4822 1437 4899 receptis
1459 4822 1613 4900 precihus
1628 4825 1700 4899 ejus
1726 4823 1762 4883 ut

111 4909 161 4970 tas
187 4915 264 4988 ejus
290 4912 541 4988 possessionum
570 4912 604 4973 et
625 4912 723 4981 ultra,
741 4912 912 4974 nonnullis
968 4916 1212 4978 ordinationem
1228 4918 1418 4993 hujusmodi
1437 4919 1668 4996 approbantes,
1686 4934 1760 4980 eam

111 5005 358 5087 aliisejusdem
381 5008 657 5086 possessionibus,
683 5012 716 5070 et
729 5009 912 5070 redditibus
966 5014 1757 5092 Apostolicoroboraremuniminedignaremur,

110 5102 193 5165 alias
208 5107 387 5183 occupatis
397 5121 457 5182 per
467 5105 571 5166 laicos
596 5107 630 5167 et
650 5106 790 5171 ciericos
805 5123 913 5168 saecu·
967 5111 1074 5172 eidem
1096 5112 1246 5173 dedimus
1265 5112 1300 5173 in
1328 5114 1502 5185 mandatis,
1526 5116 1571 5183 ut,
1598 5130 1699 5190 quum
1725 5115 1761 5177 in

110 5198 208 5274 lares,
224 5204 365 5280 recepto
381 5202 485 5278 igitur
499 5201 540 5263 ab
560 5203 678 5264 abbate
693 5205 726 5265 et
740 5204 912 5265 monachis
966 5207 1090 5269 talibus
1103 5208 1233 5271 situum
1249 5210 1401 5286 diligenti
1416 5210 1639 5272 sollicitudine
1649 5228 1762 5287 prooe-

109 5298 280 5361 universis
297 5300 340 5361 de
358 5300 476 5361 stando
491 5300 657 5362 mandatis
672 5301 743 5361 suis
760 5317 913 5378 corpora·
967 5305 1121 5377 dandum,
1139 5307 1288 5387 adhibita
1307 5309 1396 5368 omni
1423 5307 1595 5382 diligentia
1619 5312 1653 5370 et
1675 5325 1760 5370 cau-

110 5391 186 5454 liter
203 5399 413 5474 juramento
437 5400 470 5460 et
493 5399 640 5475 pensatis
662 5398 815 5459 omnihus
839 5415 912 5475 quae
966 5404 1044 5476 tela,
1073 5421 1145 5482 qnae
1172 5404 1312 5465 debebat
1330 5408 1364 5466 et
1387 5405 1767 5481 poteratadhiherl,i1r

109 5504 167 5565 pro
181 5495 403 5570 reparatione
416 5495 911 5572 ipsiusmonasteriivelcontra
967 5501 1083 5577 plrimis
1109 5502 1288 5564 monachos
1304 5504 1426 5578 ejectos
1452 5518 1472 5563 a
1492 5503 1670 5579 saepedicto
1690 5521 1759 5567 mo·

107 5584 532 5663 tacerevidebantur,com
547 5593 914 5669 nonsperareturulla-
967 5599 1114 5661 austerio
1138 5600 1174 5660 in
1203 5600 1296 5660 aliis·
1312 5600 1363 5660 sui
1393 5600 1522 5662 ordinis
1550 5603 1761 5665 monasteriis
