3886 6214
253 309 377 369 247.

255 467 376 531 nouicc
406 468 519 533 Sanctl
540 466 711 531 Benedicti
738 467 920 542 parisien,
950 467 1047 530 salu-

255 564 335 638 tem,
349 565 411 628 etc.

296 663 388 724 Licet
401 661 496 725 robis
520 662 741 725 direxerimus
768 661 892 739 scripta
920 663 1045 734 nostra,

256 761 293 822 ut
307 759 427 822 dilecto
442 760 511 821 lilio
529 762 689 837 magistro
702 763 780 833 lim,
797 759 969 821 Ebroicen.
985 775 1047 820 ar-

255 856 462 929 chidiacono,
487 857 524 918 in
551 873 647 919 sacra
664 857 788 934 pagina
810 857 963 933 cupiente
977 856 1049 917 stu-

256 952 346 1024 dere,
362 954 544 1031 proventus
559 970 637 1015 suos
656 954 900 1016 ecclesiasticos
915 952 1047 1014 tacere·

254 1046 299 1114 tis
320 1050 450 1126 integre
468 1051 665 1123 ministrari,
681 1067 749 1113 non
767 1052 880 1113 tamen
896 1051 1048 1112 nolumus

255 1147 333 1223 quia
349 1163 411 1209 uec
431 1149 552 1210 vestrae
566 1148 761 1211 intentionis
778 1149 898 1221 extitit,
918 1149 956 1211 nt
970 1162 1048 1226 qino-

254 1243 399 1306 tidianas
424 1245 501 1306 illas
529 1244 790 1319 distributiones,
821 1261 895 1324 quae
920 1246 1048 1307 tantum

255 1341 478 1403 residentibus
488 1343 639 1404 ecclesiis
653 1344 686 1404 et
700 1342 753 1403 bis
768 1343 825 1420 qui
839 1342 932 1404 boris
944 1342 1050 1403 inter-

257 1438 335 1499 sunt
345 1440 516 1502 canonicis
528 1439 779 1513 exhibentur,ei
791 1440 894 1501 tribui
904 1439 1046 1501 lactatis.

256 1535 375 1596 Datim
395 1537 561 1612 Laterani,
588 1539 648 1601 Vll
669 1536 832 1600 kalendas
852 1534 1047 1608 decembris,

256 1646 347 1695 anno
360 1633 510 1710 septimo.

577 1980 726 2070 XXVII

269 2182 273 2191 =
394 2152 664 2212 samosatam
686 2149 907 2213 secantes.

521 2299 539 2357 8
558 2296 686 2357 decemb.
704 2298 782 2357 isti.

300 2437 430 2501 [Tbeinen
440 2439 502 2491 (lod.
513 2439 576 2504 dipl.
587 2438 697 2490 domiuti
706 2443 797 2504 temp,
809 2438 829 2498 1,
841 2437 882 2499 7³,
896 2452 923 2489 n.
935 2438 1003 2505 lm]

257 2556 388 2660 Iendoni
405 2580 541 2640 servienti
566 2580 693 2655 pontifex
713 2580 864 2640 confirmat
877 2580 1050 2639 locationem

293 2669 385 2726 vinem
399 2670 428 2726 in
446 2670 587 2728 territorio
608 2670 729 2745 Signino
750 2685 767 2727 a
785 2668 923 2727 cardinali
939 2668 1049 2728 Sancte

291 2757 452 2816 Anastasia
466 2766 575 2817 rectore
589 2759 752 2832 campanie
761 2757 816 2816 sibi
826 2756 940 2815 lectam.

297 2901 466 2964 Honorius
474 2902 786 2979 episcopusservus
796 2901 1047 2973 servorumDei‚

257 2996 379 3065 dilecto
394 2999 463 3062 tilio
478 3000 628 3061 Landoni
643 2999 802 3061 servienti
817 3000 942 3071 nostro,
957 2999 1050 3060 salu-

257 3094 324 3155 tem
339 3095 372 3156 et
380 3097 604 3173 apostolicam
613 3095 888 3158 benedictionem.

297 3193 438 3268 Dignum
463 3195 526 3265 est,
550 3194 586 3256 ut
608 3194 665 3270 qui
688 3208 748 3270 per
771 3194 866 3268 grata
889 3190 1049 3269 obsequia

177 3334 184 3345 ,
257 3289 375 3364 gratiae
398 3305 435 3350 se
456 3291 622 3365 coaptant,
638 3290 794 3366 gratuitas
819 3288 1049 3351 retributionis

258 3385 444 3462 percipiant
468 3387 720 3449 incrementum.
749 3390 856 3459 Quum
868 3387 980 3463 itaque
995 3386 1049 3449 di-

256 3480 362 3543 lectus
386 3481 475 3543 tilius
498 3485 611 3545 noster
625 3485 673 3557 (L,
690 3483 779 3546 tituli
794 3485 925 3547 Sanctae
938 3488 1049 3545 Anas-

256 3576 539 3656 tasiaepresbyter
558 3580 750 3651 cardinalis,
771 3581 881 3643 rector
903 3581 1048 3644 civitatis

258 3674 416 3751 signinae,
438 3676 616 3753 quamdam
640 3677 783 3749 vineam,
816 3678 858 3741 ad
892 3677 1049 3741 Ecclesiae

257 3773 416 3839 Romanae
437 3774 626 3837 demanium
645 3775 879 3851 pertinentem,
901 3775 1049 3839 interri-

198 3892 203 3901 ·
255 3869 343 3933 torio
369 3872 510 3948 positam
523 3870 564 3933 ad
591 3872 777 3944 Fossatum,
804 3873 956 3948 tempore
971 3873 1049 3933 sitae

257 3983 327 4029 snae
336 3966 397 4029 tibi
410 3968 614 4030 concesserit
634 3990 642 4029 ι
664 3984 725 4030 nos
740 3969 969 4046 ipsiusgratiae
979 3968 1049 4030 ali-

257 4064 336 4140 quid
356 4064 507 4126 volentes
529 4066 686 4142 adiicere,
705 4065 838 4127 vineam
860 4067 967 4142 ipsam
988 4066 1049 4127 tibi

255 4160 388 4238 tuisque
423 4162 671 4223 successoribus
706 4161 767 4224 sub
806 4178 918 4225 annuo
947 4178 1050 4224 censu

256 4258 356 4319 unius
384 4256 514 4320 denarii
537 4258 578 4319 de
603 4260 722 4320 senatu
750 4258 907 4320 duximus
927 4275 1049 4322 conce-

257 4354 410 4428 dendam,
433 4371 573 4433 eamque
600 4355 662 4418 tibi
685 4357 884 4419 auctoritate
908 4358 1051 4433 Aposto-

256 4451 322 4514 lica
346 4452 580 4515 confirmamus
597 4453 631 4515 et
656 4454 827 4530 praesentis
850 4454 966 4531 scripti
990 4470 1052 4532 pa·

255 4549 398 4613 trocinie
423 4551 676 4613 communimus.
705 4551 798 4612 Nulli
819 4567 899 4626 ergo
916 4552 1050 4613 omnino

257 4646 428 4710 bominum
444 4648 544 4710 liceat
557 4649 644 4710 banc
666 4649 823 4725 paginam
835 4649 957 4710 nostra
970 4664 1052 4711 con-

256 4745 419 4808 cessionis
446 4747 479 4808 et
506 4745 769 4808 confirmationis
793 4745 989 4821 intringere.
1015 4747 1051 4808 si

255 4843 338 4920 quis
354 4844 465 4904 autem
488 4843 552 4905 boc
580 4844 746 4906 attentare
773 4843 1047 4920 praesumpserit,

255 4939 519 5016 indignationem
542 4940 777 5016 omnipotentis
796 4940 856 5001 Dei
879 4941 912 5003 et
936 4939 1053 5002 beato-

243 5052 331 5098 rum
346 5038 436 5100 Petri
452 5038 485 5099 et
499 5036 595 5103 Pauli
617 5037 841 5113 apostolorum
856 5040 929 5114 ejus
940 5052 976 5099 se
991 5053 1053 5099 no-

256 5136 344 5197 verit
357 5135 581 5196 incursurum.
598 5135 715 5195 Datum
733 5134 902 5207 Laterani,
919 5138 963 5197 Vl
978 5135 1051 5195 idus

257 5232 458 5307 decembris,
488 5230 700 5310 pontificatus
726 5232 833 5294 nostri
860 5248 949 5294 anno
976 5248 1053 5310 sep-

257 5328 349 5391 timo.

868 309 1046 372 HONORII
1066 309 1113 371 III
1134 308 1282 369 OPERA.

1415 492 1583 581 XXVIII

1102 647 1155 706 Ad
1175 644 1379 706 abbatemet
1404 644 1612 707 moventem
1623 647 1820 709 mensarii
1839 653 1871 712 de

1140 743 1427 815 Mulenbruunen,
1455 742 1693 804 cntercteasu
1708 746 1840 807 ordinis.

1364 874 1397 931 {2
1408 871 1538 931 decemb.
1559 873 1640 931 lffl.

1118 995 1380 1061 [wirtembergbcbes
1393 996 1610 1055 Urltnndeubncb,
1620 997 1696 1061 III‚p.
1709 996 1792 1057 libo.
1804 998 1859 1063 ibt]
1895 952 1900 971 ι

1103 1122 1251 1179 Decimam
1275 1122 1349 1179 villa
1370 1121 1407 1180 de
1420 1121 1557 1180 Werbere
1577 1120 1785 1196 [Wurmberg],
1802 1138 1870 1196 quon

1079 1246 1081 1249 ,
1137 1209 1181 1267 eis
1205 1208 1376 1284 montanus)
1388 1209 1533 1283 Spirensis
1552 1210 1708 1283 episcopus
1724 1211 1869 1281 contulerat,

1138 1298 1181 1355 eis
1193 1297 1353 1356 confirmat.

1142 1423 1311 1485 Honorius
1317 1424 1502 1501 episcopus,
1511 1439 1629 1486 servus
1639 1439 1804 1487 servornm
1814 1424 1869 1495 Dei,

1103 1518 1233 1591 dilectis
1247 1518 1376 1580 liliis...
1392 1518 1505 1582 abbati
1518 1521 1552 1583 et
1570 1521 1747 1584 conventui
1760 1538 1870 1583 monas-

1103 1616 1180 1678 terii
1193 1616 1234 1678 de
1243 1616 1509 1679 Mulenbruunen
1517 1618 1868 1691 cisterciensisordiuis,

1104 1714 1243 1777 salutem
1256 1716 1289 1776 et
1300 1715 1524 1792 Apostolicam
1538 1710 1805 1778 benedictionem.

1145 1813 1363 1874 sacrosancta
1380 1815 1529 1874 Romana
1548 1812 1698 1874 Ecclesia
1715 1813 1835 1875 denotm
1846 1813 1871 1873 et

1103 1908 1247 1970 humiles
1273 1908 1371 1982 illios,
1396 1925 1439 1970 ex
1453 1910 1597 1972 assuetae
1615 1910 1746 1987 pietatis
1769 1908 1867 1980 elicio,

1104 2006 1300 2084 propensius
1315 2006 1456 2082 diligere
1470 2007 1646 2069 consuevit
1656 2008 1701 2077 et,
1716 2023 1756 2068 ne
1772 2022 1871 2083 praro-

1103 2119 1177 2165 rnm
1189 2103 1361 2165 bominum
1373 2103 1536 2166 molestiis
1550 2104 1731 2180 agitentur,
1746 2119 1798 2165 eos
1808 2105 1869 2165 tan·

1104 2216 1203 2277 qnam
1217 2201 1272 2278 pia
1287 2202 1394 2263 mater
1405 2217 1475 2263 snae
1484 2202 1702 2278 protectionis
1716 2199 1870 2263 munimine

1104 2295 1291 2360 contovere.
1315 2301 1423 2371 Quum
1445 2299 1568 2376 itaque,
1592 2299 1680 2369 sicut
1701 2296 1870 2361 vobisrele-

1104 2394 1253 2457 rentibus
1278 2395 1522 2468 intelleximus,
1560 2395 1760 2459 venerabilis
1787 2393 1869 2454 balet

1104 2494 1218 2554 noster
1227 2494 1261 2552 C.
1271 2492 1438 2570 Spirensis
1446 2494 1626 2571 episcopus
1636 2476 1790 2556 decimam
1798 2490 1868 2552 nilla

1104 2588 1145 2650 de
1156 2588 1317 2652 Werbere
1329 2589 1434 2661 vobis,
1451 2589 1493 2651 de
1512 2590 1566 2653 sui
1585 2606 1726 2653 assensu
1744 2585 1867 2665 capitoli,

1103 2686 1238 2763 pietatis
1252 2688 1376 2749 intuitu
1394 2687 1603 2762 contulisset,
1619 2704 1681 2750 nos
1697 2686 1807 2750 restris
1819 2683 1867 2762 pits

1104 2784 1399 2862 supplicationibus
1425 2786 1590 2858 inclinati,
1614 2786 1700 2864 quod
1724 2784 1762 2846 eb
1775 2781 1867 2846 eodan

1104 2882 1258 2959 episcopo
1270 2897 1371 2959 super
1384 2881 1448 2944 boc
1461 2881 1527 2959 pie,
1536 2883 1676 2960 provide
1687 2897 1725 2944 ac
1735 2877 1868 2942 canonice

1103 3077 1303 3139 auctoritate
1314 3077 1504 3154 apostolica
1514 3077 1756 3148 confirmamus,
1767 3074 1868 3149 etpra

1103 3174 1208 3236 sentis
1222 3174 1337 3252 scripti
1346 3174 1531 3251 patrocinio
1539 3173 1784 3237 commnnImns.
1795 3164 1866 3231 Nulli

1105 3287 1185 3348 ergo
1196 3271 1331 3333 omuino
1346 3270 1519 3333 hominum
1533 3272 1635 3337 liceat
1644 3267 1868 3346 nancpagiuau

1104 3371 1227 3433 nostrae
1236 3363 1867 3446 confirmationisinfringere,veleiansn

1103 3466 1282 3528 temerario
1301 3467 1481 3529 contraire.
1503 3468 1540 3530 Si
1554 3469 1630 3546 quis
1642 3466 1749 3529 autem
1762 3462 1817 3522 boc
1828 3457 1868 3517 at·

1104 3566 1233 3627 tentare
1245 3565 1505 3641 presumpserit,
1515 3565 1770 3642 indignationem
1781 3552 1868 3619 omui·

1104 3662 1248 3739 potentis
1280 3660 1340 3725 Dei
1361 3663 1396 3725 et
1416 3661 1592 3725 beatorum
1620 3661 1710 3725 Petri
1736 3658 1767 3719 et
1790 3648 1866 3714 Pauli
1911 3674 1912 3677 ¹

1105 3759 1331 3836 apostolorum
1359 3762 1433 3836 ejus
1461 3773 1498 3821 se
1519 3759 1651 3823 noterit
1670 3759 1865 3820 incursurum

1104 3857 1222 3918 Datum
1236 3856 1405 3928 Laterani,
1422 3857 1453 3918 ΙΙ
1473 3856 1546 3918 idus
1562 3855 1751 3923 decembris,
1774 3842 1866 3926 ponfi-

1105 3954 1222 4016 ilcatus
1237 3954 1342 4017 nostri
1355 3970 1443 4017 anno
1459 3955 1610 4033 septimo.

1438 4284 1565 4372 XXIX

1105 4435 1157 4495 Ad
1170 4437 1466 4509 archiepiscopum
1480 4417 1868 4510 concatenationes·

1125 4545 1248 4606 coprem
1258 4535 1467 4595 tianensem
1476 4534 1511 4595 ct
1524 4534 1678 4595 ebonem
1686 4530 1725 4589 dc
1735 4526 1850 4586 osseca·

1374 4673 1407 4730 lt
1419 4670 1550 4730 decemb.
1565 4672 1634 4731 lm

1237 4796 1386 4862 [Maurique
1399 4796 1509 4848 Annales
1521 4798 1633 4857 cisterc,
1645 4794 1686 4851 lv,
1698 4783 1761 4850 Εὖ]

1106 4920 1222 4980 Mandat
1236 4929 1267 4979 ut
1280 4937 1329 4978 rex
1342 4922 1515 4994 Portngalioe
1528 4919 1679 4994 quamdam
1692 4890 1866 4987 summamnb

1142 5010 1304 5083 iil'usnnore
1327 5009 1462 5067 Ecclesiae
1477 5011 1614 5068 Romanae
1638 5007 1800 5066 concauam,
1821 4981 1865 5041 ⁸⁰¹·

1142 5112 1210 5155 vere
1224 5104 1354 5170 cogetur.
1463 5121 1466 5129 ·

1148 5223 1377 5299 Significatum
1399 5224 1451 5286 est
1475 5222 1582 5295 nobis,
1599 5218 1682 5300 quod
1703 5201 1866 5275 carissimus

1107 5320 1142 5381 in
1158 5320 1289 5382 Christo
1303 5320 1394 5380 tilius
1410 5321 1524 5382 noster
1546 5323 1598 5392 A„
1623 5302 1808 5383 Portngaliae
1818 5298 1868 5353 rex

1101 5409 1259 5490 'illustris
1285 5417 1419 5495 inclytas
1444 5412 1684 5479 recordationis
1697 5409 1745 5475 ll..
1763 5390 1865 5467 regino

1108 5513 1213 5596 ipsius
1232 5512 1341 5585 uxori,
1358 5513 1491 5591 plenam
1512 5510 1674 5576 concessu
1687 5488 1806 5577 legauit
1819 5490 1864 5560 ΡΝ

1108 5610 1220 5674 anima
1244 5626 1317 5685 sua,
1335 5611 1376 5674 de
1392 5610 1489 5674 bonis
1506 5610 1601 5687 regni
1621 5599 1770 5686 ejusdem»
1783 5586 1865 5656 ΜΨ

1880 6128 1914 6202 n
