3916 6204
260 324 357 409 lass⁴

260 468 379 556 occidi,
393 485 429 547 ut
449 484 506 561 qui
524 481 681 545 audirent
703 482 898 560 huiusmodi
918 482 1053 545 vindic-

259 581 339 654 tam,
353 581 483 658 plenius
498 580 733 657 intelligerent,
750 581 875 657 quanta
889 596 1053 643 reseren-

257 678 307 741 tla
330 677 490 739 debeatur
510 678 612 753 regiae
641 677 806 753 dignitati,
832 678 866 741 et
888 678 1053 740 attentare

259 775 383 838 similia
408 774 637 837 formidarent.
659 776 734 836 Non
757 773 817 836 tibi
844 776 1053 852 suggerimus

257 872 321 933 troc
339 873 503 948 exemplo,
516 874 552 933 ut
570 871 703 935 occidas
717 872 870 935 comitem
885 887 1054 934 memora·

256 971 358 1032 tum:
393 968 481 1031 absit
510 969 582 1031 haec
611 986 632 1031 a
665 971 921 1034 mansuetudine
956 968 1052 1032 Sedis

256 1067 456 1144 Apostolicae
470 1067 643 1143 impietas3
659 1068 716 1129 sed
732 1068 847 1146 utique
860 1068 1050 1140 suademus,

255 1165 293 1226 ut
306 1179 368 1225 rex
382 1164 455 1240 regi
469 1163 558 1225 ieras
578 1165 740 1226 auxilinm
760 1167 793 1227 et
809 1166 893 1227 citra
914 1165 1053 1240 sangui·

254 1261 308 1322 nis
323 1277 455 1339 poenam
476 1261 526 1322 sio
540 1262 648 1339 ipsum
662 1262 815 1324 comitem
830 1263 951 1339 punias
964 1260 1051 1339 quod

255 1358 398 1420 audacia
412 1358 558 1435 periidlae
570 1375 639 1420 suaa
650 1375 716 1421 non
731 1360 880 1423 transeat
890 1361 925 1420 in
940 1374 1052 1420 exem·

254 1454 357 1532 plum.
383 1456 556 1517 Monemus
579 1452 692 1532 ltaque
715 1456 931 1518 serenitatem
958 1456 1050 1518 tuam

255 1553 290 1614 et
318 1553 441 1630 quanta
469 1566 647 1629 possumus
673 1553 851 1615 affectione
878 1568 1048 1629 rogamus,

252 1649 446 1725 pregrandi
460 1649 493 1711 et
512 1649 652 1727 speciali
667 1664 805 1712 munere
829 1650 1047 1728 postulantes,

253 1747 416 1824 quamnus
431 1762 493 1824 pro
506 1747 566 1809 Dei
577 1749 612 1809 et
625 1748 721 1809 Sedis
738 1748 935 1826 apostolica
948 1762 1049 1811 rese-

251 1844 378 1918 rantia,
408 1858 538 1906 necnon
564 1859 626 1922 pro
652 1845 919 1907 consideratione
944 1845 1048 1921 regia

251 1940 508 2019 dignitataspi
532 1945 566 2003 te
588 1941 689 2004 debes
711 1940 928 2005 fauorabilem
948 1942 1049 2004 extal-

249 2037 342 2112 bere,
358 2039 482 2101 dictum
510 2052 623 2115 regem
645 2040 681 2101 et
703 2038 809 2100 iillum
834 2041 907 2117 eins
938 2039 1047 2116 plenas

249 2135 381 2198 restitui
399 2134 504 2198 iacias
520 2135 678 2209 libertati,
691 2151 795 2213 super
805 2136 869 2198 hec
882 2136 1047 2214 imperis-

250 2231 298 2295 lla
321 2232 445 2310 scripta
470 2233 519 2295 ita
544 2248 705 2310 expressa
726 2235 760 2295 et
782 2231 933 2295 eiiicacia
957 2232 1046 2295 diri·

251 2328 370 2413 gande,
401 2329 487 2407 quod
522 2346 638 2391 eorum
665 2330 819 2393 liberatio
848 2346 915 2391 non
941 2331 1047 2407 possit

251 2427 378 2489 diutius
388 2426 558 2504 protelari,
574 2443 691 2505 preces
707 2428 839 2489 nostras
851 2427 966 2489 taliter
978 2428 1046 2488 im-

249 2523 411 2602 pleturus,
428 2523 515 2601 quod
539 2526 661 2601 praeter
682 2525 857 2587 hominurn
876 2524 992 2586 laudes
1013 2525 1047 2587 et

250 2622 444 2699 perpetuam
461 2621 669 2684 devotionem
686 2622 792 2699 ipsius
812 2622 903 2699 regis
922 2636 962 2684 ac
982 2622 1045 2683 iiiii

251 2720 418 2795 anienem
428 2735 472 2780 ex
481 2719 544 2781 hoc
552 2719 701 2796 plenarie
709 2720 909 2797 emenderis,
918 2720 1044 2781 esterna

249 2815 358 2878 tibia
385 2818 476 2892 Rege
503 2830 619 2893 regum
650 2816 787 2894 praemia
815 2818 1042 2880 reserrentur.

249 2913 368 2975 Datum
387 2914 556 2987 Laterani,
579 2913 713 2976 kalend.
734 2913 938 2988 novembris,
953 2929 1044 2977 anno

249 3010 379 3074 octauo.

269 3437 322 3497 Ad
335 3435 557 3498 nortboldum
573 3439 769 3512 apocopum
783 3436 1019 3503 balmenses.

515 3567 678 3626 dnovemb.
695 3567 774 3627 iiia.

295 3689 511 3752 [tlrknndenbnch
520 3689 774 3755 llelrisnbnrgisches,
788 3690 809 3751 l,
820 3691 877 3751 ¹83,
886 3706 912 3742 n.
924 3691 993 3756 aab]

244 3814 280 3874 El
292 3814 409 3873 mandat
420 3821 451 3872 ut
464 3814 599 3874 comitem
613 3813 650 3873 de
664 3815 778 3873 zuerin
790 3822 819 3874 et
833 3814 896 3889 ejus
915 3813 1040 3883 lautores

524 3904 762 3962 excommunicet.

286 4019 465 4091 Honorius,
482 4020 558 4091 etc,
573 4019 613 4081 ut
626 4035 746 4095 stupra.
759 4021 901 4099 Ideoque
916 4022 1040 4084 irater-

246 4116 343 4179 nitaii
365 4117 431 4178 tuae
457 4132 517 4192 per
539 4116 729 4193 apostolica
754 4117 877 4195 scripta
900 4118 1040 4181 tirmiter

245 4212 469 4291 praecipiendo
507 4212 719 4287 mandamus,
751 4216 930 4290 quatenus,
972 4216 1038 4277 nisi

247 4309 354 4371 dictus
372 4323 482 4370 comes
497 4308 583 4370 inira
600 4322 748 4372 mensem
760 4313 835 4388 post
850 4312 1038 4390 susceptio-

246 4422 324 4469 nem
340 4407 526 4471 litterarum
540 4423 623 4484 quas
643 4423 743 4484 super
760 4408 823 4470 hoc
836 4409 899 4471 sibi
915 4410 1037 4486 dirigi-

244 4520 331 4577 mus,
350 4503 458 4581 ipsum
473 4519 585 4581 regem
597 4518 637 4565 ec
649 4504 754 4566 illium
770 4509 842 4582 ejus
856 4506 1039 4569 reddiderit

244 4598 403 4672 libertati,
417 4600 526 4676 ipsum
545 4601 578 4662 et
601 4615 715 4663 omnes
731 4604 803 4678 eJus
824 4601 860 4662 in
881 4601 943 4663 linc
965 4603 1036 4664 ini-

125 4742 129 4757 .
243 4696 369 4775 quitata
398 4695 546 4758 fautores
575 4697 799 4775 appellatione
829 4700 957 4761 remota
976 4716 1038 4763 ex·

244 4794 505 4859 communicatas
538 4794 670 4873 publice
699 4796 844 4869 nunties,
866 4797 900 4858 et
931 4796 1036 4859 iacias

242 4892 377 4955 eosdem
388 4907 494 4969 usque
507 4891 550 4952 ad
562 4891 823 4955 satisfactionem
838 4894 1036 4970 condignam

243 4989 370 5051 arctius
389 4988 520 5060 evitari,
541 4987 693 5050 iaciendo
713 4991 1034 5054 excommunicatio·

242 5103 319 5150 nem
340 5087 458 5163 ipsam,
483 5085 624 5163 pulsatis
648 5086 819 5163 campanis
840 5088 874 5150 et
887 5088 1035 5151 candelis

242 5183 405 5255 accensis,
416 5180 581 5260 publicari
595 5181 790 5245 solemniter
804 5184 947 5261 singulis
962 5186 1036 5248 die-

241 5280 304 5344 bus
313 5278 489 5343 dominicis
501 5279 534 5341 et
548 5277 676 5340 festivis
688 5295 748 5356 per
759 5280 844 5352 loca,
864 5280 900 5342 in
915 5282 1034 5359 quibus

240 5378 366 5441 videris
381 5374 550 5458 expedire.
566 5377 686 5442 Datum
705 5378 874 5453 Laterani,
892 5382 937 5443 IV
952 5396 1032 5443 non.

241 5490 334 5547 nov„
351 5489 438 5539 anno
450 5476 579 5537 octavo.

875 322 1053 386 Honesti
1074 325 1119 387 ΠΙ
1140 326 1291 391 orsiti.

1426 495 1588 584 xxxiv

1306 644 1465 709 Adcivea
1486 650 1702 710 wasemes.

1372 776 1537 843 inovanti.
1553 778 1634 835 iiia.

1153 897 1369 959 [urkundenbuch
1379 899 1633 965 lieirlenburgiscines,
1646 900 1666 961 l,
1679 901 1735 961 m,
1748 916 1774 952 n.
1784 904 1840 970 m]

1106 1022 1156 1080 Eis
1173 1022 1290 1081 mandat
1309 1031 1341 1082 ut
1354 1039 1424 1097 arga
1440 1039 1539 1099 regam
1558 1025 1653 1085 ilaeiae
1672 1034 1786 1100 captum
1799 1028 1873 1090 idue

1361 1128 1425 1170 sese
1436 1110 1642 1173 demonstrent.

1148 1236 1244 1311 Sicut
1258 1253 1339 1300 vasa
1361 1237 1455 1315 figuli
1475 1239 1594 1316 probat
1610 1240 1747 1315 iornax,
1763 1242 1808 1304 sic
1824 1244 1872 1305 ad·

1104 1336 1275 1397 versitatis
1296 1337 1449 1399 caminus
1469 1339 1645 1400 examinat
1664 1339 1745 1402 iidei
1768 1342 1874 1417 puriu-

1104 1431 1296 1504 tomorum
1309 1449 1391 1510 ergo
1401 1434 1596 1497 carissimus
1609 1435 1648 1497 in
1661 1436 1794 1499 cbristo
1805 1437 1874 1498 illins

1104 1531 1254 1591 noster...
1283 1530 1425 1593 illustris
1452 1533 1653 1601 rexilaciae
1684 1534 1874 1597 dominnaot

1104 1624 1194 1686 illius
1222 1629 1295 1704 ejus
1323 1628 1411 1704 capti
1443 1644 1502 1705 per
1526 1630 1665 1692 Haurici
1694 1632 1821 1693 comitis
1844 1632 1875 1693 da

1103 1724 1234 1785 zuerin
1248 1724 1422 1802 perfidiam
1439 1726 1628 1800 teneamur,
1645 1728 1875 1791 uniuersitatem

1102 1823 1247 1883 sesmam
1262 1822 1506 1886 sollicitandam
1525 1824 1682 1887 duximus
1700 1828 1735 1888 et
1754 1826 1874 1889 borion

1103 1916 1190 1990 dam,
1214 1934 1274 1995 per
1301 1921 1491 1996 apostuma
1522 1921 1617 1985 vobis
1647 1923 1774 2000 scripta
1805 1939 1876 1984 man·

1102 2016 1231 2089 dantes,
1256 2019 1421 2094 quamnus
1446 2018 1524 2082 ildei
1547 2023 1668 2083 sesua
1696 2020 1874 2091 consentia,

1102 2128 1200 2189 qnam
1223 2127 1384 2192 prospera
1403 2115 1495 2178 clare
1509 2115 1739 2180 demonstrare
1752 2133 1817 2181 non
1828 2134 1877 2195 po-

1101 2212 1222 2283 terant,
1256 2211 1292 2272 in
1325 2212 1389 2275 hoa
1416 2212 1629 2277 adversitatis
1658 2216 1802 2277 articulo
1832 2215 1877 2276 de·

1100 2310 1335 2381 monstrantes,
1352 2310 1389 2371 in
1403 2310 1508 2388 ipsius
1532 2312 1624 2387 regis
1642 2312 1804 2375 fidelitate
1819 2313 1877 2375 tali·

1100 2408 1153 2467 tar
1174 2406 1373 2482 persistatis,
1397 2408 1483 2485 guod
1506 2408 1749 2473 tendissestrsa
1772 2424 1878 2488 praco-

1100 2502 1158 2565 nia
1172 2504 1291 2566 merito
1306 2505 1393 2581 apud
1412 2508 1595 2583 presentes
1612 2508 1647 2569 et
1669 2509 1819 2585 posteros
1830 2523 1877 2569 re·

1100 2599 1251 2662 serantur
1274 2604 1309 2664 et
1340 2601 1429 2665 idem
1456 2619 1518 2665 rex
1540 2620 1580 2666 ao
1613 2604 1703 2666 illius
1729 2608 1814 2683 ejus,
1844 2603 1877 2666 ad

1099 2711 1239 2775 quorum
1261 2698 1494 2762 liberationem
1519 2701 1672 2764 studiose
1689 2704 1877 2766 intendinus

1098 2796 1132 2857 et
1150 2795 1361 2859 intendemus
1382 2798 1569 2862 auxiliante
1591 2800 1733 2863 murino
1754 2800 1879 2863 cumei·

1098 2891 1197 2965 iectu,
1210 2910 1311 2971 quum
1334 2893 1370 2957 in
1386 2910 1527 2970 regnum
1545 2912 1644 2959 snum
1663 2897 1833 2970 redierint,
1845 2910 1879 2957 eo

1098 3005 1135 3053 se
1153 2990 1248 3051 vobis
1270 2990 1452 3056 exhibeant
1472 2991 1687 3070 benigniores
1703 2995 1738 3056 ln
1752 3008 1879 3072 prospo-

1097 3087 1156 3159 ris,
1173 3102 1238 3164 quo
1249 3102 1310 3153 ros
1326 3088 1393 3151 sibi
1408 3089 1576 3153 fideliores
1595 3092 1752 3157 extitisse
1771 3090 1876 3154 marni·

1098 3185 1253 3248 nerintin
1271 3185 1435 3250 adversis.
1449 3187 1568 3251 Datum
1582 3190 1752 3262 Iatersni,
1774 3192 1817 3253 [V
1828 3203 1880 3249 no-

1097 3281 1149 3344 nis
1163 3296 1349 3361 nau.,anno
1364 3284 1492 3349 camno.

1093 3761 1160 3855 ⁹aas
1179 3763 1368 3836 eptimam
1380 3735 1421 3827 s.
1432 3765 1581 3827 martam
1600 3768 1869 3831 mameranus.

1359 3893 1523 3952 inonemb.
1542 3895 1622 3954 liis.

1172 4012 1319 4078 [Schannat
1332 4016 1396 4068 ilisa.
1406 4016 1545 4084 episcopal.
1558 4019 1696 4081 wormat,
1709 4020 1730 4080 i,
1746 4020 1815 4086 iob}

1126 4147 1262 4208 annuum
1273 4147 1415 4208 redditum
1428 4158 1458 4208 et
1465 4151 1625 4296 1{ecclesiam
1638 4151 1675 4212 de
1690 4154 1787 4228 Spaip'e
1801 4152 1845 4211 eis

1409 4252 1464 4297 oon
1485 4246 1568 4297 rmat.

1132 4354 1300 4416 Honorius
1309 4355 1496 4433 episcopa,
1505 4372 1623 4420 servus
1633 4374 1809 4421 servorum
1816 4358 1880 4427 nei,

1092 4451 1223 4514 dilectis
1237 4451 1317 4513 iiiiis
1330 4453 1459 4515 decano
1471 4455 1505 4517 et
1516 4455 1663 4531 capitulo
1674 4458 1883 4519 Sanctiliar·

1091 4548 1155 4609 tini
1170 4548 1438 4621 wormatiensis,
1460 4550 1601 4613 salutem
1616 4552 1650 4614 et
1661 4554 1883 4630 apostolicam

1091 4644 1367 4708 benedictionem.

1132 4744 1239 4815 Quum
1254 4757 1274 4803 a
1289 4741 1386 4805 nobis
1400 4743 1526 4823 petitm
1544 4743 1631 4821 quod
1641 4747 1772 4823 justum
1788 4749 1840 4809 est
1855 4746 1884 4807 et

1091 4839 1277 4911 honestum,
1293 4840 1362 4902 tam
1384 4841 1481 4916 uigor
1498 4842 1677 4919 aequitatis,
1690 4860 1795 4921 quam
1808 4842 1882 4905 ordo

1090 4936 1196 5011 exigit
1213 4936 1365 5009 rationis,
1378 4939 1415 4999 ut
1428 4938 1462 4999 id
1481 4954 1542 5015 per
1555 4939 1822 5004 sollicitudinem
1838 4939 1885 5003 oi·

1090 5032 1158 5095 ileii
1170 5034 1278 5096 nostri
1289 5033 1331 5095 ad
1346 5033 1491 5097 debitum
1503 5034 1705 5111 perducatur
1716 5039 1881 5101 effectum

1089 5131 1282 5206 liapropter,
1306 5131 1421 5194 dilecti
1439 5132 1475 5192 in
1498 5133 1639 5194 Domino
1665 5134 1739 5207 iiiii,
1763 5134 1883 5198 nestris

962 5283 969 5295 ,
1084 5227 1187 5303 justis
1215 5227 1492 5304 postulationibus
1517 5231 1613 5305 grato
1645 5236 1883 5294 concurrentes

1088 5338 1240 5396 assensu,
1273 5339 1422 5407 annuum
1451 5327 1490 5387 16
1516 5324 1680 5389 librarum
1717 5330 1881 5392 wormat.

1088 5421 1230 5483 monete
1252 5421 1419 5483 redditum
1433 5420 1527 5485 vobis
1542 5424 1576 5485 et
1590 5423 1744 5487 ecciesiae
1760 5428 1882 5490 vestra

1087 5532 1108 5578 a
1127 5517 1227 5580 clare
1245 5517 1415 5581 memoria
1429 5520 1470 5580 Η.
1485 5519 1688 5596 imperatore
1699 5521 1734 5583 in
1752 5538 1885 5588 recom-

1087 5614 1316 5689 pensationem
1354 5614 1527 5692 cujusdam
1560 5616 1702 5690 telonei,
1738 5623 1834 5697 qnod
1863 5636 1884 5682 a
