3916 6204
174 258 235 321 547

176 432 289 479 sorum
314 418 406 481 stans
435 419 658 487 matrimonio,
684 418 717 480 et
740 417 967 480 laborantibus

175 515 217 576 ad
241 530 356 576 eorum
384 513 575 586 divortium,
600 515 766 591 intrepide
790 515 824 577 in
848 515 968 578 faciem

175 613 377 684 eorumdem,
396 613 537 690 justitiae
555 628 669 675 amore
687 614 860 676 resistens.
884 615 967 687 Quia

174 725 254 771 soro
268 710 354 771 idern
377 712 413 770 Β.
434 725 496 771 rex
516 726 652 786 gravem
671 727 732 788 pro
756 712 967 773 matrimonio

174 807 246 882 ipso
256 806 519 883 persecutionem
529 808 680 880 sustinet,
689 812 823 869 coactus
835 810 969 885 propter

174 902 281 963 hocin
293 905 416 964 terram
429 904 551 965 nobilis
561 905 637 973 viri,
652 905 745 965 ducis
760 905 915 977 Austriae,
931 920 967 965 se

173 999 372 1074 transserre;
409 999 650 1063 fraternitatem
685 1005 776 1063 tuam
811 1016 967 1077 rogamus

174 1097 207 1159 et
219 1096 392 1157 hortamur
406 1098 541 1168 attente,
565 1100 729 1174 quatenus
750 1100 844 1160 tuum
859 1097 968 1159 adhuc

174 1188 239 1253 sihi
254 1181 443 1266 consilidm,
459 1196 493 1256 et
504 1195 668 1255 auxilium
681 1196 840 1272 tanquam
853 1194 888 1255 in
901 1194 967 1256 ad-

171 1290 331 1352 versitate
355 1290 546 1366 hujusmodi
578 1293 815 1364 necessarium,
839 1291 967 1353 libera-

171 1387 248 1448 liter
262 1388 295 1449 et
306 1386 448 1449 libenter
458 1388 629 1465 impendas
643 1388 691 1449 ita
703 1389 790 1466 quod
802 1389 868 1465 ipsi
883 1403 967 1450 con-

173 1483 242 1545 silii
256 1486 290 1545 et
303 1484 424 1545 auxilii
438 1485 486 1546 tui
509 1500 570 1562 ope
590 1485 726 1548 suffulto
740 1489 813 1563 post
829 1487 969 1562 tempes-

171 1581 273 1642 tatem
284 1580 514 1658 tranquillum,
527 1583 560 1644 et
569 1598 723 1643 serenum
734 1583 808 1659 post
817 1582 967 1643 nubilum

173 1678 306 1739 andem
319 1678 387 1739 ilat.
404 1680 522 1740 Datum
536 1680 703 1751 Laterani,
719 1681 794 1743 Vlll
807 1678 968 1741 kalendas

172 1775 295 1847 mardi,
312 1776 525 1852 pontiucatus
539 1777 646 1839 nostri
660 1792 749 1839 anno
764 1778 893 1839 octavo.

476 2115 669 2202 CXXXIV

273 2266 324 2324 Ad
337 2266 630 2338 archiepiscopatu
645 2267 871 2326 Concessere.

433 2392 468 2450 it
483 2390 617 2450 februarii
634 2393 712 2450 itti.

337 2512 428 2578 [sajet
438 2514 500 2565 cos.
517 2515 636 2580 diplom,
649 2516 692 2575 ui,
706 2516 726 2567 1.
742 2515 810 2581 esa]

179 2627 287 2687 Eadem
302 2642 387 2687 causa
402 2630 586 2688 colocensem
604 2632 689 2688 etiam
704 2631 738 2689 h.
755 2632 969 2704 episcopocum

347 2718 407 2775 suis
421 2717 613 2791 suffraganeis
624 2719 798 2776 cohortatur.

216 2834 384 2896 Honorius
393 2835 968 2912 episcopusservusservorumDei,

177 2930 427 3008 archiepiscopo
462 2932 650 3004 colocensi,
685 2933 718 2994 et
749 2932 970 3008 suffraganeis

177 3030 261 3105 eJus.

218 3127 323 3197 Quum
337 3125 530 3188 carissimus
545 3126 580 3187 in
595 3126 726 3188 Christo
741 3126 830 3188 illius
844 3127 969 3199 noster,

179 3237 241 3283 rex
254 3221 344 3293 Bela,
357 3222 597 3299 primogenitus
611 3224 776 3284 carissimi
790 3225 826 3285 in
841 3223 972 3285 Christo

176 3319 238 3381 filii
253 3319 359 3381 nostri
372 3320 525 3392 Andreae,
540 3320 630 3397 regis
645 3321 802 3398 Ungariee
816 3321 970 3393 illustris,

178 3431 313 3492 gravem
326 3431 385 3491 pro
399 3431 449 3481 eo,
464 3416 550 3493 quod
563 3433 702 3479 uxorem
716 3434 810 3478 suam
825 3417 866 3479 ad
882 3432 974 3479 man·

179 3513 292 3573 datum
307 3514 456 3572 nostrum
470 3513 605 3589 recepit,
620 3515 885 3590 prosecutionem
898 3530 974 3575 sus

178 3609 298 3679 uncas,
322 3610 455 3669 coactus
486 3625 529 3670 ex
557 3609 678 3671 hocin
702 3612 826 3672 terram
852 3610 973 3671 nobilis

179 3706 256 3778 viri,
273 3705 367 3766 ducis
379 3705 533 3779 Austrice,
548 3722 584 3768 se
598 3706 780 3768 transferre
794 3729 802 3767 ι
817 3706 974 3768 fraterni-

178 3802 239 3865 tati
261 3804 382 3864 vestrce
405 3816 465 3879 por
483 3803 672 3879 apostolica
694 3804 818 3881 scripta
832 3802 973 3864 manda-

179 3916 264 3970 mus,
278 3901 440 3976 quatenus
454 3900 612 3977 praedicto
624 3903 702 3963 nato
712 3901 802 3977 regis
814 3900 972 3978 ejusdem,

180 3997 234 4057 cui
270 3997 388 4057 merito
416 3998 569 4058 tenemur
605 3998 738 4070 adesse,
765 4000 914 4060 vestrum
943 3997 974 4058 ei

182 4092 370 4153 exhibendo
391 4092 549 4165 favorem,
562 4094 694 4170 plenius
715 4094 892 4167 assistatis,
909 4110 975 4155 mo

181 4187 261 4248 nitis
293 4186 381 4263 apud
417 4189 543 4264 patrem
571 4189 677 4265 ipsius
701 4192 734 4250 et
764 4189 974 4251 exhortatio-

181 4284 280 4344 nibus
301 4284 503 4355 insistentes,
520 4300 560 4346 ac
575 4286 784 4348 consulentes
805 4287 923 4358 eidem,
940 4286 976 4347 ut

68 4414 74 4419 -
182 4381 246 4442 sibi
261 4381 463 4443 malitiosum
483 4397 518 4443 se
536 4398 602 4443 non
618 4383 782 4455 exhibeat,
799 4385 851 4445 vel
866 4383 973 4445 inies-

792 261 968 322 HONORII
990 262 1035 322 111
1056 262 1204 324 oraha,

1338 429 1507 515 CXXXV

1131 581 1183 640 Ad
1197 581 1401 653 Leopottum
1413 579 1566 641 Austttae
1576 580 1710 640 ducem.

1278 708 1314 767 tt
1325 707 1458 766 februarii
1473 708 1552 765 litt.

1183 831 1274 898 [depr.
1288 831 1349 882 God.
1364 831 1482 901 diplom,
1495 831 1539 889 ill,
1550 831 1570 889 l,
1582 829 1652 895 kik]

1022 956 1196 1029 leopoldum
1210 956 1331 1014 ausula
1340 956 1453 1025 domm,
1465 954 1540 1028 quod
1551 956 1648 1014 Belum
1660 954 1810 1029 profugum

1273 1043 1440 1115 susceperit,
1456 1042 1562 1103 laudat

1060 1162 1241 1235 Honorius,
1257 1164 1319 1225 ato.

1061 1260 1276 1322 Deuotiouem
1290 1260 1381 1322 tuam
1394 1260 1430 1322 iu
1444 1260 1584 1321 Domino
1598 1258 1811 1323 commenda-

1022 1371 1106 1429 mus,
1136 1356 1223 1433 quod
1250 1358 1461 1421 carissimum
1489 1358 1524 1419 in
1550 1356 1682 1419 Christo
1711 1356 1814 1417 illium

1022 1454 1183 1526 nostrum,
1194 1456 1231 1515 Β.
1244 1469 1366 1531 regem,
1377 1455 1635 1537 primogenitum
1649 1452 1815 1516 carissimi

1021 1552 1057 1612 in
1072 1552 1203 1613 Christo
1226 1551 1288 1612 dlii
1309 1552 1426 1625 nostri,
1439 1553 1529 1629 regis
1545 1552 1704 1628 Ungariae
1717 1551 1815 1613 illus-

1022 1649 1094 1723 tris,
1109 1649 1166 1726 qui
1179 1664 1315 1725 gravem
1332 1664 1392 1726 pro
1409 1664 1449 1711 eo
1463 1649 1550 1726 quod
1566 1664 1706 1711 uxorem
1721 1663 1815 1709 suam

1022 1745 1064 1806 ad
1077 1745 1225 1807 nostrum
1245 1746 1437 1808 mandatum
1455 1746 1592 1822 recepit,
1608 1746 1815 1823 persecutio-

1022 1858 1097 1905 nem
1114 1844 1248 1921 patitur,
1268 1843 1302 1904 at
1320 1843 1361 1904 ad
1380 1846 1413 1906 te
1437 1844 1572 1921 prepter
1594 1842 1659 1907 hoc
1682 1844 1815 1905 coaetus

1023 1942 1074 2003 est
1097 1941 1234 2018 iusuper
1257 1956 1293 2002 se
1317 1940 1509 2013 transferre,
1531 1942 1599 2002 tam
1618 1939 1763 2017 henigne
1784 1941 1818 2001 et

1022 2038 1160 2099 honeste
1184 2039 1380 2114 pertractas,
1413 2040 1470 2100 tuo
1501 2054 1577 2099 eum
1609 2037 1753 2099 consilio
1785 2039 1819 2099 et

1023 2133 1150 2196 auxilio
1178 2133 1367 2196 refovendo.
1398 2135 1490 2197 Licet
1516 2135 1621 2210 igitur
1647 2150 1725 2195 eum
1756 2133 1818 2195 tihi

1023 2231 1254 2292 commendare
1268 2246 1405 2292 necesse
1418 2246 1484 2291 non
1497 2232 1600 2305 esset;
1615 2231 1694 2308 quia
1706 2231 1817 2291 tamen

1023 2328 1087 2389 sibi
1109 2344 1151 2388 ex
1171 2327 1233 2389 hoc
1248 2328 1366 2389 merito
1377 2329 1495 2389 adesse
1509 2328 1673 2398 tenemur,
1690 2326 1816 2388 nobili-

1023 2427 1125 2487 tatem
1143 2425 1235 2486 tuam
1254 2440 1410 2500 rogamus
1434 2427 1467 2487 et
1489 2424 1665 2486 hortamur
1678 2426 1816 2496 atmnte,

1023 2523 1185 2600 quatenus
1197 2522 1233 2582 in
1246 2521 1386 2583 fovendo
1396 2522 1505 2598 ipsum
1515 2521 1614 2599 solita
1629 2522 1818 2582 constantia

1024 2634 1253 2696 perseverans,
1270 2634 1330 2695 pro
1352 2618 1509 2681 Ecclesiae
1533 2621 1693 2681 Romanae
1716 2633 1817 2679 reve-

1024 2717 1132 2777 rentia
1154 2731 1229 2777 eum
1251 2715 1374 2777 habeas
1393 2716 1590 2793 propensius
1605 2714 1819 2776 commenda-

1023 2814 1113 2886 tum3
1136 2812 1184 2873 ita
1205 2812 1291 2889 quod
1315 2813 1350 2872 in
1374 2812 1449 2885 hoc,
1474 2812 1561 2873 sicut
1580 2811 1616 2872 in
1641 2811 1729 2881 aliis,
1749 2812 1818 2872 tun

1024 2908 1181 2970 honitatis
1208 2911 1368 2986 appareat
1400 2908 1604 2985 magnitudo,
1634 2910 1668 2969 et
1696 2923 1756 2969 uos
1782 2907 1819 2967 id

1025 3008 1124 3069 etiam
1136 3006 1317 3068 habeamus
1327 3007 1509 3085 acceptum.
1517 3005 1637 3066 Datum
1648 3003 1816 3075 Laterani,

1025 3106 1101 3165 Vlil
1128 3103 1290 3165 kalendas
1317 3103 1445 3177 martii,
1472 3102 1686 3182 pontificatus
1712 3102 1819 3165 nostri

1026 3217 1114 3264 anno
1128 3201 1256 3262 cctam

1327 3485 1518 3573 CXXXVI

1181 3612 1441 3685 coepiscopum
1467 3612 1676 3672 Vactensem.

1283 3739 1318 3798 ii
1339 3738 1473 3798 februarii
1490 3739 1569 3801 itti.

1091 3860 1219 3926 [weluen
1232 3861 1388 3915 Nonumeut.
1411 3862 1559 3926 domnia,
1572 3863 1591 3914 l.
1608 3861 1651 3922 tt,
1660 3864 1693 3914 il·
1704 3861 1756 3926 8.]

1028 3986 1153 4058 liandet,
1167 3995 1197 4045 ut
1208 3986 1283 4046 Belus
1297 3988 1359 4060 regi
1371 3988 1491 4045 consilio
1509 3987 1672 4059 auxilioque
1686 3988 1823 4046 assistere
1947 4004 1948 4021 ι

1384 4082 1495 4147 pergat.

1068 4189 1235 4252 Honorius
1245 4190 1430 4267 episcopus,
1439 4206 1554 4252 servus
1565 4206 1737 4253 servorum
1745 4192 1820 4263 Dei,

1029 4287 1213 4350 venerabili
1228 4287 1360 4348 fratri...
1377 4288 1723 4364 episcopoWaciansi,
1735 4287 1826 4349 salu·
1946 4312 1947 4333 2

1029 4385 1095 4447 tem
1109 4386 1142 4447 et
1154 4383 1378 4460 apostolicam
1387 4383 1661 4445 benedictionem.

181 4479 263 4551 tum,
279 4493 341 4540 nec
356 4480 396 4540 ad
416 4495 452 4540 se
472 4479 582 4541 redire
606 4481 783 4557 compellat
803 4481 972 4556 cumdem3
1070 4481 1422 4543 Fraternitatemtuam
1433 4480 1542 4556 dignis
1555 4480 1588 4540 in
1604 4482 1744 4542 Domino
1753 4480 1825 4542 lau·

182 4575 240 4637 sed
265 4576 300 4636 iu
324 4591 427 4652 regno
447 4592 518 4650 suo,
539 4577 596 4638 ubi
616 4593 690 4639 cum
710 4581 782 4655 ejus
803 4593 976 4650 uxoreae
1029 4578 1125 4639 dibus
1149 4577 1426 4648 commendamus,
1450 4575 1536 4653 quod
1556 4578 1642 4639 sicut
1665 4594 1708 4638 ex
1728 4580 1824 4655 parte
1945 4586 1946 4605 ¹

183 4673 264 4747 suis,
280 4674 367 4734 sicut
381 4674 517 4749 regium·
531 4674 625 4736 decet
645 4675 821 4748 haeredem,
838 4675 976 4737 honeste
1030 4675 1195 4739 carissimi
1223 4674 1259 4735 in
1291 4674 1421 4736 Christo
1446 4673 1508 4734 filii
1538 4675 1646 4736 nostri
1668 4677 1710 4737 Β.
1734 4675 1825 4753 regis

182 4771 294 4833 valeat
307 4771 517 4843 commorari,
533 4770 681 4833 redditus
696 4772 726 4833 ei
742 4774 849 4835 certos
863 4771 974 4848 assig-
1030 4770 1241 4850 primogeniti
1263 4769 1427 4832 carissimi
1448 4770 1483 4830 in
1505 4771 1635 4832 Christo
1655 4771 1717 4832 tilii
1741 4787 1824 4832 nos-

181 4870 257 4942 net3
274 4867 366 4943 ipses
387 4868 500 4941 etiam,
518 4869 576 4945 qui
595 4884 670 4929 cum
694 4868 766 4945 ipso
792 4870 974 4941 morantur,
1030 4870 1111 4931 tri...
1132 4864 1312 4944 HungarIae
1335 4867 1425 4943 regis
1440 4866 1579 4928 illustris
1594 4866 1656 4929 luit
1669 4868 1823 4947 proposi-

180 4979 391 5042 nequaquam
403 4965 438 5025 in
451 4966 614 5042 personis,
630 4965 684 5027 vel
699 4966 799 5028 rebus
814 4965 974 5041 offendat3
1029 4968 1099 5029 tum
1114 4980 1225 5027 coram
1244 4963 1351 5036 nobis,
1367 4965 1404 5025 tu
1418 4963 1524 5025 eidem
1539 4967 1575 5026 Β.
1591 4966 1712 5041 regist
1727 4966 1825 5026 uxori

180 5061 372 5122 mandatum
395 5064 545 5123 nostrum
561 5062 674 5124 taliter
688 5062 869 5140 impleturi,
889 5063 976 5139 quod
1031 5078 1099 5124 suae
1118 5076 1249 5137 semper
1268 5060 1410 5122 fideliter
1428 5061 1575 5133 astitisti,
1596 5077 1658 5139 pro
1677 5062 1825 5138 ipsorum

180 5159 293 5220 vostra
313 5161 532 5235 cognoscatur
546 5158 722 5234 diligentia
737 5175 796 5236 per
809 5159 974 5230 effectum,
1032 5163 1123 5222 stans
1136 5158 1358 5229 matrimonio,
1372 5157 1643 5219 allaborantibus
1655 5159 1697 5220 ad
1709 5174 1827 5222 eorum

181 5257 215 5317 et
229 5272 249 5317 a
264 5255 359 5316 nobis
374 5256 509 5334 possitis
532 5254 572 5318 da
597 5256 836 5333 circumspecta
850 5256 978 5320 sollici·
1031 5256 1210 5319 divortium
1242 5254 1407 5331 intrepide
1430 5254 1467 5315 in
1492 5254 1611 5316 faciem
1634 5255 1826 5319 eorumdem

181 5353 297 5413 tudine
315 5353 551 5415 commendari.
575 5354 693 5416 Datum
713 5354 880 5426 Laterani,
901 5356 977 5415 Vlll
1028 5352 1168 5432 justitiae
1180 5366 1297 5413 amore
1309 5350 1479 5413 resistens.
1495 5352 1579 5423 Quia
1593 5367 1673 5415 vero
1687 5351 1775 5412 idem
1786 5353 1823 5412 Β.

181 5449 343 5511 kalendas
369 5450 492 5520 martii,
520 5450 730 5528 pontificatus
760 5451 865 5514 nostri
889 5466 977 5513 anno
1032 5464 1093 5512 rex
1109 5464 1243 5527 gravem
1263 5464 1323 5531 pro
1344 5447 1555 5510 matrimonio
1576 5448 1650 5525 ipso
1669 5462 1827 5527 persecu-

184 5548 312 5606 ootavo.
1031 5547 1155 5609 tionem
1181 5545 1340 5617 sustinet,
1369 5547 1504 5608 coactus
1531 5547 1666 5623 propter
1696 5544 1757 5606 hoc
1788 5545 1825 5606 in
