4014 6224
146 301 204 362 ast

493 472 610 559 CLXI

149 619 947 696 1166661666661166116661161166666166

320 719 776 793 116116611161666166111661.

427 858 462 915 19
480 858 577 930 aprilis
597 858 675 916 1222.

245 977 381 1061 1511111116,
393 978 456 1030 Teb.
470 980 524 1030 ord.
536 980 639 1039 Thent,
649 994 676 1044 p.
686 979 739 1038 218,
752 993 777 1029 6.
790 979 856 1044 1111]

148 1103 460 1161 1166611666661116161
478 1102 575 1161 domui
591 1102 742 1176 hospitalis
757 1105 868 1161 Sancte
883 1105 943 1161 Ila-

184 1192 237 1248 riae
267 1192 507 1249 'Ibeutonlcomrn
543 1191 679 1250 Frlderici
710 1195 736 1249 II
767 1192 946 1264 imperatoris

184 1279 368 1352 priuilegium
382 1280 419 1338 de
431 1279 588 1338 redditibus
599 1280 703 1338 annuis
717 1280 768 1339 CC·
780 1279 871 1337 unciis
883 1281 944 1338 auri

184 1366 338 1424 Brundusii
351 1366 551 1441 percipiendis.

188 1503 369 1575 Honorius,
392 1504 466 1575 616,
484 1502 642 1579 magistro
653 1501 686 1565 61
697 1501 867 1573 fratribus,
880 1501 941 1564 etc.

187 1599 293 1660 Justis
314 1599 496 1676 petentium
522 1600 699 1661 desideriis
721 1600 857 1675 dignum
881 1599 941 1670 est,

146 1709 210 1755 1166
221 1692 354 1756 facilem
364 1695 513 1773 praebere
522 1708 719 1757 consensum
732 1697 943 1771 cinctaque

145 1806 167 1852 a
191 1792 338 1853 rationis
350 1792 485 1854 tramite
506 1809 573 1854 non
595 1792 795 1865 discordant,
824 1792 944 1854 effectu

145 1891 370 1967 prosequente
396 1889 572 1967 complere.
600 1891 681 1950 (ium
709 1889 812 1966 igitur
833 1890 942 1950 caris-

146 1985 255 2046 simus
283 1987 318 2047 16
352 1986 483 2049 Christo
512 1986 600 2048 lilius
624 1988 748 2055 noster,
774 1990 944 2048 Romano-

145 2082 433 2159 16161166616161
463 2100 593 2161 semper
629 2086 790 2161 augristus
820 2084 854 2145 61
882 2097 944 2144 rex

147 2177 287 2251 Siciliae,
300 2179 336 2240 in
351 2178 676 2241 61111616Β1611116611
696 2180 736 2240 de
759 2176 943 2240 redditibus

145 2272 219 2333 6616
234 2274 306 2336 sive
325 2273 366 2335 de
384 2273 589 2352 bajulatione
611 2275 683 2335 sire
697 2274 739 2334 de
757 2273 852 2345 61616,
867 2288 944 2349 666-

145 2369 281 2432 cialiter
310 2386 371 2447 pro
398 2371 545 2432 emendis
580 2370 667 2432 albis
704 2368 870 2433 1166161116
900 2367 942 2430 ad

146 2482 247 2527 usum
258 2466 398 2528 fratrum
409 2467 597 2529 vestmrum
609 2466 942 2536 militum,annuatim

145 2565 209 2625 CC.
219 2564 336 2625 uncias
350 2565 425 2625 auri
439 2565 479 2624 ad
491 2564 750 2640 pondusss'aruli
764 2563 859 2625 vobis
873 2565 942 2624 im-

144 2661 268 2738 periali
290 2658 491 2722 liberalitate
514 2661 658 2733 donarit,
679 2662 747 2722 tam
771 2661 829 2722 diu
846 2660 943 2721 vobis

145 2758 247 2819 annis
273 2758 416 2833 singulis
444 2757 665 2820 exsolvendas
691 2758 732 2819 de
759 2756 941 2820 redditibus

144 2854 360 2932 supradictis,
377 2856 482 2917 donec
494 2857 642 2917 interris
656 2855 868 2917 laboratoriis
883 2871 942 2916 seu

144 2952 226 3013 aliis
240 2953 507 3029 possessionibus
522 2954 629 3029 regni,
644 2954 835 3029 competens
848 2952 941 3014 robis

143 3048 356 3110 escambium
371 3049 553 3126 imperialis
568 3050 796 3112 munificentia
813 3050 941 3124 largia-

143 3148 211 3218 tur,
240 3147 391 3208 61611116
419 3150 491 3224 ejus
519 3146 695 3223 privilegio
721 3162 824 3208 aurea
850 3145 940 3207 hulla

142 3243 277 3304 munito
300 3244 530 3320 perspeximus
550 3243 734 3317 contineri3
751 3259 812 3305 nos
833 3243 941 3320 ipsius

143 3340 359 3416 imperatoris
372 3341 405 3403 et
418 3341 538 3402 restris
551 3340 706 3417 precibus
720 3339 873 3401 inclinati
886 3339 941 3400 do-

142 3437 315 3498 nationem
330 3438 448 3513 ipsam,
469 3436 555 3500 sicut
575 3437 629 3514 pie
644 3453 684 3498 ac
699 3435 940 3514 providefacta

142 3534 195 3595 est
210 3534 294 3595 etin
310 3534 384 3611 1666
399 3534 574 3611 privilegio
588 3533 719 3612 plenius
740 3533 937 3606 continetur,

141 3630 343 3693 auctoritate
356 3631 544 3708 1666161166
557 3631 791 3693 confirmamus
806 3632 838 3692 61
853 3646 940 3707 prae-

140 3726 250 3789 sentis
263 3727 380 3804 scripti
389 3729 574 3805 patrocinio
584 3718 939 3789 communimusNulli

140 3825 313 3901 6166616.
328 3825 362 3886 Si
378 3825 452 3902 quis
467 3831 587 3897 6111616,
601 3828 664 3887 616.
676 3826 794 3886 Datum
806 3825 939 3887 Verulis

138 3920 221 3980 XIII
236 3918 399 3982 kalendas
412 3918 500 3983 61611.
505 3920 716 4001 pontificatus
732 3918 837 3981 nostri
848 3933 938 3980 anno

139 4017 250 4079 sexto.

463 4216 629 4393 ,6116

172 4438 229 4499 ed
245 4436 431 4510 Pelopiam
454 4436 680 4497 albanensem
701 4436 913 4508 6616666616,

291 4532 494 4605 6666161166
513 4533 610 4594 Sedis
628 4531 791 4615 16661166.

418 4672 453 4729 25
472 4670 569 4743 aprilis
585 4670 664 4729 1221.

271 4802 420 4867 meysam,
432 4802 527 4854 1111111.
540 4801 580 4852 611
586 4814 649 4852 666.
662 4798 808 4866 111111]

136 4927 242 4987 sorduit
256 4942 289 4985 66
302 4925 339 4984 de
354 4925 439 4984 rebus
458 4929 552 4983 Terre
571 4925 683 4984 Sanctae
701 4939 766 4982 curn
781 4923 935 4991 friderico,

171 5020 371 5076 Romanorum
409 5015 591 5087 imperatore,
621 5028 731 5071 novum
763 5014 936 5085 colloquium

171 5104 251 5179 apud
271 5105 416 5163 Veronam
441 5102 588 5172 indixisse,
618 5102 654 5160 ad
675 5100 751 5175 quod
773 5101 936 5159 invitandos

169 5192 337 5254 1611666661
354 5192 649 5265 Ilierosolymitanum
664 5205 764 5264 regem
784 5191 936 5263 ipsumque

170 5282 326 5355 Pelagium
341 5279 478 5337 decernit.

174 5407 349 5470 Honorius
357 5406 543 5482 episcopus,
552 5419 670 5466 servus
679 5416 850 5465 servorum
862 5403 932 5476 Dei,

102 5504 277 5582 ‘Pelagio
309 5502 491 5566 dinanensi
525 5502 699 5579 episcopo,
736 5502 933 5579 spostolicae

133 5602 251 5675 Sedis,
269 5601 397 5678 legato,
415 5600 565 5672 salutem,
589 5598 652 5662 etc.

772 304 1000 366 EPISTOIIAE.
1024 306 1103 366 LIB.
1125 306 1180 366 vl.

1736 304 1795 366 138

1041 463 1190 527 eoelestis
1226 444 1368 526 altitudo
1401 463 1605 525 6666111161
1636 461 1690 523 his
1717 477 1801 540 6666

1002 560 1090 621 mala
1113 559 1278 632 videntur,
1298 559 1385 621 bona
1409 558 1502 621 novit
1525 556 1646 621 elicere
1673 560 1706 621 et
1728 558 1793 619 ad-

1000 671 1098 716 versa
1132 655 1276 719 feliciter
1312 656 1347 717 in
1382 671 1541 733 prospera
1576 654 1792 719 commutare.

1001 752 1092 814 Licet
1119 752 1222 828 igitur
1246 768 1382 828 gravem
1412 756 1579 830 jacturam
1607 754 1641 815 et
1667 752 1793 829 grande

1000 848 1213 925 opprobrium
1229 850 1263 910 in
1279 849 1428 926 partibus
1443 850 1676 911 transmarinis
1687 864 1794 926 nuper

1000 960 1117 1021 passus
1133 946 1234 1008 fuerit
1248 944 1289 1022 po
1293 947 1388 1023 66166
1399 947 1618 1018 Christianus,
1632 948 1665 1007 et
1674 946 1794 1006 inimi·-

1000 1041 1048 1103 616
1072 1041 1149 1103 fidel
1172 1043 1326 1104 rideatur
1352 1043 1451 1103 nimis
1476 1059 1632 1122 prospere
1658 1056 1796 1104 succes-

999 1138 1094 1210 sisse,
1110 1154 1282 1215 speramus
1296 1142 1408 1202 tamen
1423 1141 1458 1200 in
1474 1156 1525 1210 eo,
1536 1141 1571 1201 in
1585 1144 1792 1217 cujusmanu

1000 1237 1117 1297 cuncta
1132 1238 1211 1298 sunt
1224 1235 1332 1312 posita
1345 1238 1380 1299 61
1392 1240 1487 1313 cujus
1503 1252 1599 1298 nemo
1610 1238 1718 1314 potest
1731 1252 1797 1297 re-·

999 1332 1118 1394 6161616
1153 1335 1333 1405 voluntati,
1368 1334 1463 1412 quod,
1488 1334 1639 1411 permisit
1670 1333 1792 1395 cadere

927 1438 929 1445 ’
999 1442 1095 1490 sumn
1121 1432 1306 1494 exercitum
1334 1433 1371 1493 ut
1402 1432 1592 1509 resurgeret
1617 1430 1734 1493 fortior
1758 1430 1793 1492 et

998 1541 1117 1603 passus
1132 1529 1182 1589 661
1201 1528 1352 1590 infideles
1367 1529 1453 1604 erigi
1468 1532 1504 1590 ut
1518 1530 1653 1605 gravius
1666 1527 1789 1588 allide·

998 1625 1229 1685 ueniundum
1259 1626 1348 1685 enim
1378 1626 1571 1687 carissimus
1601 1626 1636 1686 in
1658 1624 1790 1686 cbristo

998 1719 1088 1780 tilius
1103 1721 1217 1783 noster
1233 1721 1429 1783 Fredericus
1444 1723 1669 1783 Romanorum
1684 1723 1795 1799 irnpe-

997 1818 1089 1877 rator
1114 1814 1245 1894 semper
1264 1820 1425 1894 augustus
1446 1820 1479 1880 61
1498 1832 1560 1878 rex
1584 1818 1709 1880 Siciliae
1728 1817 1792 1879 du·

998 1913 1075 1981 dum
1096 1914 1132 1975 in
1156 1915 1267 1976 animo
1281 1918 1413 1991 gereret
1435 1915 1477 1975 ad
1492 1915 1723 1977 liberationem
1737 1916 1792 1976 in·-

998 2009 1135 2070 tendere
1145 2012 1258 2072 Terrae
1274 2012 1416 2083 Sanctae,
1430 2027 1517 2072 nunc
1532 2012 1666 2090 propter
1675 2027 1790 2073 casum

998 2107 1055 2183 qui
1074 2104 1195 2168 accidit
1210 2108 1309 2183 digno
1331 2107 1444 2170 dolore
1467 2111 1646 2185 permotus,
1668 2109 1791 2171 61661-

997 2204 1105 2265 matus
1114 2204 1323 2266 divinitusad
1334 2204 1560 2266 ulciscendam
1569 2207 1693 2267 tantam
1705 2203 1790 2284 inju

997 2300 1082 2360 riam
1098 2300 1220 2362 Christi
1234 2302 1267 2364 et
1280 2301 1393 2378 populi
1408 2302 1601 2375 Christiani,
1615 2304 1707 2365 tanto
1722 2302 1791 2366 166-
1848 2320 1853 2327 “

997 2397 1129 2458 sentius
1141 2397 1183 2458 ad
1195 2396 1229 2458 id
1244 2413 1280 2458 se
1293 2398 1459 2476 praeparat
1469 2400 1656 2475 etaccingit
1665 2402 1789 2478 quanto

997 2472 1106 2568 ips'um
1125 2493 1274 2570 praedicti
1294 2510 1391 2556 casus
1410 2496 1596 2558 adversitas
1619 2501 1654 2558 et
1675 2497 1796 2573 indic--

997 2590 1088 2652 natio
1114 2591 1344 2653 vehementius
1363 2594 1534 2655 animarit.
1553 2594 1702 2671 Denique
1728 2610 1794 2657 nos

996 2687 1030 2748 et
1050 2688 1122 2765 ipse
1140 2688 1182 2749 ad
1200 2689 1233 2749 id
1249 2689 1451 2751 unanimiter
1472 2691 1681 2752 intendentes
1696 2692 1788 2754 cele·

995 2783 1055 2845 bre
1069 2785 1271 2863 colloquium
1287 2777 1392 2863 66661
1406 2786 1583 2851 habuimus
1599 2788 1791 2864 specialiter

996 2898 1055 2958 pro
1071 2883 1204 2959 negotio
1216 2883 1551 2961 memorato;.et'post
1563 2885 1686 2946 multos
1699 2885 1794 2947 trac-

995 2984 1084 3045 tatus
1109 2999 1210 3061 super
1229 2984 1294 3044 boc
1317 2984 1718 3059 diligentissime-habitos
1731 2985 1792 3047 de·

996 3096 1084 3140 mum
1105 3080 1314 3141 concorditer
1333 3079 1555 3156 disposuimus
1577 3081 1667 3143 aliud
1683 3082 1792 3143 collo·

996 3177 1108 3254 quium
1134 3177 1169 3237 in
1196 3176 1394 3238 Lombardia
1416 3177 1451 3238 in
1475 3178 1610 3239 civitate
1636 3181 1796 3252 Veronae„

996 3273 1085 3335 circa
1104 3272 1224 3335 festum
1241 3273 1329 3335 beati
1345 3259 1479 3335 Martini
1495 3275 1683 3351 proximum
1695 3275 1789 3337 cele-

994 3369 1104 3442 brare,
1121 3371 1157 3430 in
1172 3384 1237 3447 quo
1252 3386 1312 3431 nos
1333 3371 1366 3430 et
1388 3370 1460 3447 ipse
1479 3371 1660 3447 imperator
1674 3388 1790 3449 perso·

995 3466 1118 3528 naliter
1132 3482 1209 3528 esse
1220 3466 1440 3538 decrevimus,
1453 3467 1592 3530 Domino
1607 3471 1787 3544 annuente,

994 3567 1027 3624 et
1039 3564 1080 3624 ad
1096 3563 1177 3624 illud
1193 3564 1793 3642 61116116166611661666161666616-

994 3660 1151 3721 616611666
1170 3676 1269 3737 quam
1294 3661 1497 3733 mundanos,
1506 3677 1545 3724 ac
1566 3661 1681 3724 fideles
1702 3662 1802 3726 61166.

994 3772 1076 3833 quos
1085 3756 1252 3833 expedire
1262 3757 1448 3819 ridebimus
1461 3760 1793 3837 66616661661616-

994 3853 1120 3915 6666116
1131 3852 1669 3931 (11611666611166610111616666
1679 3855 1790 3932 ungit

993 3950 1213 4011 communiter
1234 3950 1421 4023 universos,
1444 3966 1519 4011 cum
1548 3948 1791 4013 deliberatione

994 4046 1029 4107 in
1053 4045 1146 4109 tanto
1172 4047 1306 4122 negotio
1330 4047 1522 4109 necessaria
1547 4047 1730 4121 ordinetur,
1755 4049 1796 4112 et

994 4143 1143 4206 universi
1166 4144 1200 4205 et
1221 4144 1345 4220 singuli
1366 4159 1406 4206 eo
1429 4145 1799 4225 16661661661161616-Δ

994 4241 1797 4322 6666666116161666161166,·6666661666166

994 4339 1135 4400 oonsilio
1155 4339 1652 4403 6116111616116166111661616
1674 4341 1807 4416 fuerit,

993 4435 1035 4496 ad
1055 4436 1137 4498 illud
1159 4437 1424 4514 prosequendum
1444 4437 1563 4500 fortius
1583 4439 1799 4501 animentur:

993 4533 1074 4592 Cum
1099 4531 1204 4608 igitur
1223 4532 1266 4593 ad
1289 4533 1402 4610 ipsum
1424 4533 1636 4611 colloquium,
1657 4535 1694 4596 in
1721 4551 1796 4612 quo·

992 4629 1059 4690 1616
1070 4628 1110 4690 de
1122 4627 1228 4706 ipsius
1240 4628 1451 4706 imperatoris
1464 4631 1619 4708 passagio
1632 4647 1731 4709 quam
1744 4632 1801 4694 de·

993 4726 1071 4787 aliis
1085 4726 1264 4802 negotium
1288 4726 1556 4802 contingentibus
1578 4728 1794 4790 decrevimus

992 4823 1125 4900 plenius
1149 4822 1320 4896 ordinare,
1347 4824 1526 4895 inuitemus
1552 4825 1797 4889 charissimum

992 4921 1028 4981 in
1040 4920 1172 4982 Christo
1185 4919 1289 4981 lilium
1305 4922 1455 4983 nostrum
1469 4922 1663 4985 Iohannem.
1672 4938 1799 4999 regern.

991 5016 1340 5094 Hierosolymitamum
1356 5017 1531 5089 illustrem,
1545 5020 1674 5082 etineo
1685 5034 1794 5096 prop*

990 5114 1172 5176 1616616111
1189 5114 1388 5177 industriam
1406 5120 1439 5178 et
1452 5116 1793 5193 probatampruden-

990 5212 1071 5272 tiam
1081 5212 1183 5285 tuam,
1196 5211 1321 5273 habere
1330 5214 1421 5274 tuam
1430 5229 1559 5291 qnoque
1571 5213 1795 5289 presentiens

990 5307 1193 5379 affectemus,
1213 5308 1414 5372 fraternitati
1438 5311 1502 5372 tuae
1520 5326 1580 5386 per
1592 5312 1783 5385 Apostolica

989 5405 1114 5481 scripta
1131 5405 1325 5467 mandamus
1343 5408 1504 5484 quatenus
1522 5407 1702 5482 6116612166
1721 5408 1791 5470 116-

988 5502 1787 5579 bensconsiliumcumipsoregeetpatriarcbaet

988 5599 1076 5671 61116,
1091 5615 1173 5678 quos
1190 5598 1231 5660 ad
1247 5599 1310 5661 hoc
1324 5599 1447 5661 videris
1463 5601 1677 5677 opportunos,
1694 5604 1790 5680 quod.
