3916 6204
235 258 295 321 isi

233 419 434 481 Tolosanum
450 420 603 481 comitem
616 419 649 481 et
663 418 769 481 fllium
781 421 854 496 ejus
875 434 951 481 cnm
964 434 1025 480 eo-

232 531 307 578 rum
317 516 503 578 fautoribus
517 516 641 578 dudum
651 515 1024 588 excommunicavimus,

232 628 294 675 nec
307 613 348 674 ad
359 613 635 684 emendationem,
652 613 731 675 licet
749 612 893 689 benigne
907 613 1026 675 admo·

233 709 307 781 niti,
332 711 556 783 revertuntur,
584 711 641 771 sed
662 710 904 772 contumaciter
917 711 952 771 in
965 725 1026 770 sua

234 808 363 869 malitia
410 810 637 884 perseverant.
676 808 893 869 venerabiles
947 822 1027 868 vero

199 942 207 969 Ι
231 904 352 966 fratres
373 907 505 967 nostros
524 905 811 983 archiepiscopum
838 904 1028 966 Bituricen-

230 1017 300 1063 sem
317 1001 376 1081 (1),
393 1005 426 1064 et
451 1003 695 1078 lingonensem
722 1002 770 1082 (2)
797 1004 831 1064 et
852 1003 1027 1064 Silvanec-

232 1099 360 1161 tensem
386 1098 433 1178 (3)
457 1100 643 1177 episcopos,
670 1099 729 1176 qui
758 1099 799 1160 de
832 1100 889 1161 tuo
923 1114 1028 1175 regno

232 1197 383 1258 existunt
397 1198 429 1258 et
440 1195 500 1259 tibi
516 1196 718 1258 favorabiles
732 1196 898 1258 credimus
913 1199 946 1258 et
964 1196 1026 1256 de·

230 1295 337 1365 votos,
350 1294 383 1355 et
392 1294 441 1355 tui
453 1309 520 1355 non
531 1293 720 1355 dubitamus
731 1293 870 1355 honoris
882 1293 1027 1355 existere

230 1390 404 1461 zelatores,
421 1391 613 1468 specialiter
627 1392 762 1468 propter
786 1391 849 1452 boc
864 1390 906 1452 ad
933 1392 1026 1452 tuam

231 1488 388 1549 duximus
414 1489 626 1565 praesentiam
652 1487 889 1549 destinandos:
906 1488 1027 1565 quibus

231 1586 330 1648 solita
358 1585 563 1661 benignitate
592 1585 766 1662 susceptis,
794 1584 941 1647 oblatam
962 1586 1024 1647 tibi

229 1699 290 1762 per
300 1698 358 1744 eos
373 1682 491 1760 quibus
504 1683 539 1743 in
554 1683 677 1744 virtute
692 1682 891 1744 obedlentiae
906 1682 1028 1760 hujus-

230 1781 320 1842 modi
336 1792 419 1842 onus
431 1780 650 1856 injunximus,
664 1780 812 1841 noemam
822 1782 856 1841 et
868 1780 1027 1842 Ecclesia

230 1878 423 1955 petitionem
447 1878 515 1938 tam
540 1877 776 1948 necessariam,
797 1876 979 1939 affectuose
994 1878 1028 1939 et

231 1975 411 2038 efficaciter
432 1974 566 2037 studeas
588 1974 761 2035 exaudire.
787 1974 907 2036 Datum
927 1977 1028 2037 Late

230 2073 317 2144 rani,
329 2074 405 2133 XIX
420 2072 487 2132 kal.
501 2071 663 2149 januarii,
688 2070 902 2149 pontificatus
919 2073 1025 2134 nostri

230 2172 459 2232 annooctavo.

544 2498 711 2588 LXVIII

256 2654 309 2714 Ad
322 2653 510 2723 Simonem,
525 2653 782 2714 Bituricensem
795 2653 997 2726 archiepisc.

492 2791 526 2848 15
537 2788 667 2849 decemb.
685 2791 764 2849 im.

246 2923 381 2990 [bouquet
396 2923 454 2975 lieo.
469 2923 514 2974 des
524 2923 598 2981 illst,
608 2922 743 3052 1113117311.
758 2922 868 2986 Regest„
884 2921 930 2987 lib.
941 2921 1008 2982 vui,

570 3017 609 3068 ep.
623 3003 635 3052 1
653 3003 689 3068 2]

230 3120 348 3179 blandai
361 3126 392 3177 ut
407 3117 443 3177 ed
456 3134 529 3192 opus
543 3117 618 3188 iidei,
635 3119 802 3176 vicesimam
817 3117 903 3192 hvrjus
915 3118 983 3175 anni
993 3117 1024 3174 in

284 3209 431 3282 provincia
446 3206 615 3265 Bituricensi
629 3214 657 3264 et
671 3207 829 3264 'rotonensi
843 3207 969 3280 colligat.

270 3351 439 3414 Honorius
463 3351 689 3427 episcopus...,
712 3350 898 3412 venerabili
926 3350 1024 3412 fratri

223 3449 482 3531 ,archiepiscopo
496 3446 696 3509 Bituricensi
721 3445 863 3527 [Simoni
889 3446 930 3509 de
960 3448 1025 3508 Su-

231 3543 331 3626 liaco]
348 3545 501 3615 salutem,
513 3545 576 3605 etc.

270 3643 428 3705 volentes
444 3643 480 3703 ui
493 3641 661 3717 negotium
676 3642 768 3719 pacis
780 3642 814 3704 et
828 3641 916 3714 fidei,
936 3642 1023 3719 quod

229 3742 266 3803 in
278 3739 428 3818 partibus
439 3738 679 3814 albigensium,
689 3738 899 3814 engentibus
909 3739 1023 3817 populi

227 3839 404 3902 christiani
417 3836 575 3915 peccatis,
587 3835 824 3898 miserabiliter
839 3838 890 3900 est
902 3837 1024 3913 collap-

227 3952 312 4010 sum,
328 3936 362 3998 et
376 3934 417 3995 ad
444 3936 539 4012 capus
561 3933 801 3995 relevationem
825 3934 968 3997 sollicite
989 3937 1022 3997 et

227 4034 407 4109 diligenter
425 4030 641 4101 intendimus,
666 4030 801 4093 interim
815 4032 926 4094 valeat
940 4048 1019 4094 sus-

226 4128 623 4202 tineri,lraternitatitnae
634 4128 1021 4206 parapostoticascripta

227 4223 876 4306 praecipiendomandavaus,quatenus
887 4226 1021 4303 adopus

227 4323 379 4401 praedicti
391 4321 516 4397 negotii
531 4321 724 4383 vicesimam
735 4322 834 4399 hujus
850 4322 931 4383 anni
943 4327 976 4384 et
991 4323 1021 4385 si

227 4421 306 4499 quid
319 4421 423 4482 restat
436 4418 478 4480 de
492 4418 642 4496 proxime
658 4419 817 4495 praeteriti
834 4420 915 4480 anni
929 4420 1022 4482 vice-

229 4519 313 4582 sima
326 4516 548 4592 colligendum
558 4530 617 4591 per
629 4517 719 4576 tuam
730 4515 899 4577 dioecesim
910 4519 943 4579 et
954 4520 1022 4578 Tu·

228 4630 406 4679 renensem
419 4613 636 4688 provinciam,
651 4612 724 4674 sine
736 4628 838 4674 morae
849 4613 1020 4690 dispendIo

228 4712 362 4774 studeas
377 4709 535 4784 colligere
550 4708 738 4785 diligenter,
760 4708 1020 4772 contradictores

227 4825 289 4887 per
303 4821 480 4869 censuram
504 4804 776 4877 ecclesiasticam,
798 4805 1021 4883 appellatione

226 4904 421 4983 postposita,
435 4900 685 4979 compescendo.
706 4902 825 4963 Datum
850 4903 1018 4977 Laterani,

227 5004 334 5065 XVIII
362 5000 430 5062 kal.
460 4998 623 5078 januarii,
664 4998 878 5075 pontificatus
913 5003 1021 5063 nostri

227 5100 459 5162 annooctavo.
546 5180 550 5187 ἡ

266 5242 443 5314 Scripiiim
462 5238 513 5300 esi
539 5241 577 5299 in
605 5240 762 5298 eumdem
789 5241 929 5300 modum
955 5243 1022 5302 Re-

226 5338 335 5401 mensi
345 5335 596 5413 archiepIscopo
607 5333 648 5396 de
659 5335 730 5410 ejus
741 5337 775 5396 et
785 5337 1020 5412 Rotomagensi

228 5434 422 5512 provinciis,
439 5435 501 5495 eto.

776 296 789 311 ι
853 256 1030 318 110NOR11
1052 257 1097 319 111
1118 259 1266 321 OPERA.

1792 268 1839 327 ise

1121 422 1165 480 ln
1190 421 1348 481 comem
1368 419 1507 480 mum
1532 419 1708 481 senonensi
1727 421 1839 484 arebla·

1082 530 1230 594 precopo.

1417 738 1540 827 LXIX

1082 889 1267 951 Adsensit·
1287 891 1432 950 Victoris
1452 892 1667 951 Pariaiensir
1682 889 1714 950 ei
1729 892 1842 954 Scaeis

1220 988 1348 1046 Morioe
1360 988 1402 1047 de
1422 988 1565 1047 Vocibus
1585 988 1727 1048 abbates.

1340 1114 1374 1172 15
1385 1115 1517 1173 decemb.
1536 1117 1615 1174 1223.

1111 1236 1248 1303 [Bonquet
1260 1239 1320 1289 liec.
1331 1238 1376 1289 des
1388 1239 1451 1289 liist.
1459 1239 1527 1369 Χῐέ),
1542 1239 1597 1290 711.
1609 1240 1714 1304 negat,
1725 1240 1823 1301 libini,

1415 1333 1456 1383 ep.
1475 1320 1487 1368 1
1523 1319 1542 1383 .]

1084 1432 1209 1507 Negotia
1235 1433 1373 1495 adversus
1398 1434 1571 1508 Albigenses
1597 1435 1728 1509 collapso,
1749 1436 1843 1494 mandat

1118 1522 1261 1580 Honorius
1275 1530 1306 1579 ιιι
1329 1523 1365 1579 ad
1380 1522 1547 1580 solverdam
1561 1523 1728 1597 vigesimam
1745 1524 1841 1597 adigan·

1116 1618 1162 1668 tur
1175 1612 1303 1683 exempti
1326 1612 1357 1667 in
1372 1612 1528 1683 provinciis
1547 1612 1713 1680 senonensi,
1735 1613 1843 1670 ilemensi

1118 1713 1153 1756 ac
1168 1699 1373 1772 Rotomagensl
1387 1700 1543 1758 constituti.

1122 1835 1291 1897 Honorius
1302 1835 1843 1913 episcopus...,dilectisflliissaneii

1082 1930 1229 1994 Victoris
1239 1932 1453 2006 parisiensis,
1468 1935 1597 1996 Sanctae
1611 1934 1723 1996 Mariae
1735 1934 1771 1995 de
1782 1934 1844 1995 Val-

1080 2028 1185 2101 libns,
1220 2030 1449 2093 cisterciensis
1482 2031 1628 2104 ordinIs,
1662 2030 1844 2093 carnotensis

1081 2126 1245 2199 dioecesis,
1262 2128 1416 2200 salutem,
1431 2129 1494 2189 etc.

1121 2223 1270 2286 solllciie
1284 2224 1494 2287 intendentes
1506 2225 1547 2287 ad
1560 2224 1787 2288 relevatIonem
1796 2240 1844 2286 ne·

1079 2320 1161 2397 gotii
1189 2321 1275 2399 quod
1297 2323 1332 2383 in
1361 2321 1511 2397 partibus
1535 2322 1774 2400 albigensibus,
1787 2322 1845 2383 exi·

1079 2416 1236 2492 gentibus
1251 2419 1364 2495 populi
1387 2418 1562 2481 christiani
1588 2420 1741 2496 peccatis,
1765 2419 1845 2479 mise-

1079 2510 1231 2574 rabiliter
1251 2512 1302 2575 est
1320 2513 1515 2590 collapsum,
1543 2513 1732 2576 discreiioni
1749 2514 1844 2574 vestre

1079 2625 1140 2686 per
1152 2609 1343 2687 apostolica
1355 2610 1479 2686 scripta
1489 2609 1700 2683 mandamus
1709 2612 1844 2688 quamnus

1079 2705 1120 2765 ad
1137 2721 1219 2782 opus
1233 2706 1384 2784 praedicti
1397 2708 1522 2783 negotii
1537 2708 1733 2770 auctoritaie
1743 2706 1843 2775 nesta,

1079 2804 1230 2864 cessante
1251 2804 1483 2881 appellatione,
1504 2805 1633 2880 cogatis
1655 2801 1843 2880 exemptosin

1080 2900 1264 2961 senonensi
1277 2899 1450 2977 provincia
1464 2902 1665 2964 constitutos
1676 2901 1716 2963 ad
1730 2898 1845 2962 solutio-

1079 3011 1156 3057 nem
1184 2997 1352 3061 vicesimae
1380 2998 1461 3059 anni
1486 2998 1639 3075 proxime
1659 2997 1804 3076 praeteriti
1819 2995 1844 3055 ei

1079 3093 1263 3170 praesentis.
1289 3096 1407 3157 Datum
1421 3096 1588 3168 Laterani,
1606 3098 1713 3159 XVIII
1727 3095 1786 3156 lai.
1802 3095 1845 3171 ja-

1079 3191 1202 3264 nuarii,
1219 3192 1429 3268 pontificatus
1444 3193 1550 3255 nostri
1562 3209 1655 3255 anno
1669 3194 1788 3255 octavo.

1118 3318 1162 3376 Iu
1175 3319 1332 3378 eitnidem
1347 3320 1487 3379 modum
1506 3320 1680 3392 scriptum
1690 3318 1738 3380 esi
1755 3311 1845 3377 abbati

1078 3413 1111 3473 et
1135 3413 1240 3488 priori
1263 3414 1375 3475 Sancti
1391 3414 1490 3489 Eligii
1511 3411 1845 3484 NoviomensIs,eirca

1078 3509 1249 3587 exemptos
1262 3509 1296 3570 ln
1310 3510 1466 3572 Remensi
1478 3512 1511 3574 et
1521 3508 1775 3589 Roihomagensi
1785 3520 1847 3585 pro·

1077 3606 1199 3668 vinciis
1214 3607 1422 3681 constitutos,
1439 3608 1503 3670 etc.

1254 4070 1307 4131 Ad
1327 4072 1522 4146 episcopum
1542 4073 1691 4134 Melden.

1337 4209 1371 4266 iii
1382 4207 1511 4267 decemb.
1524 4210 1604 4269 itis.

1091 4331 1209 4397 [Regesi.,
1224 4332 1269 4385 lib.
1283 4333 1496 4397 ildepertus.
1510 4336 1567 4385 lfss.
1581 4335 1618 4385 Lu
1627 4335 1703 4385 Porto
1713 4334 1745 4384 do
1759 4326 1836 4391 mm]
1909 4350 1910 4357 ι

1075 4457 1108 4514 Εἰ
1129 4456 1259 4530 indulget
1274 4463 1315 4526 ut,
1331 4471 1395 4530 quae
1412 4457 1597 4515 correctionis
1610 4473 1646 4516 ac
1662 4450 1847 4514 reformationis
1908 4512 1909 4553 1

1110 4542 1205 4602 cilicio
1225 4545 1336 4601 noverit
1354 4543 1495 4618 indigere,
1512 4544 1601 4603 libere
1615 4545 1759 4619 corrigere
1770 4553 1844 4599 scre·

1110 4630 1234 4690 formare
1250 4632 1354 4690 valeat.

1115 4757 1295 4829 Honorius,
1316 4759 1391 4829 etc,
1415 4757 1599 4820 venerabili
1622 4757 1758 4820 fratri...
1773 4753 1846 4829 epis·
1906 4778 1907 4781 ¹

1075 4869 1157 4930 copo
1170 4854 1326 4924 Melden.‚
1339 4854 1480 4916 salutem
1491 4856 1524 4918 et
1532 4855 1758 4932 apostoliam
1766 4851 1846 4913 bene

1075 4950 1263 5012 dictionem.

1114 5048 1184 5110 Etsi
1203 5048 1244 5108 ad
1266 5048 1481 5124 corrigendos

263 5561 305 5637 (ll
321 5564 512 5625 Simonemde
527 5564 650 5623 soliaco.
688 5562 731 5637 (2)
747 5562 899 5636 lingonem
919 5563 956 5625 de
974 5567 1173 5640 Monteregali.
1213 5566 1254 5639 (3)
1270 5568 1417 5626 (larinum.

1504 5049 1638 5110 tuorum
1662 5045 1846 5109 subditorum
1903 4950 1906 5105 I

1075 5160 1234 5207 excessus
1249 5145 1330 5206 satis
1341 5145 1523 5207 auctoritas
1537 5145 1710 5206 ordinaria
1721 5142 1777 5205 tibi
1789 5134 1846 5199 suf-

1074 5241 1175 5314 ficiat,
1195 5243 1231 5303 ut
1254 5242 1366 5303 tamen
1386 5242 1524 5319 adjectae
1552 5241 1728 5318 potestatis
1750 5235 1845 5312 vigore

1074 5338 1229 5399 soiiultus
1241 5338 1460 5400 conlidentIus
1472 5339 1514 5399 ad
1530 5339 1765 5400 correctionem
1780 5344 1844 5409 pro·

1074 5434 1192 5497 cedere
1206 5436 1330 5507 valeas,
1348 5436 1380 5498 et
1394 5451 1570 5513 processus
1589 5437 1669 5497 tuus
1693 5435 1727 5495 in
1746 5430 1845 5507 binus-
