3916 6204
234 341 297 403 ten
851 339 1027 405 BONORII
1049 340 1095 401 111
1116 340 1264 402 OPERA·
1793 344 1839 406 lid

236 499 391 562 dicantur
410 497 546 560 dioecesi
568 496 722 571 detineri,
746 496 947 561 fraternitati
960 501 1027 561 tue
1078 498 1224 576 jusmodi
1234 497 1354 575 copula
1370 496 1522 573 tolerari3
1538 498 1582 570 et,
1596 496 1673 561 licet
1681 513 1735 576 pro
1747 502 1841 565 eaden

233 610 294 674 per
305 595 495 674 apostolica
509 595 633 673 scripte
650 594 791 657 tirmiter
804 595 1027 673 praecipiendo
1083 595 1203 672 copula
1228 594 1440 658 dissolvenda
1464 595 1595 656 nostras
1616 594 1755 657 dicamur
1772 602 1842 675 jan·

233 694 441 766 mandamus,
471 693 645 770 quatenus,
678 692 745 753 nisi
774 692 881 755 dictus
916 706 1027 755 comes
1082 690 1205 754 dudum
1233 691 1363 755 litteras
1387 692 1582 764 destinasse,
1606 692 1732 754 illarum
1752 696 1841 760 amen

232 790 320 851 inira
331 803 477 852 mensem
490 790 564 866 post
574 790 817 866 susceptionem
826 789 1025 863 litterarum,
1082 804 1148 851 non
1166 789 1217 851 est
1230 789 1429 852 auctoritate
1450 803 1651 865 processum,
1673 790 1739 853 sire
1756 794 1842 870 negi-

233 903 316 964 quas
326 902 425 963 super
434 886 498 948 hoc
512 885 577 947 sihi
591 884 778 961 dirigimus,
791 886 899 963 ipsum
914 901 1027 963 regem
1081 886 1195 962 gentia
1204 886 1338 947 illorum
1350 885 1470 963 quibus
1481 886 1653 963 superhoc
1666 888 1840 965 scripsimus,

232 999 272 1045 ac
287 984 391 1044 fllium
404 985 478 1061 ejus
492 982 675 1045 reddiderit
692 981 850 1054 libertati,
866 983 976 1060 ipsum
995 982 1029 1045 et
1081 983 1154 1044 sire
1168 983 1336 1045 calliditas
1350 984 1384 1044 id
1403 983 1521 1045 fecerit
1540 983 1691 1045 aliorum.
1712 986 1841 1049 Nutantes

232 1096 347 1143 omnes
355 1083 428 1157 ejus
439 1081 474 1141 in
485 1080 733 1157 haciniquitate
742 1079 889 1142 fautores
897 1096 1028 1142 excom-
1081 1079 1184 1156 igitur
1203 1081 1238 1142 id
1261 1081 1315 1142 rel
1339 1080 1563 1142 indiscussum
1586 1081 1775 1159 relinquere,
1791 1083 1842 1154 rel,

231 1178 418 1239 manicatos
437 1176 569 1254 publice
584 1177 743 1238 nuntians
765 1179 798 1239 et
821 1176 948 1239 faciens
960 1192 1025 1238 ex·
1082 1178 1111 1238 si
1132 1192 1249 1238 rerum
1268 1178 1329 1249 est,
1353 1177 1415 1238 sub
1433 1178 1695 1241 dissimulatione
1713 1180 1841 1252 haustra,

231 1260 563 1336 communicationem
577 1274 695 1351 ipsam,
706 1275 1026 1352 pulsatiscsmpauis
1081 1273 1275 1336 discretioni
1300 1276 1422 1337 vestrm
1448 1290 1507 1352 per
1533 1275 1719 1352 Apostolica
1744 1276 1843 1353 scripta

230 1373 265 1433 et
289 1371 436 1433 candelis
460 1372 621 1442 accensis,
642 1371 835 1434 solemniter
861 1370 1026 1449 publicari
1081 1372 1277 1432 mandamus
1297 1373 1474 1450 quatenus,
1494 1374 1622 1435 uocatis
1641 1387 1720 1449 quos
1737 1375 1845 1451 propter

231 1468 375 1543 singulis
390 1466 507 1528 diebus
521 1467 697 1528 dominicis
713 1468 745 1529 et
756 1468 885 1529 festivis
902 1468 937 1529 in
953 1468 1026 1545 ipsa
1080 1467 1143 1530 hoc
1161 1468 1314 1530 videritis
1328 1469 1525 1543 evocandos,
1545 1471 1580 1532 et
1594 1470 1749 1548 inquisita
1767 1486 1845 1547 super

231 1563 378 1637 dioecesi,
395 1564 551 1641 quamdiu
563 1580 625 1626 rex
639 1565 711 1641 ipse
725 1579 765 1626 ac
782 1564 870 1625 tilius
884 1565 1027 1642 ejusde-
1079 1566 1143 1627 hoc
1171 1566 1428 1641 diligentissime
1449 1567 1602 1636 veritate,
1628 1568 1658 1629 si
1676 1568 1844 1629 inueneritis

229 1662 313 1724 tenti
328 1659 453 1723 fuerint
465 1661 501 1722 in
515 1661 643 1733 eadem,
656 1660 1025 1724 interdicasetomnino
1080 1678 1150 1724 rem
1175 1663 1290 1725 taliter
1311 1680 1350 1725 so
1372 1663 1507 1732 habere,
1533 1665 1716 1741 injungatis
1737 1666 1844 1741 utrique

230 1774 363 1820 cessare
388 1757 494 1820 facias
518 1759 630 1820 omnia
651 1757 881 1820 ecclesiastica
910 1774 1027 1821 sacra-
1080 1760 1126 1832 ut,
1152 1776 1189 1821 se
1214 1762 1256 1822 ad
1282 1760 1426 1823 invicem
1450 1759 1654 1837 abjurantes,
1682 1762 1844 1823 nullatenus

229 1857 341 1916 menta
351 1855 384 1917 et
398 1855 588 1931 sepulturas
601 1855 792 1931 specialiter
806 1858 1023 1929 mortuorum,
1079 1856 1273 1920 cohabitare
1289 1860 1516 1935 praesumant:
1539 1860 1597 1936 qui
1616 1859 1683 1919 nisi
1697 1858 1782 1920 noble
1798 1873 1844 1935 pa·

229 1965 269 2011 eo
282 1949 444 2012 duntaxat
469 1951 619 2026 excepto,
643 1950 729 2026 quod
753 1949 918 2027 baptisma
943 1966 1025 2027 par·
1079 1955 1219 2027 ruerint,
1233 1955 1269 2016 in
1282 1971 1351 2028 eos,
1367 1954 1592 2032 appellatione
1604 1957 1729 2018 remota
1740 1971 1845 2017 excon-

228 2046 317 2107 vulis
325 2048 358 2107 et
367 2046 584 2107 morientibus
595 2047 789 2122 poenitentia
797 2062 865 2108 non
872 2048 1022 2123 negetur,
1079 2052 1315 2115 manicationis
1334 2053 1533 2114 sententiam
1548 2052 1735 2130 proferatis,
1755 2054 1792 2124 ct,
1806 2052 1845 2113 ia·

230 2143 294 2203 hoc
306 2143 395 2204 idem
413 2141 539 2204 faciens
555 2142 595 2203 de
610 2141 758 2220 quolibet
771 2143 856 2216 loco,
873 2143 1023 2222 adquam
1079 2150 1204 2211 cientes
1218 2163 1276 2211 eos
1291 2165 1396 2227 usqne
1416 2149 1458 2211 ad
1480 2149 1741 2212 satisfactionem
1753 2148 1846 2211 condi·

229 2239 383 2302 comitem
395 2238 504 2315 ipsum
519 2239 677 2301 devenire
694 2241 882 2316 contigerit,
907 2256 1026 2317 quam·
1078 2261 1178 2322 gnam
1200 2246 1324 2308 arctius
1343 2247 1476 2318 evitari,
1499 2247 1638 2324 prolem,
1663 2248 1692 2308 si
1709 2262 1796 2325 quam
1813 2260 1846 2306 ex

229 2335 287 2396 diu
308 2335 410 2398 fuerit
429 2336 466 2396 in
490 2335 616 2408 eodem,
645 2338 846 2413 praeceptum
872 2340 1024 2400 nostrum
1079 2342 1268 2421 hujusmodi
1292 2342 1410 2420 copula
1433 2344 1624 2407 incestuosa
1648 2344 1731 2407 forte
1749 2359 1844 2404 susce·

229 2433 276 2495 ita
290 2431 433 2494 sollicite
447 2432 656 2509 impleturus,
669 2433 756 2510 quod
768 2433 810 2495 de
819 2434 1025 2510 negligentia
1078 2440 1199 2517 perint,
1221 2441 1429 2517 illegitimam
1444 2440 1576 2517 publice
1590 2442 1762 2513 nuncietis,
1776 2443 1804 2502 et
1818 2440 1844 2499 in

227 2529 427 2606 reprehendi
452 2543 520 2590 non
548 2528 670 2591 debeas
697 2531 730 2591 et
754 2531 878 2606 puniri.
904 2533 1023 2593 Datum
1079 2537 1274 2599 haereditate
1292 2542 1432 2615 paterna
1452 2538 1546 2601 nullo
1563 2540 1845 2618 unquamtempore

229 2627 396 2699 Laterani,
414 2628 444 2688 ll
460 2641 538 2689 non.
559 2626 761 2700 novembris,
777 2642 866 2689 anno
892 2628 1020 2690 octavo.
1078 2650 1308 2697 successuram
1328 2633 1388 2714 (2).
1413 2635 1506 2707 Quod
1527 2636 1557 2696 si
1576 2652 1646 2698 non
1663 2651 1780 2703 omnes,
1796 2634 1845 2694 etc.

1078 2733 1197 2794 Datum
1212 2732 1380 2805 Laterani,
1393 2734 1484 2795 XVII
1499 2732 1566 2794 hal.
1583 2722 1774 2804 decembris,
1785 2744 1847 2811 pon·

1078 2830 1224 2892 tldcatus
1238 2829 1345 2893 nostri
1359 2844 1449 2892 anno
1463 2831 1593 2893 octauo.

526 2939 730 3027 XXXVIII

227 3091 280 3151 Ad
293 3089 430 3152 odones
443 3091 484 3151 do
496 3090 677 3165 atpatorto
691 3090 726 3153 et
739 3093 1022 3164 Areacareascm,

264 3199 268 3207 ·
374 3187 410 3249 ct
423 3187 602 3250 cauctorem
620 3190 883 3263 hispanensem.
1392 3180 1555 3267 XXXIX

485 3315 763 3375 resonantiae.
1197 3331 1249 3389 Act
1265 3331 1402 3391 emnem
1417 3331 1588 3406 meantes
1601 3333 1749 3393 abbates.

228 3439 366 3504 [bouquet
386 3437 445 3489 lieo.
463 3437 507 3489 des
520 3437 594 3496 illst,
612 3438 680 3496 XIX,
697 3438 758 3499 7³&
774 3439 883 3505 negem,
897 3437 944 3491 tit.
955 3440 1022 3500 vni,
1335 3460 1369 3518 15
1384 3459 1516 3519 novemb,
1533 3461 1614 3519 ¹223,

556 3516 632 3581 epist.
645 3517 697 3583 dd]

227 3626 319 3696 Super
344 3620 482 3681 datdonis
510 3622 546 3679 dc
576 3623 757 3693 castellone,
785 3624 899 3683 comitis
925 3625 1022 3685 Sancti
1201 3582 1461 3648 ffl⁰⁰q⁰⁰‘’¹¹⁰⁰·⁶“
1470 3583 1546 3642 Μ’
1560 3583 1630 3644 m·
1644 3582 1750 3649 Idm-I

261 3712 352 3781 Pauli,
366 3711 550 3769 matrimonio
562 3726 628 3768 curn
642 3712 766 3785 ignote,
781 3711 838 3770 fllia
854 3714 958 3770 [lervel
972 3728 1021 3771 co·
1078 3708 1111 3765 lu
1125 3704 1259 3765 eumdem
1277 3705 1336 3765 fere
1353 3706 1470 3764 modurn
1484 3706 1583 3765 scribit
1601 3707 1711 3766 eisdem
1729 3703 1850 3765 Honeste

262 3801 340 3859 mitis
355 3801 553 3868 Niverneusls,
574 3799 727 3873 diligenter
745 3802 849 3874 inquiri
867 3801 949 3875 iubet
963 3804 1020 3861 llo·
1112 3793 1149 3853 de
1163 3795 1271 3853 incerto
1287 3796 1466 3868 Htfssdffltae,
1485 3796 1593 3853 sororis
1613 3797 1765 3854 comidssa
1779 3793 1849 3851 Ilti-

260 3889 370 3959 nortus,
387 3896 417 3947 et
430 3887 552 3947 inhiberi
566 3888 719 3961 quominus
733 3888 898 3949 cohabitare
913 3906 1021 3963 presu-
1112 3883 1233 3953 drcnsls,
1255 3883 1438 3942 matrimonio
1455 3897 1522 3941 cuni
1540 3884 1687 3943 Willelmo
1702 3884 1737 3942 de
1751 3885 1849 3942 boum·

263 3984 353 4035 mant.
1112 3979 1203 4044 petra.

266 4103 434 4164 Honorius
465 4103 691 4179 episcopus...,
726 4102 855 4166 dilectIs
879 4105 958 4166 filiis
982 4104 1023 4166 de
1115 4097 1282 4158 Honorius
1298 4096 1512 4174 opiscopus...
1529 4096 1669 4159 eisdem.

227 4199 399 4276 Ripatorio
423 4199 655 4261 CistercIensis
678 4199 807 4261 ordinis
830 4204 864 4263 et
883 4204 1025 4262 arema—
1116 4193 1166 4255 Ad
1176 4208 1275 4255 aures
1287 4194 1419 4256 nostras
1429 4194 1608 4256 multorum
1622 4195 1784 4257 relatione
1791 4205 1850 4269 por·

227 4297 320 4358 rensi
335 4294 521 4364 abbatibus,
534 4296 708 4357 Trecensis
721 4296 886 4371 dioecesis,
900 4298 934 4360 et
948 4313 1024 4360 can·
1076 4291 1178 4364 veuit,
1195 4291 1281 4368 quod
1298 4290 1420 4353 nobilis
1434 4291 1556 4353 mulier
1568 4293 1758 4370 Margareta
1772 4301 1852 4351 soror

227 4393 293 4455 tori
308 4392 522 4469 lingonensi,
537 4391 689 4464 salutem,
706 4392 769 4454 etc.
1077 4388 1206 4450 dilectae
1231 4389 1267 4449 in
1296 4388 1426 4450 Christo
1454 4387 1544 4461 tiliae,
1569 4388 1693 4451 nobilis
1717 4383 1850 4449 mulieris

267 4490 317 4552 Ad
330 4505 429 4552 aures
439 4492 572 4551 nostras
582 4489 761 4551 multorum
773 4489 937 4553 relatione
949 4507 1022 4568 per·
1076 4488 1215 4548 Joannae
1238 4485 1417 4548 comitissae
1441 4484 1668 4559 Flandrensis,
1694 4500 1764 4564 quae
1785 4480 1850 4544 olim

228 4587 330 4660 venit,
347 4585 435 4665 qnod
447 4585 568 4647 nobilis
582 4587 635 4647 vir
649 4586 755 4647 (tuido
768 4587 809 4647 de
823 4588 1023 4649 castellione
1078 4599 1153 4644 cum
1178 4581 1371 4645 Burohardo
1394 4581 1435 4642 de
1457 4581 1598 4644 Avesnis
1621 4578 1850 4645 matrimonium

228 4699 304 4746 cum
327 4682 431 4744 nobili
453 4682 594 4743 muliere
613 4682 683 4743 filia
706 4684 872 4760 quondam
893 4684 1023 4746 comitis
1078 4679 1118 4740 de
1133 4678 1219 4741 facto
1234 4678 1411 4750 contraxit,
1427 4694 1502 4740 cum
1517 4677 1558 4739 de
1569 4680 1647 4757 jure
1662 4695 1729 4741 non
1743 4672 1850 4755 posset,

228 4779 446 4843 NivernensIs
460 4777 506 4860 (1)
523 4778 771 4841 matrimonium
785 4780 826 4842 de
840 4779 928 4842 facto
941 4796 1024 4842 con·
1078 4792 1168 4873 nuno
1182 4776 1285 4837 simili
1303 4774 1401 4836 modo
1416 4775 1585 4837 contraxit
1603 4791 1679 4836 cum
1698 4774 1764 4836 alio
1774 4769 1850 4831 Wil-

228 4877 343 4950 tranit,
360 4892 558 4954 quamquam
578 4876 622 4938 sit
640 4876 687 4938 ita
709 4876 861 4952 proxima
881 4892 1025 4939 consan—
1077 4873 1176 4935 lelmo
1191 4873 1232 4935 de
1246 4872 1467 4948 Donnapetra,
1483 4871 1640 4935 ndehcet
1654 4873 1701 4935 ita
1717 4869 1851 4949 proxima

229 4973 402 5052 guinitatis
421 4972 512 5032 linea
531 4970 594 5032 sibi
610 4970 758 5048 junctus,
775 4974 822 5044 ut,
843 4971 1023 5033 secundum
1078 4970 1380 5046 consanguinitatis
1399 4969 1490 5031 linea
1509 4969 1573 5030 sibi
1590 4971 1719 5047 juncto,
1744 4968 1787 5039 ut,
1807 4977 1852 5026 se·

230 5072 388 5135 statutum
400 5067 567 5146 generalis
582 5067 734 5137 Consilii,
746 5084 813 5129 non
828 5066 946 5131 debeat
959 5068 1025 5130 hu·
1078 5067 1222 5129 cundum
1250 5066 1410 5129 statutum
1434 5066 1602 5142 generalis
1628 5065 1778 5137 concilii,
1796 5072 1851 5123 non

265 5226 307 5311 (l)
320 5227 390 5289 Cum
405 5227 513 5299 Agnes,
528 5224 584 5282 lilia
600 5225 704 5282 Harrei
715 5224 829 5281 comitis
838 5225 1024 5283 Niveruensis
1074 5222 1198 5296 inamodi
1212 5222 1322 5296 copuloe
1336 5221 1517 5281 adversatum
1529 5220 1619 5281 fuime
1637 5223 1790 5280 honorium
1802 5216 1850 5275 dit·

229 5308 258 5360 et
276 5314 339 5373 epus
360 5299 453 5355 hoeres
471 5297 567 5365 unica,
582 5296 611 5351 iu
632 5296 734 5351 minori
752 5302 837 5352 aetate
851 5294 1023 5368 desponsata
1076 5296 1168 5351 cimus
1179 5308 1214 5350 ex
1229 5294 1348 5365 epistole
1363 5293 1417 5351 ista
1431 5294 1476 5351 86.
1491 5292 1655 5366 (Bouquet.)

228 5371 338 5439 fuisset,
351 5382 427 5427 anuo
444 5365 522 5435 itte,
539 5365 633 5437 Philip
685 5365 782 5437 nepoti
798 5365 921 5438 Philippi
933 5368 1020 5438 regis,
1113 5363 1155 5437 (2)
1170 5365 1240 5423 Cum
1259 5364 1442 5436 inquisitione
1456 5379 1492 5421 es
1506 5364 1624 5421 Houoril
1642 5362 1775 5420 mandato
1790 5358 1850 5415 lacta

228 5448 259 5500 ut
272 5439 369 5497 videre
378 5444 423 5495 est
436 5443 514 5493 tomo
525 5444 622 5492 nostro
656 5436 734 5505 Vlll,
743 5450 772 5508 p.
784 5435 836 5493 783
843 5435 1023 5509 ;eodemque
1076 5435 1335 5507 consanguinitatis
1354 5435 1499 5491 vinculum
1522 5447 1580 5490 non
1603 5438 1851 5514 compareretpro

229 5510 360 5581 Philippo
379 5506 487 5564 infante
505 5504 583 5563 haud
604 5505 693 5562 multo
714 5513 778 5578 post
799 5513 921 5576 monuo,
946 5520 1022 5564 anuo
1076 5518 1140 5562 corn
1161 5512 1222 5562 erto
1241 5502 1404 5562 habendum
1418 5512 1463 5563 est
1475 5505 1588 5562 stetisse
1603 5503 1850 5580 idmatumoutunn

228 5579 348 5643 incerto,
374 5577 517 5648 nupsisset
543 5575 665 5634 Gnidoni
691 5574 728 5632 de
750 5575 931 5657 castellione,
957 5576 1023 5634 licet
1076 5583 1104 5632 et
1141 5520 1222 5657 Istros
1236 5589 1272 5631 er
1290 5588 1326 5630 eo
1346 5573 1451 5632 liberos
1471 5580 1650 5655 procreatos,
1664 5586 1722 5628 uon
1741 5580 1849 5643 spurios,

231 5646 359 5717 proximo
369 5644 627 5717 consanguinitatis
635 5645 727 5719 gradu
738 5646 779 5703 illi
790 5653 952 5717 contemta,
967 5644 1019 5704 hu·
1076 5590 1297 5717 secflegiumos,
1313 5659 1386 5717 quos
1398 5650 1538 5702 memorat
1552 5641 1679 5701 historia.
1701 5635 1850 5713 (Boanum)
