3972 6204
783 379 1011 440 EPISTOLAE.
1035 379 1113 439 Llss,
1135 378 1175 437 X.

489 548 618 634 xxm
673 504 676 513 '

181 712 235 771 Ad
251 711 555 785 archiepiscopum,
571 710 737 768 decanum
752 707 786 769 et
799 709 917 769 orobi-

333 808 515 867 dinconum
529 796 766 866 bitaricensem.

437 936 454 992 l
475 934 568 991 octob.
586 934 665 991 laia.

193 1061 315 1125 [Regast.,
325 1058 370 1109 lib.
383 1059 415 1116 X,
427 1058 501 1121 epist.
513 1057 551 1107 75.
564 1058 619 1106 liss.
632 1059 667 1107 La
677 1057 753 1107 Porto
765 1056 799 1107 du
812 1055 905 1120 lircil]

153 1183 273 1243 Mandat
294 1185 337 1240 eis
365 1189 396 1240 ut
419 1182 576 1239 sententias
595 1180 898 1238 excommunicationis
920 1181 948 1235 in

190 1274 357 1345 prepositos
370 1270 507 1328 scabinos
526 1270 654 1341 aliosque
668 1270 890 1327 cameracenses
905 1268 946 1324 ci·

187 1374 241 1417 ves
252 1360 311 1433 jam
327 1360 399 1416 latas
413 1358 577 1416 solemniter
590 1356 695 1414 faciant
710 1357 852 1413 renovari.

192 1493 372 1565 Honorius,
389 1496 466 1564 etc,
478 1490 662 1554 venerabili
677 1490 810 1552 fratri...
821 1490 949 1551 archie-

152 1593 290 1669 piscopo
312 1591 345 1650 et
366 1590 495 1650 dilectis
511 1588 639 1648 filiis...
666 1587 802 1660 decano,
829 1588 862 1648 et
887 1602 947 1647 ar-

148 1689 349 1751 chidiacono
369 1686 536 1759 Remensi,
564 1686 705 1747 salutem
732 1688 764 1748 et
781 1684 948 1762 Apostoli-

149 1802 225 1848 cam
249 1785 524 1847 benedictionem.

192 1883 408 1961 Speravimns
434 1882 606 1952 hactenus,
622 1884 659 1943 ut
673 1881 843 1958 praepositi
867 1882 949 1940 Sca·

150 1982 236 2052 bini,
253 1981 286 2041 et
298 1979 356 2040 alii
372 1980 461 2040 cives
475 1981 730 2039 cameracenses
746 1995 765 2039 a
781 1994 841 2038 sua
853 1977 948 2037 duri-

150 2080 199 2142 tia
226 2077 354 2148 moniti,
377 2076 595 2147 molliremus,
613 2075 670 2136 sed
686 2076 873 2136 mollientes
888 2089 949 2150 po-

149 2178 219 2240 tius
234 2177 268 2235 in
282 2174 496 2245 contrarium,
521 2175 670 2250 percussi
691 2190 757 2234 non
777 2174 901 2241 dolent,
916 2176 948 2236 ot

150 2273 290 2336 contriti
300 2273 445 2332 renuunt
454 2271 605 2348 recipere
616 2271 947 2349 disciplinam,quare

149 2372 306 2433 timemus
320 2384 361 2430 ne
373 2370 520 2445 ipsorum
544 2370 641 2445 plaga
667 2369 704 2430 fit
717 2369 945 2445 desperabilis,

149 2485 254 2546 quum
282 2483 322 2529 eo
348 2466 546 2528 insanabilis
578 2484 642 2544 quo
667 2467 872 2528 insensibilis
904 2467 948 2529 sit

150 2565 283 2627 effecta.
302 2564 363 2625 Sed
388 2580 430 2625 ne
454 2563 538 2626 forte
564 2565 650 2626 alios
676 2566 832 2641 exempli,
861 2564 966 2641 quod*

148 2662 249 2733 absit,
264 2661 415 2723 inliciant
427 2661 626 2738 corruptela,
642 2662 688 2722 uti
705 2663 854 2737 cogimur
868 2676 944 2722 con·

149 2760 203 2820 tra
228 2773 285 2819 eos
300 2757 412 2832 gladio
434 2757 550 2833 rigidae
574 2757 722 2819 ultionis.
751 2760 831 2818 Cum
857 2759 945 2818 enim

149 2854 353 2918 venerabilis
371 2854 475 2915 frater
494 2857 606 2915 noster
627 2857 678 2923 G„
698 2855 946 2916 Cameracensis

147 2953 339 3028 episcopm,
364 2952 442 3012 olim
466 2952 501 3011 in
525 2952 720 3028 praepositos
746 2955 886 3028 juratos,
915 2953 947 3012 ei

149 3049 313 3133 scabinos
333 3050 587 3110 cameracenses
602 3064 662 3125 pro
675 3062 714 3110 eo
729 3050 815 3125 quod
829 3065 946 3126 qnem-

148 3147 227 3208 dam
236 3145 393 3207 clericum
403 3145 548 3206 indebite
559 3146 690 3221 pulsata
699 3162 859 3222 campana
870 3147 948 3207 ban·

148 3244 316 3315 niverant,
349 3244 384 3304 et
410 3242 542 3303 domum
578 3242 750 3320 cujusdam
793 3244 945 3304 canonici

149 3340 267 3403 Sancti
305 3339 482 3415 Gangerici
516 3339 680 3401 violenter
708 3341 885 3413 intrarant,
914 3343 947 3403 et

147 3436 311 3500 canonice
331 3435 448 3497 moniti
470 3434 590 3497 exinde
612 3436 805 3498 satisfacere
840 3438 945 3499 dene-

146 3533 284 3611 gabant,
308 3534 426 3611 primo,
452 3535 485 3594 et
507 3532 714 3610 postmodum
745 3535 780 3593 in
814 3537 945 3596 centum

146 3628 372 3706 quadraginta
420 3629 510 3690 cives
558 3630 814 3690 cameracenses
858 3645 945 3706 quo-

147 3742 224 3788 rum
261 3725 412 3796 consilio,
449 3727 482 3786 et
515 3726 712 3787 auctoritate
749 3726 780 3785 id
822 3726 944 3787 factum

147 3822 259 3885 fuerat
275 3823 627 3884 excommunicationis
648 3822 849 3884 sententiam
864 3840 944 3900 pro-

145 3921 292 3991 tulisset,
317 3935 457 3996 quarum
490 3935 590 3981 unam
620 3935 679 3996 per
706 3922 745 3982 R.
779 3920 941 3981 decanum

147 4018 265 4081 Sancti
276 4017 383 4088 Pauli,
401 4017 434 4078 et
448 4033 525 4078 suos
537 4018 738 4094 conjudices,
750 4017 850 4077 aliam
862 4033 944 4079 vero

146 4129 210 4193 per
223 4117 252 4176 l.
271 4113 484 4191 praepositum
501 4115 613 4175 Sancti
633 4112 811 4186 Lamberti,
826 4115 859 4175 et
873 4117 944 4191 eJus

146 4210 296 4287 collegas
318 4210 486 4287 delegatos
500 4226 522 4271 a
546 4210 642 4271 nobis
657 4209 801 4272 obtinuit
821 4212 945 4272 confir-

146 4308 254 4382 mari;
269 4308 403 4370 tandem
425 4308 502 4383 quia
519 4306 670 4384 populus,
687 4311 782 4385 cujus
797 4308 943 4385 potentia

145 4406 183 4466 et
194 4403 309 4467 farore
323 4405 373 4465 illi
383 4406 597 4466 excesserant
609 4405 802 4466 satisfacere
814 4404 940 4477 moniti,

144 4504 183 4564 et
198 4501 348 4579 requisiti
367 4504 573 4577 spreverunt,
589 4517 657 4574 eos,
675 4503 830 4578 exigente
841 4502 944 4579 justi-

143 4601 207 4671 tia,
221 4599 322 4658 simili
344 4600 508 4660 sententia
529 4599 712 4670 innodarit,
736 4614 809 4675 quaa
829 4615 889 4675 per
911 4601 940 4661 J.

143 4698 310 4759 decanum
321 4695 577 4757 ambianensem
587 4698 620 4756 et
630 4711 707 4756 suos
720 4695 911 4774 conjudices
922 4712 942 4757 a

145 4793 234 4856 Sede
248 4794 437 4870 apostolica
452 4793 621 4867 delegatos
636 4793 746 4854 extit't
764 4792 943 4854 conflrma-

142 4894 226 4955 tam.
249 4893 372 4952 Verum
396 4906 471 4951 cum
491 4889 631 4965 populus
660 4890 732 4966 ipse
745 4905 811 4950 non
832 4890 941 4950 solum

142 5006 165 5051 a
182 5003 244 5049 sua
258 4987 464 5049 contumacia
486 4985 623 5046 minime
646 4987 860 5063 resipiscens,
877 5004 940 5048 ve-

142 5102 220 5150 rum
236 5086 335 5147 etiam
358 5084 565 5160 iniquitatem
586 5083 754 5160 iniquitati
767 5084 939 5161 adjiciens,

142 5182 942 5260 dictumepiscopumcontraprivilegiorumsuo·

143 5298 221 5344 rum
235 5283 385 5342 tenorem
407 5278 636 5353 multipliciter
651 5278 853 5350 molestaret,
871 5280 942 5355 ipse

142 5379 225 5442 ad...
242 5379 434 5454 episcopum
450 5376 707 5436 Noviomensem
734 5377 855 5453 atejus
871 5377 942 5437 col-

142 5478 237 5552 legas
253 5488 354 5549 super
372 5473 436 5533 boc
459 5472 588 5532 litteras
609 5473 817 5547 apostolicas
836 5472 942 5549 impe-

143 5573 258 5643 travit,
270 5571 327 5648 qui
343 5570 489 5645 legitime
498 5569 712 5644 procedentes
728 5570 887 5640 incensa,
905 5571 940 5630 in

143 5665 941 5747 eosipsorumcontumaciaexigente,excommu-

1734 370 1795 432 9³8

1004 536 1181 599 nicationis
1211 534 1409 596 sententiam
1443 532 1662 609 protulerunt,
1695 544 1794 607 quarn

1003 628 1797 705 crescentecontumaciaeorumdemperRemen·

1003 746 1072 790 sem
1091 729 1294 806 prouinciam
1310 730 1343 789 et
1361 727 1527 787 nundinas
1542 727 1577 786 in
1596 725 1751 786 Remensi
1764 726 1797 786 et

1004 825 1188 886 senonensi
1210 825 1390 901 provinciis
1416 823 1622 894 constitutas,
1648 821 1797 883 fecerunt

1003 923 1196 1009 solemniter
1217 922 1390 998 publicari.
1416 920 1542 989 Atilii,
1573 919 1629 997 qui
1651 919 1690 979 ad
1720 934 1798 995 per·

1003 1021 1182 1081 cutientem
1206 1035 1242 1078 se
1265 1019 1406 1079 rediisse
1428 1017 1611 1078 debuerant
1641 1016 1797 1076 malleum

1004 1118 1095 1177 velut
1108 1116 1262 1192 stipulam
1278 1116 1481 1190 reputantes
1504 1129 1565 1174 nec
1591 1113 1639 1173 sic
1664 1112 1799 1174 satisfa-

1004 1229 1079 1275 cere
1108 1212 1268 1273 hactenus
1298 1214 1509 1280 curaverunt,
1539 1211 1669 1287 quando
1696 1211 1796 1271 etiam

1003 1310 1136 1387 quidam
1158 1311 1306 1385 ipsorum
1325 1308 1431 1368 nuntii
1447 1308 1487 1367 ad
1505 1308 1621 1368 Sedern
1635 1306 1798 1382 Apostoli·

1003 1422 1076 1467 cam
1089 1406 1294 1476 aecedentes,
1312 1405 1390 1464 licet
1414 1404 1563 1479 exparte
1584 1404 1798 1464 communita·

1002 1504 1046 1564 tis
1075 1502 1295 1565 absolutionis
1320 1502 1561 1579 postulaverint
1587 1500 1796 1573 beneficium,

1003 1600 1204 1677 qniatamen
1225 1600 1501 1669 satisfactionem,
1528 1598 1580 1659 uel
1608 1597 1800 1659 satisdatio-

1003 1713 1078 1757 nem
1091 1700 1250 1773 praestare
1273 1695 1441 1765 nolebant,
1458 1710 1478 1755 a
1502 1695 1597 1756 nobis
1613 1695 1685 1755 sine
1700 1694 1799 1755 abso-

1004 1795 1130 1856 lutione
1153 1798 1186 1856 et
1211 1793 1344 1855 licentia
1373 1794 1594 1853 recesserunt.
1623 1793 1664 1853 Ut
1695 1792 1799 1867 igitur

1003 1891 1115 1951 acrior
1129 1907 1226 1966 poena
1250 1891 1374 1966 pungat
1390 1905 1471 1966 quos
1491 1889 1660 1965 poenitudo
1682 1889 1799 1949 hacte-

1003 2003 1067 2048 nus
1081 1999 1148 2048 non
1162 1986 1364 2064 compunxit,
1381 1985 1575 2047 discretioni
1597 1986 1716 2047 vestrae
1739 2001 1798 2062 per

1004 2082 1799 2161 apostolicascriptamandemusquatenusdic-

1001 2182 1053 2242 tas
1080 2181 1262 2242 sententias
1278 2196 1338 2256 per
1356 2182 1553 2240 Remensem
1579 2183 1612 2240 et
1632 2182 1798 2240 Senonen·

1002 2294 1071 2339 sem
1085 2279 1286 2355 prouincias,
1298 2280 1330 2340 et
1343 2276 1511 2337 nundinas
1533 2277 1568 2336 in
1581 2275 1704 2337 eisdem
1720 2288 1800 2353 pro·

1001 2375 1122 2436 vinciis
1138 2376 1334 2436 constitutas
1344 2374 1485 2449 singulis
1496 2373 1612 2433 diebus
1623 2374 1798 2434 dominicis

1003 2474 1036 2534 et
1063 2470 1190 2534 festivis
1211 2472 1403 2533 solemniter
1422 2471 1637 2542 ‚innovantes
1665 2470 1798 2531 eosdem

1001 2573 1160 2646 tanquam
1186 2567 1489 2630 excommunicatos
1517 2566 1648 2627 faciatis
1676 2583 1696 2627 a
1722 2558 1799 2644 qui-

1001 2666 1143 2729 buslibet
1169 2667 1292 2728 arctius
1321 2666 1452 2726 evitari.
1492 2665 1637 2725 Clericus
1668 2680 1798 2742 quoque

1001 2765 1058 2841 qui
1075 2765 1123 2824 eis
1137 2763 1393 2834 communicare,
1411 2778 1450 2823 ac
1470 2758 1583 2823 divina
1598 2764 1720 2823 temere
1741 2777 1798 2822 ce-

1001 2861 1132 2922 lebrare
1147 2860 1420 2937 praesumpsarint
1433 2875 1529 2935 poena
1552 2858 1725 2930 canonica,
1744 2874 1799 2918 su·

1001 2959 1090 3020 blato
1117 2957 1349 3035 appellationis
1381 2956 1563 3026 obstacula
1594 2955 1794 3032 percellatis.

1002 3054 1093 3128 Quod
1122 3055 1150 3115 si
1183 3071 1249 3115 nou
1278 3068 1409 3125 omnes,
1437 3054 1498 3113 etc.
1529 3053 1647 3112 Datum
1675 3054 1792 3124 Reate,

1002 3156 1162 3214 ivnonas
1177 3151 1331 3217 octobris.
1348 3166 1436 3212 anno
1452 3150 1591 3211 decimo.

1336 3383 1460 3469 XLIV

1027 3538 1080 3597 Ad
1099 3536 1241 3597 l'itolem
1258 3536 1553 3609 arehiepiscopum
1568 3533 1601 3594 et
1616 3533 1770 3594 abbatem

1228 3634 1263 3693 S.
1284 3634 1387 3693 Pauli
1406 3634 1568 3692 Pisonos.

1172 3832 1177 3839 ,
1284 3759 1409 3818 lootob.
1432 3761 1511 3818 1225.

1102 3884 1242 3948 [Sbaralaa
1252 3882 1347 3932 Bullar.
1364 3882 1500 3941 francisc,
1512 3883 1530 3941 l,
1545 3882 1586 3942 id,
1596 3897 1624 3933 n.
1636 3882 1689 3947 tn]

999 4010 1033 4067 Ni
1058 4008 1155 4066 Pisani
1187 4006 1339 4080 quemdam
1369 4006 1483 4063 fratrem
1512 4007 1657 4063 Lucanum
1687 4006 1795 4066 ordinis

1034 4098 1175 4155 llinorum
1200 4111 1217 4152 e
1244 4110 1359 4152 carcere
1383 4095 1514 4163 liberent,
1538 4094 1665 4164 mandat,
1686 4103 1717 4153 ut
1743 4112 1793 4154 eos

1034 4184 1164 4243 censuris
1180 4183 1382 4241 ecclesiasticis
1396 4190 1557 4240 coerceant.

1038 4309 1221 4381 Honorius,
1242 4310 1317 4379 etc,
1331 4308 1515 4370 venerabili
1529 4308 1625 4371 fratri
1638 4311 1789 4371 nostro...

998 4408 1261 4484 archiepiscopo,
1274 4408 1307 4467 et
1316 4406 1435 4468 dilecto
1446 4405 1516 4467 filio
1527 4406 1638 4469 abbati
1651 4410 1683 4468 S.
1697 4408 1791 4469 Pauli

1000 4506 1144 4565 Pisanis.

1038 4605 1074 4662 In
1088 4616 1138 4673 eo,
1156 4601 1241 4677 quod
1257 4601 1455 4672 audivimus,
1466 4601 1651 4678 quemdam,
1663 4600 1791 4663 ordinis

997 4699 1163 4759 Minorum
1174 4697 1333 4759 inhabita
1346 4713 1406 4758 suo
1417 4714 1491 4759 cum
1503 4698 1701 4774 quibusdam
1713 4699 1790 4761 aliis

997 4796 1145 4872 ejusdem
1170 4795 1297 4856 ordinis
1322 4795 1409 4855 Pisis
1433 4795 1606 4855 inventum
1631 4810 1692 4872 pro
1717 4797 1790 4858 cire

997 4896 1130 4955 Lucano
1140 4908 1197 4952 a...
1214 4892 1387 4968 potestate,
1400 4894 1433 4952 et
1445 4891 1646 4952 consiliariis
1658 4892 1790 4954 Pisanis

997 4990 1139 5066 captum,
1157 4990 1189 5050 et
1203 4988 1346 5049 vinculis
1358 4987 1592 5063 mancipatum,
1609 4986 1708 5049 iidem
1725 5005 1789 5065 po-

995 5088 1098 5148 testas
1122 5087 1155 5146 et
1173 5085 1358 5146 consiliarii
1373 5100 1440 5146 non
1459 5083 1623 5145 immerito
1638 5087 1787 5160 possunt,

997 5185 1094 5245 sires
1110 5184 1155 5243 ita
1171 5197 1207 5243 se
1224 5181 1334 5253 habet,
1351 5180 1437 5257 quod
1455 5180 1593 5241 multum
1608 5180 1791 5245 defecerint

996 5281 1037 5342 ab
1062 5296 1176 5341 eorum
1203 5295 1303 5340 sensu
1332 5280 1366 5340 et
1392 5278 1524 5349 virtute,
1553 5277 1673 5338 notari.
1697 5279 1789 5342 Licet

996 5378 1085 5438 onim
1108 5376 1285 5454 praedictus
1311 5374 1414 5435 frater
1432 5373 1473 5434 de
1499 5375 1633 5436 civitate
1652 5376 1787 5439 Lucana

995 5474 1095 5534 ducat
1120 5471 1294 5546 originem,
1321 5486 1395 5530 cum
1428 5470 1538 5529 tamen
1577 5484 1636 5545 pro
1674 5486 1787 5534 amore

995 5569 1118 5630 Christi
1133 5583 1286 5643 egressus
1297 5567 1338 5626 de
1352 5568 1441 5627 terra
1453 5567 1486 5625 et
1500 5566 1696 5640 cognatione
1711 5584 1784 5641 sua,

995 5668 1028 5729 et
1042 5665 1232 5728 eorumdem
1248 5663 1385 5726 fratrum
1402 5661 1595 5741 religionem
1611 5663 1784 5741 ingressus
