3972 6204
255 334 315 397 8¹11
864 330 1041 393 nonnuli
1062 332 1109 395 111
1129 333 1278 397 OPERA·
1826 338 1879 399 stt

254 492 289 559 et
308 493 491 557 conventus
513 491 681 569 praedictae
702 488 744 552 ad
766 502 826 553 vos
846 488 1049 568 quasdame
1102 489 1202 554 nibus
1230 492 1331 571 aque
1358 492 1461 556 minis
1486 492 1582 557 vobis
1610 508 1633 556 s
1661 494 1835 559 mrissimo
1852 497 1884 561 in

255 589 351 651 nobis
383 588 645 666 impetraverunt
675 587 805 649 litteras
833 588 950 649 contra
977 600 1046 659 eos,
1103 589 1451 659 christodlionosuo,
1464 590 1589 653 illustri
1602 607 1682 668 rego
1697 594 1883 669 Hnngaris,

255 703 329 764 ques
354 686 479 749 nullam
498 685 665 746 faciebant
685 685 886 747 mentionem
906 684 946 745 de
967 699 1049 745 con-
1103 686 1218 758 illatis,
1247 689 1359 748 vestra
1386 687 1482 749 nobis
1509 689 1666 750 discretio
1699 689 1885 764 cesanam

255 784 419 855 cessione,
450 783 613 858 pactione,
646 798 706 843 seu
733 781 934 843 inhibitione
956 796 1048 858 prae·
1103 784 1236 845 virtutis
1248 786 1367 845 vestrae
1378 785 1598 846 constantiam
1607 785 1643 845 in
1651 787 1798 848 Domino
1807 802 1890 848 com·

255 881 366 952 dictis,
402 880 460 941 sed
487 879 683 955 simpliciter
708 878 932 948 continebant
963 877 1048 955 quod
1104 879 1308 952 mencientes,
1325 880 1411 957 quod
1431 881 1517 943 sicut
1537 882 1661 942 oaedem
1675 882 1797 944 litterae
1812 898 1888 944 con-

255 978 358 1039 abbas
377 980 410 1038 et
424 978 608 1037 conventus
624 975 774 1052 praedicti
789 991 890 1052 super
903 975 1003 1037 terris
1017 977 1050 1037 et
1103 976 1262 1046 tinebant,
1280 984 1380 1054 qu'um
1403 994 1465 1039 nec
1484 979 1604 1040 litteris
1618 978 1680 1039 sub
1696 979 1887 1043 obedientie

254 1075 354 1137 rebus
370 1074 446 1135 aliis
461 1073 664 1150 injuriantur
679 1073 815 1134 eisdem.
837 1073 877 1133 nt
891 1088 965 1134 cum
984 1072 1048 1132 ab·
1100 1076 1181 1150 jugo
1192 1074 1364 1149 pronullis
1374 1076 1474 1136 minis
1488 1077 1561 1136 sive
1570 1076 1759 1138 terroribus
1770 1078 1887 1139 terrem
1972 1106 1973 1135 l

254 1173 380 1234 batissa
396 1172 429 1233 et
447 1174 629 1233 conventus
647 1170 813 1246 praedictae
829 1169 978 1246 peterent
992 1184 1051 1230 oc·
1104 1169 1316 1233 dimitteretis
1329 1172 1478 1234 eamdem
1485 1173 1557 1234 sine
1564 1174 1738 1235 nostravel
1746 1175 1891 1250 magistri
1972 1146 1973 1205 Ψ

257 1270 391 1331 cesione
428 1268 619 1346 hujusmodi
655 1267 841 1328 litterarum
875 1269 910 1328 ut
942 1266 1050 1327 dictus
1103 1268 1206 1329 vestri
1220 1269 1354 1332 licentia
1365 1269 1513 1347 speciali.
1527 1271 1697 1332 Noveritis
1709 1272 1891 1333 antemnas
1972 1240 1973 1313 l

256 1367 359 1429 abbas
386 1366 630 1443 inhibitionem,
663 1380 761 1442 quam
790 1364 925 1436 iecerat,
951 1378 1050 1425 revo-
1104 1365 1169 1442 ipsi
1179 1366 1298 1442 reptet
1314 1368 1392 1427 aliis
1410 1369 1541 1428 nostras
1562 1383 1665 1444 super
1683 1368 1750 1429 hoe
1770 1369 1890 1430 litteras
1972 1370 1973 1375 ’

256 1465 358 1537 caret,
375 1465 408 1525 et
420 1464 491 1524 dies
506 1462 548 1523 ad
563 1461 795 1540 proponendas
807 1477 921 1522 omnes
933 1476 1050 1538 excep
1104 1462 1289 1524 destinasse
1303 1464 1419 1541 quales
1430 1464 1767 1541 vidimus.expedire;
1780 1481 1820 1526 ae
1833 1468 1892 1527 beo
1972 1476 1973 1525 ι

256 1563 365 1624 tiones
391 1560 564 1622 dilatorias
587 1561 677 1621 esset
694 1557 842 1636 partibus
866 1558 1048 1635 assignata,
1105 1561 1241 1621 auctore
1254 1560 1301 1621 ita
1320 1561 1495 1635 providere
1513 1560 1706 1622 curabimus
1722 1561 1812 1639 quod
1832 1578 1892 1622 non
1972 1550 1973 1603 l

257 1659 424 1722 abbatissa
441 1659 473 1719 et
487 1658 669 1718 conventus
682 1659 753 1733 jam
773 1656 869 1717 dictae
883 1657 953 1716 sive
965 1654 1050 1717 forte
1105 1657 1268 1734 oportebit
1286 1673 1346 1718 vos
1374 1657 1541 1719 dimittere
1559 1659 1684 1719 terram
1705 1659 1828 1734 ipsam,
1841 1659 1892 1720 sed
1972 1674 1973 1707 ι

256 1755 466 1816 advertentes
489 1752 679 1829 hujusmodi
702 1752 831 1813 litteras
848 1766 932 1824 esse,
948 1752 1051 1813 tacita
1106 1771 1178 1815 eam
1200 1754 1354 1816 tenebitis
1378 1770 1453 1815 cum
1476 1754 1589 1817 lavore
1612 1756 1645 1816 et
1664 1755 1894 1817 benevolentia
1972 1734 1973 1785 l

255 1854 408 1924 veritate,
425 1851 610 1927 subreptas,
625 1850 696 1911 sive
709 1849 794 1910 torte
809 1849 849 1910 de
867 1852 944 1926 jure
965 1848 1052 1910 sicut
1105 1852 1184 1913 dicti
1203 1851 1385 1927 segisvos
1400 1867 1491 1927 ergo,
1510 1853 1596 1912 sicut
1615 1853 1682 1913 viri
1705 1853 1892 1928 prudentes,
1972 1872 1973 1897 ι

256 1951 375 2012 merito
401 1949 554 2026 poterant
577 1948 762 2008 diffidentes
783 1946 931 2008 eamdem
955 1948 1050 2023 post·
1104 1951 1228 2010 terram
1242 1949 1349 2025 ipsam
1368 1948 1480 2010 domui
1496 1951 1616 2011 vestrae
1630 1948 1727 2024 regia
1746 1948 1894 2009 liberali·
1972 1958 1973 1997 l

257 2048 389 2109 modurn
403 2046 558 2124 prosequi
574 2060 640 2105 non
656 2046 828 2106 curarunt.
842 2043 936 2105 Unde
948 2043 1051 2105 abbas
1104 2047 1172 2108 tate
1186 2036 1352 2116 donatam,
1369 2046 1402 2106 et
1421 2061 1442 2106 a
1463 2045 1547 2107 Sede
1560 2046 1756 2123 apostoliea
1780 2046 1895 2107 confir-
1972 2070 1973 2127 q

257 2148 291 2209 et
318 2146 503 2207 conventus
526 2145 596 2218 jam
624 2141 703 2229 dicti
734 2140 941 2203 attendentes
965 2140 1051 2218 quod
1106 2144 1240 2214 matam,
1255 2143 1351 2204 solita
1367 2142 1539 2217 diligentia
1555 2144 1776 2214 conservetis
1792 2143 1893 2203 securi
1972 2148 1973 2159 ¹

258 2245 331 2309 sine
354 2242 449 2319 gravi
474 2240 671 2302 detrimento
695 2240 889 2301 monasterii
912 2239 965 2300 sui
985 2254 1051 2300 non
1106 2239 1146 2301 de
1167 2243 1280 2301 nostra
1296 2243 1330 2300 et
1346 2240 1544 2316 Apostolicae
1560 2239 1657 2301 Sedis
1677 2240 1792 2315 gratia
1806 2242 1837 2301 et
1853 2239 1894 2300 ta
1972 2262 1973 2291 ι

257 2341 363 2420 possit
377 2339 515 2414 infringi
530 2338 639 2414 pactio
652 2337 855 2414 supradicta,
874 2337 969 2399 nobis
987 2337 1052 2397 bu·
1105 2353 1196 2399 vore.
1220 2338 1338 2399 Datum
1365 2336 1498 2408 Tibure,
1522 2338 1566 2397 IV
1585 2336 1660 2398 idus
1680 2336 1787 2413 junii,
1813 2350 1895 2397 anno

256 2439 381 2501 militer
396 2436 636 2514 supplicarunt,
650 2436 687 2496 ut
702 2436 886 2511 pactionem
902 2434 1051 2497 eamdem
1106 2451 1204 2497 nono.

255 2538 414 2613 tanquam
432 2532 571 2611 proinde
593 2532 725 2604 iactam,
748 2534 781 2594 et
800 2536 838 2595 ut
857 2532 1051 2610 praedictum

258 2634 319 2705 est,
344 2647 404 2710 per
425 2630 649 2691 dioecesanum
674 2629 865 2706 episcopum
886 2628 1053 2706 approba-

255 2732 336 2803 tam,
372 2728 558 2791 taceremus
592 2725 833 2788 inviolabiliter
867 2725 1049 2788 observari.
1410 2675 1597 2763 CLXXVI

258 2829 342 2901 Quia
354 2843 434 2889 vero
447 2825 543 2888 nobis
555 2840 622 2887 non
637 2824 785 2886 constitit
799 2824 840 2885 de
854 2823 1049 2900 praemissis,
1106 2829 1157 2888 Aa
1172 2826 1310 2888 abbates
1332 2828 1374 2887 de
1401 2824 1897 2894 timendorumque
1972 2864 1973 2887 ι

258 2925 452 2988 discretioni
478 2924 598 2986 vestrae
626 2938 687 2998 per
712 2921 903 2999 Apostolica
928 2921 1051 2996 scripta
1146 2925 1505 3000 Eprtsfflataoieusts,
1521 2921 1820 2995 Ultrasvlaanaeet
1833 2922 1894 2982 Ce—

256 3025 464 3093 mandamns,
495 3022 659 3099 quatenus
686 3019 836 3096 partibus
862 3017 1051 3080 convocatis
1145 3023 1322 3082 nadtevests
1335 3023 1530 3081 dtoeeesum.
1972 3004 1973 3035 ³

258 3122 440 3192 clauditis,
455 3118 623 3181 hincinde
637 3117 826 3195 propositis,
843 3116 929 3193 qnod
944 3130 1048 3177 cano·
1400 3150 1435 3207 10
1441 3147 1515 3222 Junii
1530 3148 1600 3206 liti

257 3220 370 3281 nisum
385 3218 497 3289 tuerit,
522 3216 745 3293 appellatione
764 3214 957 3291 postposita,
982 3213 1053 3274 sta·
1602 3191 1609 3205 '

257 3317 372 3389 tuatiS,
392 3314 551 3377 iacientes
573 3312 659 3390 quod
684 3311 868 3374 statueritis
892 3325 952 3388 per
973 3325 1052 3371 cen-

260 3429 373 3475 suram
407 3409 668 3473 ecclesiasticam
701 3408 842 3470 tirmiter
868 3405 1049 3468 observari.
1107 3401 1231 3461 abbates
1240 3400 1276 3458 de
1285 3398 1443 3467 Linevvold,
1456 3400 1545 3455 Kercz
1558 3404 1588 3454 et
1599 3397 1696 3470 tigris,
1709 3411 1780 3453 num
1792 3395 1896 3467 equites

258 3512 373 3572 Testes
398 3510 519 3579 autem,
547 3508 603 3584 qui
626 3505 750 3568 luerint
773 3505 946 3577 nominati,
970 3505 1001 3565 si
1017 3518 1053 3564 se
1141 3489 1308 3549 Th0¹¹⁸0ssissi
1322 3488 1428 3545 limitas
1450 3486 1486 3545 ab
1513 3485 1627 3543 annea
1651 3498 1724 3558 ¹⁸80
1749 3484 1896 3557 {longerie
1972 3506 1973 3559 l

258 3609 378 3686 gratia,
387 3607 462 3668 odio
471 3606 523 3666 vol
536 3605 654 3666 timore
668 3602 896 3664 subtraxerint
908 3616 968 3678 per
980 3617 1054 3662 cen·
1141 3579 1195 3637 sibi
1209 3592 1364 3636 0⁰⁰0⁰⁸⁸0⁸
1381 3576 1567 3644 0¹0⁰⁸³0f5¹¹b
1580 3574 1760 3646 inmutare
1774 3573 1862 3647 jubet
1972 3574 1973 3661 l

259 3722 371 3769 suram
390 3703 552 3774 eamdem,
570 3700 792 3778 appellfliifflffl
816 3700 979 3767 cessante,
996 3714 1054 3760 0⁰·
1147 3714 1351 3776 Honorius...
1366 3706 1897 3780 deLineweld,...deKerczetde

258 3806 345 3882 gaiis
358 3802 494 3866 Vidistin
513 3800 740 3862 tfflfimssillffl
756 3797 942 3875 Pelhlbssfe·
961 3796 1053 3870 QUOd
1108 3813 1216 3889 Egris,
1228 3809 1401 3872 abbatibus
1420 3806 1641 3877 pataviensis,
1656 3805 1896 3883 Ultrasylvanae
1972 3818 1973 3881 ξ

259 3904 368 3964 sinon
384 3915 500 3962 omnes
513 3898 566 3958 his
578 3896 800 3972 exsequendis
812 3894 987 3973 potueritis
1000 3894 1055 3954 in·
1108 3913 1140 3972 eq
1155 3907 1370 3970 cenadiensis
1386 3905 1576 3966 dioecesnm.
1972 3884 1973 3909 ³

1276 3274 1368 3340 [bojon
1380 3272 1442 3324 cod.
1457 3272 1574 3337 diplom,
1585 3272 1628 3330 111,
1642 3285 1670 3330 n,
1678 3271 1732 3336 tu]

259 4004 395 4070 teresse,
413 3999 477 4058 dno
493 3996 641 4057 vestrum
658 4009 700 4055 ea
719 3992 936 4054 nibilominus
951 4007 1052 4052 exse·
1147 4005 1312 4075 polemus,
1323 4004 1454 4080 quoties
1464 4001 1630 4071 audimus,
1643 4000 1720 4071 ete„
1733 3997 1899 4074 usqum.
1972 3988 1973 4021 t

260 4098 414 4175 quasstUl'·
433 4092 695 4163 DatumTibUPO,
710 4090 841 4152 Nidus
856 4089 1055 4167 junii,p011-
1107 4105 1236 4166 rantur·
1262 4101 1356 4163 Unde
1382 4098 1658 4176 praenomjnatum
1693 4112 1809 4172 regom
1841 4110 1897 4156 m.

261 4194 403 4258 ‘meatus
420 4190 740 4254 Πθθῖΐῑᾶὓῦθῦθῦθ·
1108 4200 1253 4278 gendum
1279 4198 1448 4269 duximus,
1475 4211 1647 4256 monemus
1677 4210 1717 4255 ac
1748 4194 1899 4256 obsecra·
1972 4190 1973 4237 i

1109 4314 1182 4360 mus
1198 4297 1234 4358 in
1249 4294 1387 4357 Domino
1411 4295 1491 4355 Jesu
1505 4291 1650 4357 cbristo,
1676 4293 1714 4352 ut
1738 4290 1803 4352 boe
1825 4304 1899 4367 pru·
1972 4314 1973 4349 ι

576 4420 743 4510 CLXXV
1109 4396 1226 4457 denter
1244 4391 1428 4462 attendens,
1450 4390 1525 4461 etc,
1547 4403 1656 4463 usque
1675 4404 1739 4465 per
1760 4386 1897 4449 eosdem.
1972 4390 1973 4395 ’

1110 4493 1252 4570 Ideoque
1266 4485 1522 4550 discretionibus
1537 4484 1659 4546 vestris
1684 4500 1747 4561 per
1761 4483 1899 4561 Aposto-
1972 4516 1973 4529 ι

261 4580 314 4640 Ad
329 4574 578 4652 mmmm
592 4572 626 4635 et
641 4571 772 4645 fratres
791 4567 1057 4631 mamam
1110 4592 1176 4652 lica
1197 4588 1319 4663 scripta
1347 4584 1553 4654 mandamus,
1582 4582 1751 4659 quatenus
1773 4581 1814 4643 ad
1832 4580 1901 4639 locu
1972 4598 1973 4603 ¹

437 4673 563 4733 Marioe
578 4671 874 4732 mmmmm·
1110 4689 1183 4765 ipsa
1217 4682 1440 4762 personaliter
1475 4679 1685 4748 accedentes,
1720 4679 1843 4739 limites
1868 4675 1901 4734 in
1972 4680 1973 4707 l

552 4810 586 4867 ιο
602 4808 674 4882 jumi
694 4806 774 4864 itit.
1111 4783 1248 4863 praelato
1258 4779 1433 4858 privilegio
1448 4777 1528 4837 dicti
1540 4775 1631 4851 regis
1646 4790 1836 4851 expressos,
1853 4786 1904 4833 cu·
1972 4752 1973 4839 ζ

1111 4882 1192 4944 retis
1208 4878 1372 4956 inspicere
1385 4874 1573 4950 diligenter,
1589 4874 1623 4932 et
1640 4872 1669 4930 si
1685 4871 1838 4933 videritis
1850 4869 1902 4945 ip-
1972 4858 1973 4943 f

1112 4994 1166 5039 sos
1181 4976 1301 5037 iratres
1327 4971 1453 5050 aliquid
1476 4970 1571 5031 extra
1587 4968 1724 5029 eosdem
1750 4966 1905 5029 terminos

265 5072 391 5132 tundata
404 5068 521 5127 fratrum
532 5065 771 5124 theutonicorum
784 5063 814 5119 in
826 5059 973 5118 retinenda
984 5066 1057 5116 terra
1111 5076 1235 5137 temere
1251 5085 1440 5147 occupasse,
1452 5067 1565 5128 nostra
1576 5066 1624 5127 eis
1638 5065 1841 5126 auctoritato
1851 5064 1904 5123 jn.
1972 5078 1973 5121 ι

301 5164 389 5262 borea
411 5156 581 5259 constantia,
605 5154 684 5225 ipsos
704 5150 740 5208 de
759 5164 810 5250 sua
835 5148 1007 5222 provisione,
1028 5153 1059 5205 ut
1108 5166 1446 5251 jungerepmcuretis
1461 5166 1545 5226 utet
1564 5177 1603 5223 ea
1618 5161 1764 5240 praefato
1779 5161 1848 5236 regi
1862 5159 1906 5219 ii·
1972 5136 1973 5165 ¹

302 5251 380 5307 ¹¹¹³¹¹¹
395 5252 547 5312 'enum’
560 5256 678 5299 ⁸e⁰ur⁰⁸
689 5238 790 5297 ‘eddn'
1112 5270 1190 5331 here
1205 5264 1391 5337 restituant,
1408 5263 1480 5323 sine
1494 5275 1608 5335 mora3
1630 5261 1664 5321 et
1677 5257 1837 5337 quidquid
1852 5258 1906 5317 in·

306 5382 484 5453 Honorius,
514 5380 589 5450 eto,
619 5373 816 5453 praeceptori
839 5375 872 5434 et
902 5370 1058 5432 tratribus
1112 5365 1272 5429 veneritis
1287 5378 1387 5440 super
1398 5358 1624 5437 praemissiset
1638 5355 1799 5425 feceritis,
1815 5353 1908 5415 nobis

268 5482 385 5543 domus
414 5478 544 5541 Sanctae
572 5475 688 5536 Mariae
721 5470 999 5533 'theutonicorum
1023 5468 1059 5527 in
1113 5462 1256 5524 fideliter
1283 5458 1433 5528 relaturi,
1477 5457 1514 5517 ut
1541 5453 1571 5515 si
1599 5453 1680 5531 quid
1710 5449 1909 5514 remanserit

268 5581 372 5639 Borza
385 5571 608 5638 consistentis·
1114 5556 1318 5638 quaestionis,
1330 5556 1452 5616 nostrae
1465 5551 1668 5629 provisionis
1679 5550 1791 5611 studio
1803 5547 1909 5625 sopia-

312 5670 655 5748 Recepimuslitteras
670 5682 752 5745 quas
773 5679 873 5741 super
886 5664 1059 5739 gravami-
1114 5660 1178 5720 tur.
1195 5656 1241 5718 Ad
1258 5656 1320 5716 hoc
1346 5650 1577 5713 mandavimus
1601 5648 1692 5712 dicto
1714 5647 1798 5722 regi,
1817 5648 1854 5707 ut
1880 5647 1909 5704 st

430 4945 523 5010 [rejes
534 4943 596 4993 Cod.
609 4940 726 5005 diplom,
741 4939 785 4989 111.
799 4951 827 4995 ιι,
838 4936 890 5002 il]
