3886 6214
223 237 285 300 ale
839 227 1016 292 HONORII
1036 228 1082 290 111
1104 228 1252 292 OPERA.

222 394 407 475 recepistis,
429 406 504 458 cum
515 389 687 455 Benedicti
705 389 833 466 regula,
847 389 1018 467 perpetuis
1448 400 1490 489 Π

222 492 429 573 temporibus
451 504 589 555 manere
607 488 819 550 decernimus
840 484 1013 560 illibatam,

224 593 334 656 locum
359 589 506 651 vestrum
531 602 606 649 cum
630 584 782 648 omnibus
804 584 1015 662 pertinentiis
1070 577 1120 636 Ab
1139 576 1347 636 abbatissam
1365 576 1399 637 et
1412 579 1578 639 moniales
1590 579 1731 640 Sanctcc
1745 581 1864 642 Marte
1919 662 1920 665 Ἴ

224 690 305 759 suis,
317 691 350 751 et
364 688 487 758 omnia,
502 701 576 763 quae
584 684 675 763 juste
687 684 720 746 et
734 681 896 745 canonice
909 683 1017 759 possi·
1215 674 1321 733 &cetra
1334 673 1475 747 portam
1489 677 1531 735 dc
1545 677 1724 737 Comoedia.

224 788 320 859 detis,
337 783 431 847 vobis
449 785 555 861 siper
568 798 627 843 ros
643 781 703 849 eis,
720 796 793 858 quae
807 778 901 842 robis
914 795 1017 841 cano-
1325 803 1358 861 pp
1376 803 1517 877 septemb.
1538 805 1618 864 pm,

223 882 298 947 nice
313 881 545 952 successerint,
561 878 805 941 confirmantes.
828 880 857 939 A
876 877 1017 955 praeste-
1170 922 1416 989 [mmmm
1428 928 1563 987 mm„
1579 929 1599 987 1,
1616 930 1657 987 u,
1674 944 1701 980 n.
1718 930 1771 996 η]

223 982 316 1043 tione
331 995 410 1042 vero
430 979 634 1040 decimarum
651 977 816 1039 clausurae
836 977 968 1047 vestrae,
983 980 1017 1036 et
1096 1047 1104 1061 ,

223 1077 264 1140 de
292 1078 465 1140 hortorum
491 1073 662 1145 fructibus,
695 1073 729 1134 οἳ
758 1088 929 1149 pomorum
955 1087 1015 1133 ωδ
1070 1048 1199 1122 Drpionra
1215 1063 1250 1106 ec
1271 1051 1451 1125 privilegium
1473 1054 1600 1126 episcopi
1615 1055 1769 1125 Ostiensis,
1784 1057 1817 1114 A.
1837 1059 1861 1117 s.

222 1190 297 1237 esso
320 1174 530 1236 decemimus
550 1170 748 1233 auctorum
774 1169 904 1245 pagina,
927 1184 1018 1246 pm,
1104 1137 1620 1243 iegati,monesterlodemtebartae
1637 1144 1861 1216 Sanctaquei’e

223 1273 327 1336 sends
342 1272 516 1332 immunes.
537 1272 602 1330 Pro
623 1267 676 1329 bis
695 1268 851 1329 autemst
870 1265 958 1339 aliis,
979 1266 1014 1327 in
1104 1227 1515 1288 mmmmm
1523 1231 1673 1303 ‘numum’
1685 1233 1841 1291 mmmm·

222 1370 342 1450 quibus
357 1367 498 1430 ecclesia
514 1367 625 1429 restra
648 1365 721 1440 lege
741 1365 928 1426 dioecesana
945 1362 1015 1425 ior-
1108 1362 1276 1424 Honorius
1306 1363 1500 1441 episcopus,
1539 1381 1661 1428 servus
1697 1383 1861 1431 serrorum

222 1485 283 1530 san
292 1469 434 1528 Lucanae
443 1464 593 1526 ecclesiae
600 1462 779 1534 teneretur,
787 1460 1015 1523 unamlibram
1067 1458 1140 1531 Ilei,
1153 1457 1284 1521 dilectis
1299 1460 1335 1521 in
1351 1460 1482 1523 Christo
1498 1461 1674 1524 tiliabus...
1692 1464 1862 1530 abbatisse

222 1580 308 1627 ceree
322 1565 462 1634 tantum,
475 1562 508 1624 et
530 1576 597 1622 non
618 1559 768 1631 aliud,in
792 1558 877 1621 iesto
901 1557 1014 1620 Sancti
1069 1567 1109 1614 ac
1123 1554 1323 1615 monialibus
1338 1558 1532 1620 monasterii
1543 1561 1677 1621 Sanctae
1688 1561 1859 1623 Marlaeex·

222 1660 360 1724 Martini
391 1664 526 1722 Lucano
561 1658 716 1734 episcopo
744 1656 842 1717 annis
872 1654 1014 1732 singuiis
1067 1650 1120 1711 tra
1140 1652 1268 1726 portam
1290 1653 1331 1715 de
1352 1654 1514 1715 Camullia
1524 1657 1625 1732 juxta
1638 1657 1778 1719 stratam
1793 1661 1856 1721 Ro-

223 1758 438 1837 persolvetis;
463 1771 526 1817 nec
551 1754 651 1816 liceat
681 1753 758 1815 aliis
785 1753 937 1830 personis
960 1752 1015 1813 in·
1068 1763 1212 1822 manem,
1237 1749 1434 1814 salutemet
1457 1753 1684 1829 apostolicam
1709 1754 1858 1817 benedie-

222 1856 315 1933 gredi
342 1853 524 1916 claustrum
547 1853 693 1913 restrum
715 1850 837 1927 preter
859 1849 949 1921 ilias,
973 1849 1013 1910 de
1068 1844 1203 1907 tionem.

222 1954 342 2031 qulbus
351 1950 522 2013 licentiam
530 1947 715 2010 habueritis
724 1947 915 2024 specialem,
925 1947 1014 2007 Elec
1109 1944 1330 2006 sacrosancta
1345 1947 1495 2007 Romana
1514 1948 1668 2010 Ecclesia
1683 1948 1815 2011 devotos
1828 1952 1856 2012 et

220 2051 268 2114 tio
283 2064 413 2129 qnoque
433 2046 609 2109 abbatissae
620 2047 740 2107 vestrae
763 2047 913 2106 Romano
927 2058 1013 2121 pon-
1068 2038 1211 2101 humiles
1227 2057 1270 2102 ex
1289 2044 1423 2104 assueto
1438 2044 1572 2120 pietatis
1587 2046 1702 2108 cilicio
1717 2063 1854 2125 propen-

220 2148 315 2220 tiiici,
338 2146 392 2208 vei
418 2144 528 2221 legato
549 2143 591 2204 ab
614 2145 686 2220 ejus
709 2141 814 2203 latere
835 2140 1011 2212 destinato,
1068 2137 1138 2197 sius
1151 2137 1290 2214 diligere
1306 2142 1488 2213 consuevit,
1501 2143 1543 2214 et,
1559 2159 1599 2204 ne
1614 2145 1856 2221 pravorumbo-

222 2250 281 2307 aut
306 2245 349 2316 ei,
373 2243 427 2303 cui
452 2240 606 2302 Pontifex
629 2243 797 2301 Romanus
816 2238 1010 2318 injunxerit
1068 2235 1193 2295 minum
1221 2237 1383 2299 molestiis
1406 2239 1584 2315 agitentur,
1616 2257 1676 2302 eos
1697 2245 1853 2320 tamquam

223 2341 484 2420 praesentetur-‚a
499 2352 564 2416 quo
578 2337 692 2400 electae
706 2336 968 2399 confirmationis
981 2336 1014 2399 et
1067 2332 1124 2408 pia
1142 2334 1248 2397 mater
1262 2351 1332 2396 suae
1352 2336 1567 2412 protectionis
1581 2339 1769 2401 munimine
1782 2355 1853 2400 con·

220 2436 461 2500 benedictionis
489 2434 598 2511 gratia
630 2433 849 2511 impendatur.
875 2435 1014 2495 correc-
1067 2428 1190 2492 lovere.
1214 2434 1301 2492 Sane
1316 2449 1416 2510 quum
1435 2435 1644 2497 venerabilis
1658 2437 1760 2499 irater
1783 2451 1853 2497 nos-

220 2535 330 2597 tiones
344 2536 483 2611 brsuper
500 2533 568 2593 tam
590 2532 720 2610 capitis,
734 2545 833 2609 quam
847 2528 1014 2592 membro-
1066 2526 1154 2588 ter...
1171 2528 1346 2606 episcopus
1364 2531 1535 2603 Ostiensis,
1557 2531 1639 2593 dum
1659 2533 1695 2594 in
1714 2534 1851 2611 partibus

221 2647 296 2694 rum
312 2644 412 2708 super
425 2629 590 2702 omnibus,
607 2643 682 2705 ques
694 2629 730 2688 in
745 2629 855 2690 vestra
869 2626 1012 2689 ecclesia
1066 2625 1187 2686 vestris
1202 2625 1378 2701 legationis
1393 2626 1504 2690 cilicio
1517 2627 1728 2706 iungeretur,
1744 2629 1851 2707 acepi-

221 2728 347 2791 inerint
360 2726 569 2802 corrigenda,
593 2725 656 2788 soli
677 2728 826 2787 Romano
846 2723 1010 2797 Pontifici,
1067 2721 1135 2783 tulo
1161 2724 1300 2784 Senemi
1319 2724 1481 2801 capellam
1506 2728 1642 2788 Sanctae
1673 2727 1849 2791 Petronlllae

220 2827 274 2889 vel
298 2826 341 2895 ei,
365 2841 463 2903 quern
484 2823 526 2885 ad
549 2824 613 2885 boc
631 2825 703 2900 ipse
723 2823 940 2900 deputaverit,
957 2837 1014 2883 re-
1067 2834 1141 2879 cum
1158 2819 1327 2896 hospitali,
1343 2824 1378 2884 et
1392 2823 1527 2885 aVitali
1546 2823 1587 2885 de
1605 2825 1769 2887 Denicato
1786 2825 1850 2886 cire

221 2938 405 2985 servamus.
441 2921 638 2998 Specialiter
666 2922 775 2982 autem
810 2919 1009 2992 inhibemus,
1067 2917 1207 2977 Senensi
1217 2917 1353 2979 fundum
1365 2921 1539 2997 quemdam
1554 2922 1658 2984 situm
1673 2924 1765 2986 extra
1778 2938 1850 3000 por-

221 3036 265 3083 ne
278 3019 464 3093 usurarios,
481 3016 795 3090 excommunicatos,
807 3019 866 3079 aut
876 3017 1012 3079 haereti·
1066 3015 1134 3074 tam
1156 3016 1336 3076 senensem
1350 3016 1391 3078 de
1406 3019 1567 3080 camullia
1582 3036 1662 3081 cum
1677 3018 1849 3098 possessio·

220 3134 288 3190 cos,
304 3119 357 3180 rel
370 3117 411 3178 de
426 3117 547 3178 haeresi
562 3115 750 3187 infamatos,
770 3115 803 3177 et
816 3114 1011 3183 nominatim
1065 3109 1174 3183 nibus,
1199 3111 1232 3173 et
1253 3113 1405 3174 omnibus
1428 3117 1644 3191 pertinentiis
1663 3119 1731 3179 suis
1751 3118 1785 3179 in
1799 3120 1848 3194 ius

218 3218 400 3278 aLucana
420 3214 563 3276 ecclesia
585 3213 781 3275 interdictos
801 3213 1011 3288 presumatis
1065 3207 1098 3268 et
1120 3209 1355 3285 proprietatem
1383 3213 1540 3274 Ecclesiae
1562 3216 1734 3287 Romanae,
1761 3213 1848 3291 prout

218 3312 255 3373 in
266 3314 345 3383 vita,
358 3310 411 3373 vei
424 3312 459 3371 in
472 3312 588 3382 morte,
604 3308 849 3387 quomodolibet
860 3309 1011 3386 recipere
1065 3305 1344 3368 mandaveramus
1361 3308 1480 3382 eidem,
1497 3313 1609 3373 nostro
1628 3313 1760 3376 nomino
1771 3324 1849 3373 rece

217 3409 260 3470 ad
273 3408 404 3483 divina3
421 3422 484 3468 nec
499 3406 599 3469 liceat
617 3406 712 3468 vobis
727 3406 931 3483 sepulturam
948 3407 1011 3471 ba·
1064 3402 1193 3478 pisset;
1226 3405 1259 3466 et
1286 3404 1322 3465 in
1354 3408 1555 3470 monasterio
1590 3409 1640 3470 ibi
1674 3407 1848 3471 constructo

215 3504 295 3567 bere
309 3505 376 3566 nisi
393 3518 453 3581 pro
474 3500 580 3576 nobis,
596 3506 629 3565 et
650 3503 727 3564 aliis
750 3504 914 3580 personis,
936 3519 1009 3581 quae
1065 3499 1229 3576 quaedam,
1250 3496 1287 3561 in
1307 3506 1427 3564 veslrae
1448 3505 1627 3581 religionis
1649 3508 1847 3583 augmentum

216 3602 258 3663 ad
278 3603 425 3663 vestrum
441 3599 566 3663 luerint
579 3601 752 3662 servitium
770 3601 945 3678 deputatae.
960 3601 1009 3662 Ad
1063 3597 1098 3657 et
1132 3596 1290 3670 levorem,
1319 3601 1441 3662 restris
1468 3603 1596 3663 ordinis
1630 3604 1760 3667 duxerit
1782 3603 1846 3663 sta·

216 3698 377 3760 indicium
403 3699 514 3760 autem
547 3697 646 3774 hujus
681 3699 845 3775 perceptae
874 3713 895 3758 a
926 3698 1009 3760 Sede
1063 3694 1197 3766 tuenda,
1223 3710 1297 3764 nos,
1318 3697 1438 3759 vestris
1454 3700 1555 3776 jnstis
1579 3698 1845 3778 postulationibus

216 3795 407 3873 Apostolica
421 3794 585 3857 libertatis
598 3810 736 3856 aureum
758 3811 860 3856 unum
880 3796 1010 3872 persol-
1064 3794 1259 3865 annuentes,
1286 3794 1373 3871 quod
1395 3794 1437 3855 ab
1461 3796 1577 3858 eodem
1599 3800 1755 3876 episcopo
1778 3794 1844 3856 fac-

216 3892 302 3955 vetis
329 3893 478 3953 Romano
502 3890 655 3953 Pontilici
681 3890 864 3952 annuatim.
889 3884 1007 3953 Datum
1063 3888 1131 3950 tum
1156 3889 1207 3951 est
1226 3893 1358 3967 gratum
1382 3892 1542 3956 babentes
1570 3898 1605 3957 et
1628 3898 1745 3967 ratum,
1765 3892 1844 3954 lacta

217 3988 359 4060 Perusii,
388 3987 475 4065 apud
501 3988 740 4049 monasterium
765 3988 878 4049 Sancti
904 3989 1005 4060 Petri,
1063 3984 1198 4048 obtentu
1209 3987 1383 4063 religionis
1397 3992 1518 4052 restrae
1532 3992 1574 4053 ab
1593 3994 1747 4071 episcopo
1760 4005 1843 4068 prae-

217 4088 263 4149 111
277 4084 410 4147 kalend.
430 4084 573 4161 augusti,
589 4098 680 4146 anno
691 4086 823 4146 Domini
834 4087 1021 4173 nucum,
1061 4080 1131 4145 fato
1151 4085 1285 4157 statute,
1301 4087 1388 4148 sicut
1406 4084 1441 4148 in
1460 4089 1566 4165 ipsius
1580 4090 1756 4167 privilegio
1767 4101 1841 4148 con-

215 4182 400 4245 indictione
414 4182 565 4259 septime,
579 4181 792 4259 pontificatus
805 4182 930 4244 domini
944 4187 1008 4246 llo·
1061 4179 1195 4253 tinctor,
1204 4183 1402 4246 auctoritate
1409 4186 1598 4262 apostolica
1607 4187 1840 4253 conlirmamus,

214 4281 304 4341 norii
317 4283 416 4357 Pepae
431 4281 479 4340 ΙΙΙ
493 4293 581 4339 anno
596 4280 726 4356 quarto.
741 4294 760 4340 s
1061 4278 1094 4339 et
1121 4279 1295 4354 praesentis
1319 4282 1434 4359 scripti
1462 4283 1640 4361 privilegio
1669 4278 1842 4346 commuui-

254 4377 347 4439 Nulii
366 4392 447 4453 ergo
462 4376 597 4438 omnino
613 4376 783 4438 bominum
798 4377 899 4440 liceat
918 4377 1006 4440 banc
1060 4388 1144 4433 mue·
1160 4374 1322 4437 Tenorem
1335 4377 1445 4439 autem
1461 4379 1610 4455 ejusdem
1625 4375 1787 4458 privilegii
1804 4370 1841 4433 ad

213 4474 370 4553 paginam
385 4474 508 4536 nostrae
528 4472 791 4536 confirmationis
806 4474 1003 4551 intringere,
1060 4472 1221 4547 malorem
1242 4472 1398 4547 vestiam,
1415 4475 1448 4537 et
1467 4477 1662 4539 monasterii
1680 4467 1841 4536 memmii

213 4573 267 4635 vel
293 4571 325 4633 ei
353 4587 438 4633 ausu
459 4572 638 4633 temerario
663 4573 842 4634 connaire.
867 4573 903 4633 Si
930 4574 1005 4650 quis
1060 4567 1224 4628 cautelam
1252 4570 1471 4646 praesentibus
1486 4572 1606 4635 litteris
1622 4572 1774 4634 duximus
1787 4564 1841 4628 ad-

212 4671 324 4731 antem
334 4668 398 4730 boc
407 4670 573 4731 attentare
584 4670 842 4746 praesumpserit,
855 4668 1005 4746 indigna·
1059 4664 1250 4738 notandum,
1269 4668 1326 4744 qui
1339 4668 1419 4729 talis
1431 4672 1506 4732 est:

212 4752 336 4829 tionem
348 4766 584 4842 omnipotentis
595 4766 665 4837 Dei,
679 4780 718 4827 ac
730 4766 901 4827 beatorum
914 4768 1004 4830 Petri
1097 4765 1226 4839 ‹Hugo
1250 4754 1467 4829 miseratione
1491 4766 1605 4831 dimna
1630 4763 1787 4830 Ostiensis
1810 4759 1840 4821 θῐ

212 4867 246 4926 et
257 4863 354 4925 Pauli
367 4863 592 4939 apostolorum
608 4865 681 4939 eJ'us
697 4876 734 4923 se
751 4864 882 4926 noverit
895 4864 1005 4925 incur·
1058 4858 1275 4922 velletrensis
1288 4863 1475 4939 episcopus,
1491 4866 1689 4941 Apostolicae
1699 4860 1787 4924 Sedis
1799 4857 1841 4916 ie·

212 4976 338 5023 surum.
352 4963 471 5022 Datum
486 4960 654 5033 Laterani,
669 4961 715 5020 111
735 4959 899 5022 kalendas
912 4962 1005 5025 octo-
1058 4957 1165 5031 gatus,
1192 4955 1321 5019 dilectis
1345 4959 1381 5020 in
1408 4959 1540 5022 Christo
1561 4960 1728 5022 filiabus-0·
1743 4954 1838 5017 abba·

211 5058 292 5131 bris,
309 5057 520 5136 pontilicatus
538 5057 644 5119 nostri
660 5072 747 5119 anno
762 5058 912 5135 septimo.
1058 5052 1151 5114 tissa
1165 5055 1360 5117 monasterii
1383 5058 1514 5119 Sanctae
1533 5059 1649 5120 Mariae
1663 5058 1755 5118 entra
1767 5062 1839 5128 por·
1919 5072 1920 5149 l

1057 5150 1125 5210 tam
1148 5151 1328 5213 senensem
1350 5153 1391 5214 do
1415 5154 1576 5216 camullia
1593 5155 1689 5231 juxta
1711 5148 1837 5212 stratam
1919 5198 1920 5227 ς

1058 5247 1251 5319 Romanam,
1268 5250 1406 5327 ejusque
1423 5251 1595 5313 sororibus
1611 5254 1677 5313 tam
1700 5255 1835 5325 praesen-

1056 5342 1155 5416 tibus,
1172 5358 1271 5421 quam
1291 5345 1412 5409 tuturis
1434 5348 1626 5424 religiosam
1647 5347 1747 5409 ritem
1762 5353 1834 5417 pro·

1057 5439 1155 5502 sessis
1178 5441 1213 5502 in
1234 5445 1442 5519 perpetuum.
1463 5442 1684 5507 Prudentibus
1700 5433 1831 5513 virgini·
1919 5466 1920 5521 3

1057 5536 1130 5610 bus,
1157 5554 1230 5614 quae
1265 5539 1327 5598 snb
1356 5540 1471 5602 babitu
1498 5541 1669 5617 religionis
1697 5528 1831 5597 accensis
1919 5546 1920 5591 l
