3916 6204
64 331 124 394 533

62 486 234 560 mendum,
249 486 321 564 ipse
333 489 445 547 autem
455 486 730 564 archiepiscopus
740 502 860 565 reprae-

60 586 229 647 sentatum
244 584 317 644 sine
349 583 523 661 dispendio
547 600 587 645 ac
601 584 762 646 dilatione
780 600 860 661 pre·

61 683 129 743 eise
151 680 338 754 confirmet,
362 681 428 741 nisi
448 680 563 742 forsan
591 681 780 749 haereticus,
805 682 858 744 vel

60 779 145 840 alias
161 776 341 839 manifeste
352 777 459 839 malus
474 780 563 840 essct
585 777 721 841 electus.
742 780 791 841 Ita
801 781 857 841 ta-

59 893 134 938 men
159 876 249 953 quod
274 875 402 936 nullum
430 875 602 937 fidelitatis
626 878 853 955 juramentum

58 974 175 1050 exigat
187 972 230 1034 ab
243 974 370 1034 eodem.
397 974 490 1045 Quod
517 974 546 1034 si
566 975 706 1036 vacante
721 977 856 1037 Raven-

58 1070 857 1150 natensiecclesia,veleJusarchiepiscopoextra

57 1185 151 1231 suam
169 1168 378 1246 provinciam
389 1169 566 1238 existente,
579 1169 756 1246 contigerit
768 1171 858 1232 elec·

55 1268 182 1329 tionem
195 1265 235 1327 de
248 1282 314 1326 uno
328 1265 399 1326 deri
411 1266 582 1338 canonice,
598 1283 637 1328 ac
648 1268 857 1330 concorditer

55 1365 88 1425 in
109 1363 266 1425 ecclesiae
282 1364 466 1440 saepedictae
481 1364 638 1440 priorem,
647 1365 688 1437 is,
701 1365 756 1442 qui
768 1365 858 1427 elec-

55 1465 107 1525 tus
121 1460 230 1523 suerit
248 1461 284 1522 in
304 1461 554 1538 temporalibus,
573 1478 613 1524 ac
628 1463 856 1540 spiritualibus

53 1559 159 1621 libere
175 1558 389 1622 administret
400 1575 506 1637 usque
518 1559 559 1620 ad
571 1560 856 1622 confirmationem

53 1656 157 1729 illius,
177 1657 236 1733 qui
251 1656 376 1718 electus
397 1656 499 1718 fuerit
515 1657 552 1717 in
567 1656 855 1735 archiepiscopum

50 1753 101 1816 vel
115 1754 270 1816 absentis
285 1753 511 1818 reversionem
526 1755 562 1815 iu
577 1754 712 1817 civitate
726 1758 856 1817 Raven-

50 1851 203 1924 natensi3
221 1865 260 1911 eo
275 1850 386 1913 autem
403 1850 608 1925 confirmato,
625 1851 730 1914 velad
748 1850 854 1930 ipsam

50 1948 227 2010 civitatem
255 1962 411 2035 regresso
436 1948 701 2028 archiepiscopo,
730 1949 854 2012 electus

49 2046 141 2122 prior
172 2046 435 2122 repraesentetur
459 2046 578 2118 eidem,
604 2048 637 2108 et
661 2047 733 2125 ipse
759 2046 854 2109 illum

49 2143 241 2211 confirmet,
252 2144 339 2205 sicut
351 2144 504 2221 superius
515 2148 565 2206 est
575 2160 781 2221 expressum,
792 2161 854 2206 uec

49 2241 154 2302 ullum
172 2241 240 2319 ipsi
253 2241 358 2304 electo
370 2257 413 2302 ex
428 2257 467 2303 eo
482 2243 569 2320 quod
588 2243 665 2306 ante
680 2242 854 2305 conflrma-

49 2339 177 2400 tionem
203 2339 488 2401 administraverit
505 2340 735 2416 praejudicium
750 2357 854 2418 gene-

49 2438 153 2498 retur.
170 2437 343 2499 correctio
357 2438 468 2499 autem
480 2438 614 2514 prloris,
629 2439 685 2516 qui
702 2455 790 2500 nuuc
802 2440 853 2501 est

50 2534 83 2595 iu
95 2536 173 2612 ipsa
190 2535 344 2607 ecclesia,
361 2535 415 2596 vel
428 2551 488 2611 pro
504 2536 651 2612 tempore
663 2535 775 2607 fuerit,
792 2553 852 2613 per

49 2632 342 2709 archiepiscopum
364 2632 431 2703 dat,
444 2633 530 2708 juris
545 2632 755 2696 solemnitate
774 2650 851 2695 ser·

48 2732 135 2802 vata,
146 2730 226 2790 sine
236 2729 421 2806 dispendio,
434 2729 542 2807 quoad
553 2729 661 2806 ipsum
672 2731 852 2808 archiepis·

48 2842 185 2903 copum,
202 2826 354 2887 ecclesiae
365 2824 570 2887 Portuensis.
587 2827 756 2888 correctio
771 2844 850 2889 vero

47 2924 301 2994 canonicorum,
320 2923 352 2984 et
376 2921 516 2984 fratrum
541 2923 599 2985 liat
628 2939 688 3000 per
704 2924 850 3001 priorem

47 3021 152 3097 ipsius
171 3020 324 3081 ecclesiae
337 3021 518 3081 secundum
534 3036 604 3082 suae
615 3021 742 3097 regulae
757 3022 851 3083 insti·

47 3121 114 3179 tuta
123 3133 204 3195 quae
215 3134 317 3194 super
325 3118 388 3178 hoc
397 3117 541 3194 capitulo
549 3119 595 3179 ita
607 3118 688 3181 dicit
704 3141 711 3179 ε
726 3122 851 3196 postre-

48 3232 99 3277 mo
119 3213 268 3276 fraterni
293 3214 454 3276 consortii
477 3217 713 3278 communione
728 3217 850 3293 privati

44 3312 186 3390 jejuniis
196 3312 418 3383 macerentur,
429 3313 463 3374 et
472 3312 811 3387 verberenturetiam,
820 3314 849 3376 si

48 3411 195 3488 qualitas
205 3410 575 3488 patiturpersonarum;
593 3411 622 3471 si
638 3427 729 3484 vero,
746 3427 807 3473 nec
820 3413 849 3474 si

48 3510 147 3571 etiam
159 3507 393 3579 emendantur,
404 3508 622 3570 retrudantur
632 3509 667 3569 in
680 3524 849 3570 carcerem

48 3605 156 3682 longis
167 3603 309 3681 jejuniis
323 3603 522 3680 castigandi,
534 3603 587 3665 vel
598 3605 734 3681 majoris
745 3606 849 3668 eccle-

47 3703 105 3764 siae
133 3702 208 3764 sive
234 3701 383 3778 episcopi
408 3701 535 3780 judicio
564 3700 783 3764 dimittantur.
813 3703 848 3765 Si

46 3802 139 3877 prior
154 3798 213 3876 qui
232 3814 293 3875 pro
314 3800 463 3875 tempore
482 3798 584 3860 fuerit
601 3798 746 3861 voluerit
762 3801 848 3862 resi·

45 3912 166 3972 gnare,
181 3896 331 3972 resignet
354 3910 468 3957 coram
491 3895 755 3973 archiepiscopo,
771 3898 847 3959 etsi

46 3992 321 4069 archiepiscopus
335 3991 480 4054 noluerit
491 3992 754 4068 resignationem
776 3997 847 4071 eJus

45 4091 206 4167 recipere,
222 4089 349 4151 licitum
360 4089 404 4151 sit
412 4090 476 4166 ipsi
489 4089 593 4165 priori
605 4105 717 4151 coram
732 4090 849 4153 iratri-

45 4187 104 4248 hus
115 4188 189 4248 suis
200 4187 389 4263 incapitulo
401 4186 588 4263 resignare.
598 4187 727 4249 Adhaec
739 4187 847 4265 ipsius

45 4284 199 4346 ecclesiae
211 4284 317 4362 prior,
334 4285 367 4346 et
377 4284 499 4345 iratres
513 4298 613 4344 unam
634 4286 848 4361 procuratio-

42 4398 119 4443 nem
146 4397 208 4459 prc
223 4381 344 4457 viginti
359 4381 505 4457 quinque
528 4383 691 4458 personis,
709 4383 742 4445 et
763 4383 847 4446 toti-

41 4480 116 4541 dem
134 4480 232 4556 equis
247 4477 500 4556 archiepiscopo
515 4479 697 4542 exhibeant
710 4496 842 4542 annua-

40 4578 114 4649 tim,
125 4578 176 4639 ita
184 4576 317 4654 quodea
326 4591 400 4653 quae
411 4575 567 4653 adipsum
579 4578 845 4652 procurationem

41 4673 175 4737 tuerint
199 4673 391 4735 necessaria
419 4688 480 4749 per
500 4674 684 4747 ministros,
711 4676 745 4736 et
766 4674 845 4737 oid·

40 4772 150 4834 ciales
165 4771 272 4849 ipsius
287 4770 439 4832 ecclesiae
454 4770 621 4844 decenter,
647 4774 682 4834 et
704 4773 845 4835 honeste

39 4868 294 4946 archiepiscopi
309 4867 436 4929 nuntiis
446 4869 702 4945 assignenturet
712 4870 842 4932 dentur.

37 4968 214 5030 Praeterea
238 4965 333 5043 prior
358 4965 506 5041 ejusdem
539 4966 691 5028 ecclesie
705 4967 761 5030 vel
786 4968 844 5046 qul

36 5065 116 5142 post
132 5080 210 5125 eum
232 5062 455 5140 majoriuerit
471 5063 507 5124 iu
522 5063 638 5125 eadem
653 5064 695 5125 ad
708 5076 844 5141 proces-

35 5163 172 5226 sionem
188 5164 222 5223 S.
236 5160 368 5233 vitalis,
385 5161 419 5221 et
439 5162 473 5221 S.
494 5160 719 5237 appollinaris
731 5162 844 5224 veniat

35 5260 229 5332 annuatim,
243 5260 291 5320 ita
313 5257 398 5335 quod
413 5257 441 5318 si
454 5257 495 5318 ad
512 5273 611 5318 unam
623 5260 764 5331 venerit,
777 5276 843 5321 non

33 5358 197 5419 teneatur
218 5356 335 5418 venire
359 5353 400 5415 ad
427 5354 567 5415 alteram
593 5354 653 5415 illo
675 5371 774 5417 anuo.
793 5358 841 5418 Ad

33 5454 225 5533 capitulum
251 5452 306 5513 vel
326 5451 489 5529 synodum
508 5454 771 5514 Ravennatensis
786 5470 843 5516 ec-

33 5553 168 5623 clesiae,
183 5567 258 5612 cum
281 5549 397 5612 eadem
420 5549 577 5625 praelatos
597 5549 661 5611 sibi
676 5551 841 5629 subjectos

31 5651 214 5720 convocat,
241 5648 350 5710 dictus
365 5647 457 5724 prior
476 5647 578 5708 simili
595 5648 691 5710 modo
708 5650 768 5722 ire,
787 5650 839 5711 vel

667 329 896 391 EPISTOLAE·
919 330 997 391 LIB.
1022 331 1107 391 VIII.

1651 324 1711 391 534

1597 386 1622 419 l

914 488 1046 551 mittere
1056 489 1219 559 teneatur,
1237 489 1270 550 et
1288 486 1324 548 in
1348 486 1459 547 causis
1476 484 1538 547 sub
1555 484 1710 547 examine

913 586 1021 663 ipsius
1034 585 1278 662 archiepiscopi
1292 583 1505 662 respondere.

953 683 1106 745 Proeliis
1118 686 1230 744 autem
1245 681 1545 759 procurationibus,
1568 682 1706 742 senteu-

912 781 979 852 tiis,
994 779 1220 858 petitionibus,
1237 779 1396 851 collectis,
1407 778 1639 841 exactionibus
1652 775 1708 838 vel

912 877 1113 956 quibuslibet
1135 877 1224 949 aliIs,
1240 894 1314 955 quae
1327 878 1398 938 sive
1418 877 1546 954 dejure
1566 876 1703 952 scripto,

912 976 983 1037 sive
1003 975 1157 1052 positive,
1184 974 1236 1035 vel
1261 973 1553 1037 consuetudinario
1576 972 1707 1035 ratione

911 1073 1116 1134 visitationis
1127 1071 1266 1133 alterius
1276 1071 1709 1151 procurationisvelcujus·

912 1186 1052 1247 cumque
1068 1168 1256 1231 occasionis
1273 1168 1400 1245 abipsa
1415 1168 1584 1246 patiebant
1598 1168 1707 1229 eccle-

912 1268 963 1329 sia
978 1267 1261 1344 archiepiscopus,
1278 1267 1312 1328 et
1323 1266 1503 1344 capitulum
1524 1263 1707 1342 supradicti

910 1366 963 1427 vel
977 1366 1115 1442 possunt
1126 1366 1241 1442 petere
1258 1364 1292 1425 in
1307 1363 1466 1435 futurum,
1484 1364 1520 1425 ut
1533 1362 1637 1439 ipsius
1649 1377 1707 1424 ec-

910 1464 1022 1525 clesiae
1030 1463 1134 1540 prior,
1144 1465 1179 1524 et
1189 1461 1460 1537 fratressingulis
1472 1459 1706 1530 annisvinde-

910 1561 1051 1622 mierum
1073 1562 1232 1637 ternpore,
1247 1575 1347 1621 unam
1370 1557 1612 1635 vegetemboni
1632 1556 1704 1618 vini

910 1658 983 1719 sine
992 1674 1083 1730 vase,
1091 1658 1355 1735 apudRavenam
1363 1656 1443 1718 dare
1453 1653 1706 1731 archiepiscopo

909 1757 1104 1830 teneantur;
1116 1757 1148 1818 et
1163 1754 1330 1833 praedictis
1347 1755 1419 1831 ipse
1433 1752 1705 1829 archiepiscopus

910 1853 953 1914 sit
966 1853 1014 1916 ita
1028 1854 1215 1925 contentus,
1227 1852 1312 1930 quod
1324 1851 1409 1912 nihil
1423 1846 1509 1912 ultra
1521 1849 1634 1926 petere
1643 1864 1706 1910 va-

908 1950 976 2014 leat
990 1950 1032 2011 ab
1049 1950 1109 2022 eis,
1122 1951 1175 2012 vel
1186 1949 1337 2012 ecclesiis
1350 1948 1559 2023 eorumdem3
1577 1947 1607 2008 si
1623 1960 1705 2008 vero

909 2048 1067 2124 praedicta
1091 2048 1204 2109 omnia
1228 2046 1281 2108 vel
1300 2062 1415 2108 eorum
1440 2045 1553 2123 aliqua
1579 2043 1705 2106 luerint

908 2145 1160 2222 archiepiscopo
1189 2145 1373 2220 denegata,
1411 2143 1498 2204 idem
1534 2140 1639 2219 possit
1665 2140 1701 2201 in

908 2243 1172 2305 contradictores
1188 2243 1375 2314 universos
1386 2241 1420 2302 et
1435 2240 1598 2315 singulos,
1619 2254 1703 2300 cen·

908 2356 1020 2402 suram
1042 2340 1317 2411 ecclesiasticam,
1329 2339 1513 2401 monitione
1530 2336 1703 2414 praeruissa

907 2439 1080 2510 canonica,
1092 2453 1263 2501 exercere.
1277 2437 1370 2498 Alias
1384 2434 1703 2497 autemnullatenus

906 2537 941 2597 in
955 2552 1012 2597 eos
1025 2536 1135 2613 possit
1145 2536 1335 2613 hujusmodi
1343 2549 1501 2596 exercere
1514 2545 1703 2599 censuram,

906 2634 972 2695 nisi
987 2649 1047 2710 pro
1059 2634 1170 2696 causis
1184 2632 1324 2709 agendis
1349 2647 1461 2694 coram
1491 2632 1564 2707 ipso
1589 2627 1704 2690 archi-

906 2732 1072 2809 episcopo,
1089 2731 1142 2793 vel
1156 2729 1390 2793 exactionibus
1411 2729 1622 2802 eorumdem
1637 2740 1703 2804 quo

905 2844 986 2889 casu
1011 2830 1134 2890 nostrus
1155 2844 1366 2890 servaremus
1385 2826 1604 2904 providentiae
1627 2824 1703 2888 dis·

905 2926 1103 3002 ponendum,
1121 2941 1217 3002 quem
1232 2925 1363 2986 modum
1381 2924 1499 2986 debeat
1511 2924 1701 3001 archiepis-

905 3039 1006 3099 copus
1033 3023 1240 3085 executionis
1274 3022 1410 3084 habere.
1434 3025 1513 3084 Haec
1541 3021 1701 3082 nimirum

904 3121 1099 3196 compositio
1116 3120 1233 3197 sponte
1249 3118 1312 3181 tuit
1326 3119 1367 3180 ab
1383 3124 1524 3196 utraque
1533 3121 1627 3195 parte
1639 3134 1700 3180 re-

904 3218 1010 3293 cepta,
1032 3217 1135 3280 salvis
1154 3217 1340 3294 privilegiis
1360 3218 1393 3278 et
1408 3216 1624 3292 indulgentiis
1637 3218 1701 3277 Ra·

903 3316 1057 3376 vennatis
1066 3315 1361 3392 archiepiscopoet
1368 3312 1700 3391 praelataePortuensi

903 3412 1056 3474 ecclesiae
1070 3411 1112 3473 ab
1120 3412 1315 3489 apostolica
1325 3411 1410 3473 Sede
1423 3410 1602 3483 concessis,
1617 3411 1650 3473 et
1661 3410 1702 3471 de

903 3510 1024 3571 caetero
1038 3510 1269 3582 concedendis,
1281 3510 1348 3571 nisi
1360 3509 1525 3586 quatenus
1535 3508 1702 3586 composi·

901 3607 986 3668 ticni
1010 3607 1202 3685 hujusmodi
1222 3606 1433 3669 obviaverint
1459 3607 1574 3668 contra
1601 3622 1699 3682 quam

903 3705 1031 3765 nullum
1045 3705 1153 3767 locum
1168 3703 1313 3766 habeant
1333 3706 1404 3766 sive
1428 3703 1541 3766 robur.
1554 3706 1625 3765 Nec
1640 3718 1700 3780 per

903 3800 989 3862 hanc
1009 3802 1281 3879 compositionem
1306 3801 1522 3878 pensionibus
1544 3803 1577 3863 et
1599 3814 1701 3861 reno-

903 3897 1091 3961 vationibus
1106 3914 1188 3976 quas
1205 3898 1356 3960 ecclesiae
1366 3898 1448 3975 ipsae
1463 3897 1527 3958 sibi
1537 3896 1699 3958 alterutro

901 3997 1058 4058 tenentur
1072 3996 1163 4067 dare,
1180 3995 1352 4058 vellacere
1367 4010 1427 4073 pro
1439 3995 1552 4066 terris,
1571 3995 1603 4056 et
1620 3994 1697 4055 aliis

902 4080 1181 4171 possessionibus,
1198 4108 1281 4170 quas
1305 4109 1373 4154 una
1400 4093 1491 4155 tenet
1515 4092 1696 4165 abatiam,

902 4190 1132 4269 praeJudicium
1143 4190 1279 4269 aliquod
1294 4191 1483 4267 generetur.

941 4290 1010 4351 Nos
1039 4303 1119 4363 ergo
1152 4288 1425 4366 compositionem
1455 4284 1563 4364 ipsam
1585 4287 1694 4350 ratam

900 4385 1073 4457 habentes,
1103 4387 1136 4447 et
1159 4388 1304 4461 gratam,
1336 4400 1477 4463 eamque
1500 4385 1698 4448 auctoritate

899 4483 1090 4560 apostolica
1101 4482 1350 4554 confirmantes,
1367 4482 1697 4559 propterpraenotato

900 4581 1112 4643 coercitionis
1138 4579 1290 4653 articulo,
1321 4581 1370 4642 sic
1392 4579 1549 4641 duximus
1577 4581 1695 4657 provi-

900 4678 1053 4750 dendam,
1079 4679 1116 4742 ut
1147 4678 1318 4750 videlicet,
1347 4693 1447 4756 quum
1478 4680 1695 4741 Portueusem

899 4775 1076 4837 ecclesiam
1092 4789 1205 4837 coram
1221 4775 1473 4851 archiepiscopo
1491 4776 1696 4838 Ravennatis

899 4873 1077 4949 contigerit
1095 4872 1280 4941 conveniri,
1292 4872 1321 4934 si
1335 4873 1545 4934 coutumacia
1562 4871 1698 4935 labora·

899 4970 995 5042 verit,
1013 4969 1069 5030 ubi
1080 4968 1129 5032 sic
1143 4970 1255 5046 agitur
1263 4970 1350 5046 quod
1361 4971 1455 5032 actor
1467 4969 1579 5031 induci
1590 4970 1696 5047 possit

898 5068 934 5128 in
964 5067 1211 5145 possessionem
1235 5067 1285 5129 rei
1309 5068 1432 5144 petitae,
1457 5068 1511 5129 vel
1531 5067 1694 5130 bonorum

898 5164 1005 5242 ipsius
1021 5165 1171 5227 ecclesiae
1183 5164 1366 5227 secundum
1379 5180 1569 5227 mensuram
1590 5164 1693 5228 debiti

898 5262 1069 5334 declarati,
1105 5261 1376 5339 archiepiscopus
1405 5278 1465 5339 per
1495 5263 1692 5325 missionem

897 5361 1020 5422 actoris
1037 5361 1073 5421 in
1081 5361 1324 5437 possessionem
1347 5359 1547 5435 hujusmodi,
1569 5362 1692 5422 contu-

897 5473 1007 5519 maces
1029 5457 1100 5535 juri
1123 5459 1213 5520 stare
1241 5456 1428 5532 compellat,
1456 5456 1496 5516 ad
1525 5455 1694 5521 interdicti

896 5555 1124 5632 suspensionis
1135 5553 1187 5615 vel
1196 5552 1551 5615 excommunicationis
1564 5558 1694 5617 senten·

895 5651 975 5713 tiam
989 5651 1178 5713 nullatenus
1197 5664 1414 5727 processurus
1435 5651 1503 5712 nisi
1524 5667 1584 5730 per
1605 5656 1692 5714 Por-
