4014 6224
109 310 162 373 ἰῶ
445 352 453 369 .
740 310 969 379 EPiSMAE.
992 313 1070 376 LIB.
1092 312 1148 376 vt.
1378 348 1381 357 =
1704 314 1763 379 lae
1807 376 1814 389 ,

474 480 576 572 ,ρΙΓ
968 471 1064 536 ribus
1079 472 1158 547 tuis,
1176 470 1761 553 etatelpso'hactenusrationabl-

968 570 1047 634 liter
1069 584 1242 648 possessus
1256 570 1318 643 esi,
1338 569 1412 643 tibi,
1432 570 1567 649 tuisque
1587 588 1763 636 successo-

156 634 208 696 Λα
227 634 386 698 mm
415 637 639 698 mmmm
657 637 865 712 ⁰P¹⁸⁶⁰Wm⁹
968 666 1062 729 ribus
1076 666 1110 728 in
1127 667 1319 744 perpetuum
1336 667 1582 731 confirmamus.
1604 670 1764 732 Decerni-

391 776 427 834 27
446 775 541 833 marm
560 776 640 834 liti.
969 781 1044 825 mus
1058 780 1138 840 ergo
1157 765 1193 826 nt
1214 764 1298 825 nulii
1320 765 1454 827 cruriino
1476 766 1648 829 liominum
1662 768 1763 833 liceat

969 859 1140 938 praefatam
1156 860 1333 923 ecclesiam
1346 863 1471 924 minere
1484 864 1691 941 perturbare,
1705 868 1764 930 aui

220 1032 227 1045 ἣ
794 1032 802 1044 ⁰
933 960 1042 1036 erus
1056 959 1287 1036 possessiones
1302 958 1445 1033 auterre,
1461 962 1517 1023 uel
1530 961 1659 1029 ablatas
1673 965 1762 1028 reti-

119 1032 276 1091 &casiam
302 1032 503 1090 Rflissflfflfflffl
534 1032 671 1093 ¹¹¹⁰¹¹d⁰¹¹¹
695 1032 830 1105 ⁸⁰⁸⁰¹W²
850 1044 912 1088 ⁰¹⁰·
970 1070 1061 1127 nere,
1085 1056 1246 1128 minuere,
1265 1071 1326 1118 seu
1346 1057 1546 1134 quibuslibet
1569 1061 1761 1123 vexationi-

153 1134 264 1223 ΜΨ
276 1120 341 1195 ⁸3⁰⁸
352 1120 427 1179 '³⁰⁰⁸
439 1129 469 1179 ’ί
481 1123 689 1195 9⁰⁸⁸⁰⁸⁸¹⁰⁰⁰⁸⁹
701 1120 767 1195 ΡΜ
780 1134 815 1179 ⁸⁰
825 1119 912 1194 ΡΜ·
968 1152 1030 1213 bus
1044 1151 1208 1230 latigar03
1224 1153 1282 1214 sed
1294 1154 1405 1215 omnia
1415 1154 1546 1232 integra
1561 1172 1763 1222 conserven-

152 1210 229 1284 Ψ
244 1208 406 1268 mamm·
968 1250 1023 1310 tur
1039 1264 1166 1321 eorum,
1191 1266 1250 1326 pro
1270 1265 1410 1326 quorum
1425 1253 1666 1315 sustentatione
1681 1270 1763 1316 con-

157 1342 936 1423 llonuriusepisropns,servusserrorumliei,,
968 1360 1064 1407 cessa
1091 1346 1168 1407 suni
1200 1346 1316 1408 usibus
1349 1348 1551 1410 omnimodis
1575 1350 1760 1426 protutura,

118 1438 412 1505 venerabiiiiratri
425 1441 731 1505 Leoniliaveliensi
746 1441 911 1519 episcopo,
968 1443 1062 1504 saiva
1083 1442 1177 1504 Sedis
1200 1443 1399 1520 Apostolicae
1420 1445 1627 1508 auctoritaie.
1646 1446 1763 1526 Siqua

120 1543 261 1617 eJusqne
276 1539 524 1601 successoribus
542 1538 702 1601 canonice
716 1536 914 1600 substituen·
969 1538 1070 1615 igitur
1084 1540 1117 1600 in
1132 1539 1279 1602 futurum
1292 1541 1531 1615 ecclesiastica,
1548 1543 1763 1609 saecularisve

119 1636 171 1697 dis
188 1637 222 1697 iu
239 1640 447 1713 perpetuum.
968 1651 1111 1713 persona
1137 1637 1224 1700 banc
1250 1639 1375 1700 nusum
1398 1640 1644 1703 constitutionis
1666 1641 1765 1719 pagi-

157 1736 268 1806 Qunm
283 1749 328 1795 ex
341 1733 489 1813 ilpuncte
504 1732 599 1795 nobis
614 1748 635 1795 a
652 1736 723 1795 lieo
740 1732 914 1811 apostola·
968 1749 1045 1795 narn
1067 1734 1177 1797 sciens
1196 1737 1311 1797 contra
1332 1751 1406 1797 eam
1423 1738 1546 1799 temere
1559 1740 1675 1801 vestire
1688 1741 1765 1802 ten-

119 1830 523 1909 insomnia-quocontra
537 1830 826 1902 Cirrisiitldeiibns,
839 1845 915 1891 auo·
968 1831 1099 1904 tenerit,
1123 1832 1279 1906 meando,
1297 1833 1438 1895 tertiove
1462 1836 1673 1908 commonita,
1695 1837 1763 1899 nist

119 1931 192 1991 iore
221 1929 372 2001 liomino,
399 1928 667 2005 praeeminemus,
707 1927 913 2005 singulorum
968 1932 1098 1991 seatium
1125 1944 1221 1991 suum
1250 1945 1397 2007 congrua
1425 1930 1655 1996 satisfactione
1681 1948 1762 1997 cor-

106 2025 206 2103 ·paci,
227 2028 261 2088 et
279 2024 512 2103 tranquillitati
534 2022 713 2088 debeamus
727 2024 936 2096 interuiere,
968 2027 1106 2099 rexerit,
1134 2028 1317 2104 potestatis,
1346 2028 1548 2107 notionisque
1571 2032 1624 2091 sai
1649 2031 1764 2095 careat

119 2124 306 2201 praesertim
331 2139 389 2200 pro
414 2122 545 2185 illorum
570 2123 679 2201 quiete
704 2138 764 2184 nos
786 2122 915 2200 oportet
969 2121 1141 2198 dignitate,
1162 2137 1322 2200 reamque
1340 2138 1376 2185 se
1390 2123 1503 2186 silvino
1523 2124 1655 2202 judicio
1671 2126 1766 2188 exie

118 2236 198 2283 esse
214 2220 388 2292 sollicitos,
406 2221 462 2298 qui
485 2220 642 2297 plastorali
662 2219 823 2297 dignitate
838 2224 915 2282 sunt
969 2220 1039 2281 tere
1054 2218 1094 2280 de
1116 2222 1307 2297 perpetrata
1322 2221 1498 2299 iniquitate
1519 2224 1708 2298 cognoscat,
1729 2224 1764 2287 et

118 2316 263 2395 praediti,
284 2318 318 2379 et
334 2318 377 2379 ad
391 2317 536 2380 cilicium
557 2316 745 2394 pontidcale
761 2317 912 2397 promoti,
969 2330 988 2377 a
1004 2316 1233 2379 sacratissimo
1253 2332 1392 2395 corpore
1415 2320 1449 2379 et
1467 2320 1630 2395 sangnine
1649 2320 1709 2382 liei
1730 2312 1765 2382 et

118 2418 153 2479 et
172 2415 232 2492 qui
258 2415 397 2492 speciali
422 2415 643 2492 praerogativa
669 2417 856 2477 noscuntur
872 2414 913 2476 ad
969 2410 1101 2475 manilii
1131 2412 1363 2491 nsuemptons
1397 2416 1504 2477 nostm
1531 2417 1613 2479 iesu
1639 2417 1764 2479 desti

116 2516 173 2595 jus
187 2515 348 2574 Romana
368 2511 526 2574 Ecclesiae
541 2511 727 2589 pertiner03
745 2512 809 2572 nisi
826 2512 913 2572 enim
969 2510 1080 2572 ahena
1102 2510 1170 2583 ilat,
1193 2512 1295 2590 atque
1313 2513 1511 2575 inextremo
1526 2515 1682 2576 examine
1694 2514 1766 2576 dis-

118 2624 310 2672 noseorum
325 2608 522 2671 utilitatibus
535 2609 754 2681 intendentes,
767 2610 914 2686 ipsorum
968 2607 1076 2669 trictae
1111 2607 1231 2669 ultioni
1264 2608 1446 2686 subjaceat.
1481 2611 1615 2673 Cunctis
1652 2613 1764 2674 autem

118 2706 299 2783 dignitates
320 2709 445 2789 etjura
464 2706 674 2783 inquantum
690 2708 758 2768 Deo
773 2705 914 2784 permii—
969 2703 1076 2765 milam
1106 2705 1178 2766 loco
1202 2720 1264 2767 sua
1292 2708 1369 2784 jnra
1396 2707 1606 2770 servantibus
1632 2707 1677 2771 sit
1697 2724 1764 2786 pax

117 2804 211 2867 mate
240 2818 433 2880 possumus,
460 2803 589 2880 integra
611 2818 856 2875 conservemus,
882 2803 916 2865 et
969 2801 1101 2863 Domini
1116 2801 1231 2864 b'ostri
1248 2804 1328 2864 Jesu
1343 2803 1465 2865 Christi
1481 2804 1645 2882 quatenus
1659 2809 1693 2868 et
1710 2805 1765 2868 bic

117 2899 320 2963 anctoritate
350 2900 539 2977 Apostolica
569 2914 626 2961 eos
654 2899 697 2961 ab
724 2899 914 2976 iniquorum
969 2898 1112 2960 trucium
1132 2897 1227 2961 bonae
1250 2900 1390 2963 actionis
1405 2901 1602 2978 percipiant,
1617 2903 1651 2964 et
1675 2902 1763 2979 apud

118 2996 293 3060 bominum
316 2997 507 3059 incursibus
533 2996 759 3071 defendamus,
776 2996 817 3058 de
837 2997 916 3058 iiio-
969 2994 1156 3058 districtum
1174 2996 1320 3074 jndicem
1346 2998 1485 3074 pramis
1510 3000 1644 3061 aeternae
1670 3000 1763 3077 pacis

117 3111 194 3158 rnna
209 3095 323 3159 salute
335 3110 399 3157 non
414 3111 493 3157 vere
506 3096 663 3173 poterunt
677 3111 751 3157 esse
766 3094 912 3166 solliciti,
967 3093 1154 3156 inueniant.
1171 3096 1288 3157 limen.
1301 3097 1417 3157 Amen.

118 3193 177 3272 qui
202 3192 269 3254 sibi
289 3192 526 3269 adlegandum
547 3193 687 3255 Donniuo
706 3195 785 3255 sunt
799 3192 914 3270 dispo·
1008 3192 1077 3266 Ego
1096 3191 1276 3263 Honorius,
1296 3191 1470 3253 catholicae
1485 3191 1644 3255 Ecclesiae
1658 3192 1761 3269 episc.

237 906 359 972 [llgbalib
374 907 450 959 iniis
465 921 545 965 sacra,
556 913 620 958 tom.
633 908 654 969 l,
669 923 695 973 p.
708 904 790 972 ilat]

117 3292 221 3353 mute
239 3289 419 3353 commissi.
445 3293 640 3368 Eapropier,
658 3289 860 3352 venerabilis
878 3291 913 3350 iu
1008 3289 1077 3364 ligo
1112 3287 1315 3364 Hugolinus,
1348 3288 1512 3351 Ostiensis
1538 3280 1573 3352 et
1600 3289 1761 3353 velitren.

117 3388 253 3451 cansa
265 3387 371 3450 linter
386 3390 535 3451 ioannes
557 3388 722 3465 episcope,
736 3387 914 3465 tuisjustis
967 3382 1156 3460 episcopus.

116 3485 400 3563 postulationibus
411 3484 591 3547 cierrienter
605 3485 795 3558 annuimus,
808 3487 840 3547 ei
852 3487 917 3547 Ra·
1008 3480 1077 3555 Ego
1096 3480 1175 3548 Leo,
1190 3478 1242 3541 tit.
1265 3478 1397 3543 Sanctae
1413 3477 1530 3541 Crucis
1549 3477 1585 3541 in
1601 3478 1766 3542 Hierusa-

115 3583 302 3645 seliensem
318 3582 505 3655 ecclesiam,
521 3583 576 3644 cui
590 3585 659 3645 Deo
673 3585 809 3644 auclore
824 3597 914 3661 prae-
969 3575 1033 3637 lem
1047 3574 1157 3652 presb.
1174 3575 1264 3637 card.

115 3694 194 3742 esse
214 3679 433 3756 amnosceris,
450 3679 491 3741 ad
507 3679 679 3758 exemplar
690 3679 916 3757 praedecesso-
1008 3675 1076 3750 ligo
1091 3671 1448 3750 Stephanus,basilicae
1459 3673 1765 3751 xllnpostolorum

114 3777 535 3840 mmuosirorumsanciae
548 3776 915 3839 recordationisndria·
969 3769 1078 3848 presb.
1095 3770 1186 3831 card.
1247 3781 1260 3812 ⁸

113 3875 153 3936 ni
172 3875 401 3937 etAiexandri
418 3890 577 3952 paparum
590 3872 652 3937 sub
673 3873 762 3935 beati
778 3875 867 3936 Petri
882 3874 916 3935 et
1010 3869 1078 3945 Ego
1095 3866 1249 3940 Thomas,
1269 3866 1321 3930 tit.
1345 3867 1477 3931 Sanctae
1498 3865 1631 3928 Sabinae
1651 3866 1761 3945 presb.

113 3972 233 4035 nostra
248 3972 455 4049 protectione
468 3972 678 4050 suscipimus,
691 3971 725 4033 et
739 3972 914 4049 praesentis
970 3964 1060 4027 card.

113 4069 236 4147 scripti
248 4069 425 4149 privilegio
441 4069 702 4143 communimus3
718 4069 912 4142 statuentes,
1008 4062 1077 4138 Ego
1103 4060 1319 4136 Octavianus,
1348 4061 1407 4125 SS·
1440 4060 1549 4139 Sdrssli
1577 4061 1611 4124 θῑ
1639 4060 1763 4124 13³0th

113 4168 154 4228 ni
180 4181 409 4245 quascumque
432 4167 671 4245 possessiones,
699 4182 914 4243 quaecumque
968 4158 1158 4221 dinc-card·

111 4262 207 4325 bona
226 4263 341 4326 eadem
355 4263 496 4326 ecelesia
511 4263 546 4324 in
562 4262 914 4341 praesentiarumjuste
1012 4258 1078 4333 Ego
1099 4256 1299 4335 Raynerius,
1325 4256 1456 4319 Sanctae
1478 4255 1594 4317 Mariae
1617 4255 1654 4317 in
1677 4256 1763 4319 Cos·

110 4362 148 4424 et
167 4361 331 4423 canonice
353 4361 584 4438 possidebant
604 4361 638 4421 in
658 4359 816 4432 futurum,
834 4376 916 4423 cou-
970 4353 1080 4416 medin
1095 4353 1180 4415 diac.
1193 4353 1283 4414 card.

112 4458 271 4521 cassiam
295 4459 496 4534 pornidcum,
513 4458 693 4534 largitione
716 4472 844 4533 regum,
860 4457 914 4519 vel
1009 4449 1284 4527 Egestephanus,
1296 4447 1409 4511 Sancti
1422 4447 1562 4511 Adriani
1571 4448 1656 4512 diac.
1671 4447 1762 4510 card.

109 4554 318 4632 principum,
333 4553 501 4616 oblatione
513 4552 673 4626 fidelium,
686 4569 746 4614 seu
760 4553 837 4615 aliis
845 4555 916 4631 jus·
1009 4545 1251 4625 uqoAEgidius,
1262 4548 1320 4609 SS.
1329 4547 1497 4609 Cosmaeet
1506 4545 1661 4608 Damianl
1675 4544 1761 4607 diac.

108 4653 159 4715 tis
183 4651 303 4722 modis,
321 4652 500 4727 prestante
521 4651 673 4722 Domino,
695 4651 816 4727 poterit
837 4650 914 4713 adl-
971 4644 1062 4708 card.

110 4748 213 4827 pisci,
238 4748 335 4809 firma
358 4747 431 4820 tibi,
452 4748 585 4827 tuisque
606 4746 865 4820 successoribus
882 4748 916 4809 et
1009 4744 1079 4819 Ego
1093 4741 1223 4814 Petms,
1237 4743 1271 4805 S.
1285 4740 1419 4819 Georgii
1434 4740 1475 4803 ad
1488 4740 1606 4804 velum
1616 4741 1764 4802 Aureum

110 4845 247 4908 illibata
257 4847 537 4923 permaneant.ln
550 4844 669 4923 quibus
684 4844 756 4906 llaec
771 4844 915 4922 propriis
969 4839 1056 4901 diac.
1074 4828 1165 4903 card.

110 4942 276 5005 duximus
297 4942 516 5020 exprimenda
535 4941 718 5004 vocabulis.
741 4942 914 5005 Monaste-
1010 4938 1129 5000 Datum
1157 4934 1335 5014 Anagnia,
1366 4948 1425 5012 per
1456 4948 1576 4997 manns
1603 4932 1765 4997 Willelmi

109 5040 204 5101 mum
225 5039 344 5102 Sancti
358 5039 547 5116 triphonis,
559 5038 797 5102 monasterium
811 5040 917 5100 Sano-
971 5036 1005 5097 S.
1017 5036 1057 5097 R.
1069 5036 1105 5095 ll.
1118 5032 1399 5106 vicecancellarii,
1408 5033 1453 5099 Vl
1463 5032 1624 5095 kalendas
1635 5031 1762 5111 aprilis,

109 5137 160 5199 tce
178 5135 370 5208 Tmnimtis,
386 5138 420 5198 et
437 5136 677 5198 monasterium
699 5137 828 5197 Sanctae
843 5136 918 5196 lta-
971 5132 1153 5197 indictione
1166 5132 1207 5204 ΙΙ,
1222 5130 1466 5193 incarnationis
1480 5130 1662 5193 Dominicae
1676 5143 1765 5191 anno

107 5234 177 5296 risa
199 5234 243 5296 de
264 5232 480 5309 castiglione.
502 5234 639 5296 omnem
653 5246 734 5295 sero
757 5230 917 5294 ambitum
972 5230 1067 5302 1222,
1103 5227 1313 5306 pontificatus
1347 5242 1428 5291 vero
1468 5227 1592 5290 domini
1625 5224 1766 5290 Honoril

108 5330 334 5394 navariensis
355 5329 533 5407 parochiae,
557 5329 645 5393 sicut
658 5345 677 5391 a
691 5328 919 5408 praedecesso·
972 5328 1072 5405 Papae
1086 5327 1143 5400 ΙΙΙ,
1157 5340 1246 5390 anno
1260 5326 1367 5391 sexto.
