<?xml version="1.0" encoding="UTF-8"?>
<!DOCTYPE html PUBLIC "-//W3C//DTD XHTML 1.0 Transitional//EN"
    "http://www.w3.org/TR/xhtml1/DTD/xhtml1-transitional.dtd">
<html xmlns="http://www.w3.org/1999/xhtml" xml:lang="en" lang="en">
 <head>
  <title>
</title>
<meta http-equiv="Content-Type" content="text/html;charset=utf-8" />
  <meta name='ocr-system' content='tesseract 3.04.00' />
  <meta name='ocr-capabilities' content='ocr_page ocr_carea ocr_par ocr_line ocrx_word'/>
</head>
<body>
  <div class='ocr_page' id='page_1' title='image "./mediiaevibiblio04bottgoog_0445.png"; bbox 0 0 3972 6204; ppageno 0'>
   <div class='ocr_carea' id='block_1_1' title="bbox 165 224 1816 306">
    <p class='ocr_par' dir='ltr' id='par_1_1' title="bbox 165 224 1816 306">
     <span class='ocr_line' id='line_1_1' title="bbox 165 224 1816 306; baseline 0.004 -11"><span class='ocrx_word' id='word_1_1' title='bbox 165 235 225 298; x_wconf 70' lang='lat' dir='ltr'>aaa</span> <span class='ocrx_word' id='word_1_2' title='bbox 783 224 960 305; x_wconf 78' lang='lat' dir='ltr'>aenean</span> <span class='ocrx_word' id='word_1_3' title='bbox 982 245 1026 305; x_wconf 88' lang='lat'>111</span> <span class='ocrx_word' id='word_1_4' title='bbox 1048 245 1197 306; x_wconf 77' lang='lat' dir='ltr'>orani.</span> <span class='ocrx_word' id='word_1_5' title='bbox 1752 245 1816 305; x_wconf 75' lang='lat' dir='ltr'>sie</span> 
     </span>
    </p>
   </div>
   <div class='ocr_carea' id='block_1_2' title="bbox 163 397 1840 4096">
    <p class='ocr_par' dir='ltr' id='par_1_2' title="bbox 163 397 1840 4096">
     <span class='ocr_line' id='line_1_2' title="bbox 166 397 1816 479; baseline 0.004 -23"><span class='ocrx_word' id='word_1_6' title='bbox 166 398 322 468; x_wconf 90' lang='lat' dir='ltr'>cessu,et</span> <span class='ocrx_word' id='word_1_7' title='bbox 338 397 572 474; x_wconf 87' lang='lat' dir='ltr'>jurisdictione</span> <span class='ocrx_word' id='word_1_8' title='bbox 596 401 763 463; x_wconf 87' lang='lat' dir='ltr'>constaret</span> <span class='ocrx_word' id='word_1_9' title='bbox 787 417 846 477; x_wconf 92' lang='lat' dir='ltr'>per</span> <span class='ocrx_word' id='word_1_10' title='bbox 869 402 961 479; x_wconf 89' lang='lat' dir='ltr'>ipso·</span> <span class='ocrx_word' id='word_1_11' title='bbox 1016 402 1228 478; x_wconf 89' lang='lat' dir='ltr'>pertinentiis</span> <span class='ocrx_word' id='word_1_12' title='bbox 1262 402 1414 469; x_wconf 78' lang='lat' dir='ltr'>uertitur,</span> <span class='ocrx_word' id='word_1_13' title='bbox 1453 401 1639 464; x_wconf 78' lang='lat' dir='ltr'>auditorem</span> <span class='ocrx_word' id='word_1_14' title='bbox 1667 402 1816 465; x_wconf 88' lang='lat' dir='ltr'>dedisset</span> 
     </span>
     <span class='ocr_line' id='line_1_3' title="bbox 168 494 1816 575; baseline 0.005 -23"><span class='ocrx_word' id='word_1_15' title='bbox 168 494 959 575; x_wconf 83' lang='lat' dir='ltr'>rumlitteras,etconlessionempresbytororum</span> <span class='ocrx_word' id='word_1_16' title='bbox 1014 499 1110 561; x_wconf 90' lang='lat' dir='ltr'>bonae</span> <span class='ocrx_word' id='word_1_17' title='bbox 1153 499 1322 560; x_wconf 75' lang='lat' dir='ltr'>memoriae</span> <span class='ocrx_word' id='word_1_18' title='bbox 1358 500 1392 557; x_wconf 91' lang='lat' dir='ltr'>C.</span> <span class='ocrx_word' id='word_1_19' title='bbox 1433 497 1521 559; x_wconf 87' lang='lat' dir='ltr'>tituli</span> <span class='ocrx_word' id='word_1_20' title='bbox 1560 500 1593 559; x_wconf 92' lang='lat' dir='ltr'>S.</span> <span class='ocrx_word' id='word_1_21' title='bbox 1638 499 1816 560; x_wconf 88' lang='lat' dir='ltr'>Laurentii</span> 
     </span>
     <span class='ocr_line' id='line_1_4' title="bbox 167 583 1816 672; baseline 0.004 -23"><span class='ocrx_word' id='word_1_22' title='bbox 167 592 282 651; x_wconf 87' lang='lat' dir='ltr'>contra</span> <span class='ocrx_word' id='word_1_23' title='bbox 311 608 393 667; x_wconf 88' lang='lat' dir='ltr'>quos</span> <span class='ocrx_word' id='word_1_24' title='bbox 421 591 588 654; x_wconf 79' lang='lat' dir='ltr'>abbatissa</span> <span class='ocrx_word' id='word_1_25' title='bbox 612 611 712 670; x_wconf 88' lang='lat' dir='ltr'>super</span> <span class='ocrx_word' id='word_1_26' title='bbox 737 595 960 672; x_wconf 77' lang='lat' dir='ltr'>appellatione</span> <span class='ocrx_word' id='word_1_27' title='bbox 1016 598 1048 656; x_wconf 91' lang='lat' dir='ltr'>in</span> <span class='ocrx_word' id='word_1_28' title='bbox 1074 597 1200 657; x_wconf 85' lang='lat' dir='ltr'>Lacino</span> <span class='ocrx_word' id='word_1_29' title='bbox 1235 583 1463 672; x_wconf 83' lang='lat' dir='ltr'>presbyterum</span> <span class='ocrx_word' id='word_1_30' title='bbox 1491 596 1708 667; x_wconf 83' lang='lat' dir='ltr'>cardinalem,</span> <span class='ocrx_word' id='word_1_31' title='bbox 1736 596 1816 656; x_wconf 91' lang='lat' dir='ltr'>nul-</span> 
     </span>
     <span class='ocr_line' id='line_1_5' title="bbox 168 689 1814 770; baseline 0.005 -25"><span class='ocrx_word' id='word_1_32' title='bbox 168 703 226 746; x_wconf 87' lang='lat' dir='ltr'>sna</span> <span class='ocrx_word' id='word_1_33' title='bbox 247 704 358 748; x_wconf 90' lang='lat' dir='ltr'>coram</span> <span class='ocrx_word' id='word_1_34' title='bbox 381 689 550 765; x_wconf 89' lang='lat' dir='ltr'>judicibus</span> <span class='ocrx_word' id='word_1_35' title='bbox 577 691 724 767; x_wconf 84' lang='lat' dir='ltr'>praelatis</span> <span class='ocrx_word' id='word_1_36' title='bbox 748 692 878 767; x_wconf 76' lang='lat' dir='ltr'>agebat,</span> <span class='ocrx_word' id='word_1_37' title='bbox 895 692 959 768; x_wconf 91' lang='lat' dir='ltr'>ipsi</span> <span class='ocrx_word' id='word_1_38' title='bbox 1015 694 1131 770; x_wconf 89' lang='lat' dir='ltr'>lusque</span> <span class='ocrx_word' id='word_1_39' title='bbox 1168 708 1280 754; x_wconf 89' lang='lat' dir='ltr'>coram</span> <span class='ocrx_word' id='word_1_40' title='bbox 1316 693 1388 767; x_wconf 90' lang='lat' dir='ltr'>ipso</span> <span class='ocrx_word' id='word_1_41' title='bbox 1421 695 1597 768; x_wconf 81' lang='lat' dir='ltr'>appareret</span> <span class='ocrx_word' id='word_1_42' title='bbox 1635 709 1695 769; x_wconf 91' lang='lat' dir='ltr'>pro</span> <span class='ocrx_word' id='word_1_43' title='bbox 1725 693 1814 754; x_wconf 89' lang='lat' dir='ltr'>dicto</span> 
     </span>
     <span class='ocr_line' id='line_1_6' title="bbox 163 785 1815 866; baseline 0.004 -23"><span class='ocrx_word' id='word_1_44' title='bbox 163 785 294 859; x_wconf 85' lang='lat' dir='ltr'>judices</span> <span class='ocrx_word' id='word_1_45' title='bbox 309 787 450 860; x_wconf 83' lang='lat' dir='ltr'>cognitis</span> <span class='ocrx_word' id='word_1_46' title='bbox 465 803 575 848; x_wconf 66' lang='lat' dir='ltr'>causae</span> <span class='ocrx_word' id='word_1_47' title='bbox 597 789 785 859; x_wconf 89' lang='lat' dir='ltr'>meritis,el</span> <span class='ocrx_word' id='word_1_48' title='bbox 812 790 960 866; x_wconf 88' lang='lat' dir='ltr'>ejusdcm</span> <span class='ocrx_word' id='word_1_49' title='bbox 1015 791 1216 850; x_wconf 86' lang='lat' dir='ltr'>monasterio</span> <span class='ocrx_word' id='word_1_50' title='bbox 1262 790 1468 865; x_wconf 88' lang='lat' dir='ltr'>procurator,</span> <span class='ocrx_word' id='word_1_51' title='bbox 1511 790 1672 864; x_wconf 80' lang='lat' dir='ltr'>magister</span> <span class='ocrx_word' id='word_1_52' title='bbox 1711 791 1815 851; x_wconf 92' lang='lat' dir='ltr'>Boui-</span> 
     </span>
     <span class='ocr_line' id='line_1_7' title="bbox 168 881 1813 961; baseline 0.003 -20"><span class='ocrx_word' id='word_1_53' title='bbox 168 881 411 959; x_wconf 88' lang='lat' dir='ltr'>archiepiscopi</span> <span class='ocrx_word' id='word_1_54' title='bbox 423 900 523 960; x_wconf 89' lang='lat' dir='ltr'>quum</span> <span class='ocrx_word' id='word_1_55' title='bbox 534 902 594 946; x_wconf 90' lang='lat' dir='ltr'>sua</span> <span class='ocrx_word' id='word_1_56' title='bbox 606 902 672 947; x_wconf 89' lang='lat' dir='ltr'>non</span> <span class='ocrx_word' id='word_1_57' title='bbox 684 887 859 947; x_wconf 90' lang='lat' dir='ltr'>interesset</span> <span class='ocrx_word' id='word_1_58' title='bbox 874 888 961 947; x_wconf 80' lang='lat' dir='ltr'>euci-</span> <span class='ocrx_word' id='word_1_59' title='bbox 1015 887 1132 958; x_wconf 79' lang='lat' dir='ltr'>farine,</span> <span class='ocrx_word' id='word_1_60' title='bbox 1157 887 1190 948; x_wconf 88' lang='lat' dir='ltr'>et</span> <span class='ocrx_word' id='word_1_61' title='bbox 1208 889 1232 945; x_wconf 95' lang='lat' dir='ltr'>l.</span> <span class='ocrx_word' id='word_1_62' title='bbox 1249 887 1282 948; x_wconf 92' lang='lat' dir='ltr'>et</span> <span class='ocrx_word' id='word_1_63' title='bbox 1307 888 1342 946; x_wconf 92' lang='lat'>0.</span> <span class='ocrx_word' id='word_1_64' title='bbox 1361 885 1592 961; x_wconf 89' lang='lat' dir='ltr'>procuratores</span> <span class='ocrx_word' id='word_1_65' title='bbox 1617 884 1713 946; x_wconf 82' lang='lat' dir='ltr'>bonae</span> <span class='ocrx_word' id='word_1_66' title='bbox 1736 902 1813 947; x_wconf 91' lang='lat' dir='ltr'>me-</span> 
     </span>
     <span class='ocr_line' id='line_1_8' title="bbox 168 981 1840 1061; baseline 0.003 -23"><span class='ocrx_word' id='word_1_67' title='bbox 168 994 257 1055; x_wconf 87' lang='lat' dir='ltr'>pere‚</span> <span class='ocrx_word' id='word_1_68' title='bbox 272 981 467 1057; x_wconf 84' lang='lat' dir='ltr'>exceptione</span> <span class='ocrx_word' id='word_1_69' title='bbox 480 983 624 1058; x_wconf 89' lang='lat' dir='ltr'>repulsa,</span> <span class='ocrx_word' id='word_1_70' title='bbox 640 985 821 1045; x_wconf 87' lang='lat' dir='ltr'>sententias</span> <span class='ocrx_word' id='word_1_71' title='bbox 837 987 909 1061; x_wconf 90' lang='lat' dir='ltr'>ejus</span> <span class='ocrx_word' id='word_1_72' title='bbox 925 985 959 1044; x_wconf 91' lang='lat' dir='ltr'>in</span> <span class='ocrx_word' id='word_1_73' title='bbox 1015 985 1130 1044; x_wconf 73' lang='lat' dir='ltr'>moriae</span> <span class='ocrx_word' id='word_1_74' title='bbox 1144 982 1511 1059; x_wconf 88' lang='lat' dir='ltr'>Quinqueecolesiensis</span> <span class='ocrx_word' id='word_1_75' title='bbox 1526 983 1685 1059; x_wconf 85' lang='lat' dir='ltr'>episcopi,</span> <span class='ocrx_word' id='word_1_76' title='bbox 1701 998 1738 1043; x_wconf 90' lang='lat' dir='ltr'>se</span> <span class='ocrx_word' id='word_1_77' title='bbox 1753 999 1815 1058; x_wconf 91' lang='lat' dir='ltr'>pro</span> <span class='ocrx_word' id='word_1_78' title='bbox 1832 987 1840 1002; x_wconf 90' lang='lat'><em>&#39;</em></span> 
     </span>
     <span class='ocr_line' id='line_1_9' title="bbox 167 1076 1814 1157; baseline 0.002 -21"><span class='ocrx_word' id='word_1_79' title='bbox 167 1076 379 1149; x_wconf 84' lang='lat' dir='ltr'>abbatissam,</span> <span class='ocrx_word' id='word_1_80' title='bbox 401 1081 434 1140; x_wconf 91' lang='lat' dir='ltr'>et</span> <span class='ocrx_word' id='word_1_81' title='bbox 458 1078 491 1139; x_wconf 89' lang='lat' dir='ltr'>iu</span> <span class='ocrx_word' id='word_1_82' title='bbox 512 1081 672 1142; x_wconf 88' lang='lat' dir='ltr'>molentes</span> <span class='ocrx_word' id='word_1_83' title='bbox 700 1081 736 1141; x_wconf 93' lang='lat' dir='ltr'>in</span> <span class='ocrx_word' id='word_1_84' title='bbox 762 1080 960 1142; x_wconf 84' lang='lat' dir='ltr'>molendinis</span> <span class='ocrx_word' id='word_1_85' title='bbox 1011 1083 1080 1157; x_wconf 89' lang='lat' dir='ltr'>jam</span> <span class='ocrx_word' id='word_1_86' title='bbox 1102 1081 1198 1142; x_wconf 91' lang='lat' dir='ltr'>dictis</span> <span class='ocrx_word' id='word_1_87' title='bbox 1221 1080 1340 1141; x_wconf 86' lang='lat' dir='ltr'>abbate</span> <span class='ocrx_word' id='word_1_88' title='bbox 1355 1083 1388 1141; x_wconf 91' lang='lat' dir='ltr'>et</span> <span class='ocrx_word' id='word_1_89' title='bbox 1402 1079 1575 1140; x_wconf 89' lang='lat' dir='ltr'>monachis</span> <span class='ocrx_word' id='word_1_90' title='bbox 1594 1082 1814 1156; x_wconf 86' lang='lat' dir='ltr'>opponentes,</span> 
     </span>
     <span class='ocr_line' id='line_1_10' title="bbox 168 1174 1817 1254; baseline 0.003 -22"><span class='ocrx_word' id='word_1_91' title='bbox 168 1174 239 1233; x_wconf 87' lang='lat' dir='ltr'>suis</span> <span class='ocrx_word' id='word_1_92' title='bbox 254 1176 411 1251; x_wconf 86' lang='lat' dir='ltr'>tanquam</span> <span class='ocrx_word' id='word_1_93' title='bbox 424 1193 443 1236; x_wconf 92' lang='lat' dir='ltr'>a</span> <span class='ocrx_word' id='word_1_94' title='bbox 454 1192 519 1237; x_wconf 90' lang='lat' dir='ltr'>non</span> <span class='ocrx_word' id='word_1_95' title='bbox 534 1194 594 1237; x_wconf 89' lang='lat' dir='ltr'>suo</span> <span class='ocrx_word' id='word_1_96' title='bbox 603 1177 716 1254; x_wconf 92' lang='lat' dir='ltr'>judice</span> <span class='ocrx_word' id='word_1_97' title='bbox 729 1178 957 1254; x_wconf 81' lang='lat' dir='ltr'>promulgatis,</span> <span class='ocrx_word' id='word_1_98' title='bbox 1015 1180 1230 1239; x_wconf 89' lang='lat' dir='ltr'>asseruerunt</span> <span class='ocrx_word' id='word_1_99' title='bbox 1244 1178 1367 1238; x_wconf 92' lang='lat' dir='ltr'>dictum</span> <span class='ocrx_word' id='word_1_100' title='bbox 1381 1177 1618 1238; x_wconf 89' lang='lat' dir='ltr'>monasterium</span> <span class='ocrx_word' id='word_1_101' title='bbox 1634 1176 1741 1237; x_wconf 86' lang='lat' dir='ltr'>luisse</span> <span class='ocrx_word' id='word_1_102' title='bbox 1754 1192 1817 1254; x_wconf 90' lang='lat' dir='ltr'>per</span> 
     </span>
     <span class='ocr_line' id='line_1_11' title="bbox 164 1270 1818 1352; baseline 0.003 -22"><span class='ocrx_word' id='word_1_103' title='bbox 164 1270 279 1332; x_wconf 90' lang='lat' dir='ltr'>irritas</span> <span class='ocrx_word' id='word_1_104' title='bbox 292 1273 497 1341; x_wconf 87' lang='lat' dir='ltr'>nuntiarunt,</span> <span class='ocrx_word' id='word_1_105' title='bbox 514 1290 653 1350; x_wconf 89' lang='lat' dir='ltr'>quorum</span> <span class='ocrx_word' id='word_1_106' title='bbox 667 1274 857 1336; x_wconf 79' lang='lat' dir='ltr'>confirmari</span> <span class='ocrx_word' id='word_1_107' title='bbox 877 1292 959 1352; x_wconf 93' lang='lat' dir='ltr'>pro·</span> <span class='ocrx_word' id='word_1_108' title='bbox 1015 1276 1104 1350; x_wconf 88' lang='lat' dir='ltr'>ipsos</span> <span class='ocrx_word' id='word_1_109' title='bbox 1131 1274 1365 1351; x_wconf 82' lang='lat' dir='ltr'>hospitalarios</span> <span class='ocrx_word' id='word_1_110' title='bbox 1390 1274 1587 1350; x_wconf 67' lang='lat' dir='ltr'>spoliatum</span> <span class='ocrx_word' id='word_1_111' title='bbox 1610 1290 1651 1335; x_wconf 92' lang='lat' dir='ltr'>ac</span> <span class='ocrx_word' id='word_1_112' title='bbox 1679 1274 1818 1335; x_wconf 87' lang='lat' dir='ltr'>tandem</span> 
     </span>
     <span class='ocr_line' id='line_1_12' title="bbox 167 1369 1818 1448; baseline 0.002 -19"><span class='ocrx_word' id='word_1_113' title='bbox 167 1369 715 1447; x_wconf 87' lang='lat' dir='ltr'>cessumidempetiitprocurator,</span> <span class='ocrx_word' id='word_1_114' title='bbox 733 1372 960 1434; x_wconf 86' lang='lat' dir='ltr'>nonobstante</span> <span class='ocrx_word' id='word_1_115' title='bbox 1015 1372 1079 1447; x_wconf 90' lang='lat' dir='ltr'>ipsi</span> <span class='ocrx_word' id='word_1_116' title='bbox 1107 1372 1353 1448; x_wconf 89' lang='lat' dir='ltr'>procuratores,</span> <span class='ocrx_word' id='word_1_117' title='bbox 1389 1386 1556 1432; x_wconf 86' lang='lat' dir='ltr'>unacum</span> <span class='ocrx_word' id='word_1_118' title='bbox 1595 1373 1818 1447; x_wconf 82' lang='lat' dir='ltr'>procuratore</span> 
     </span>
     <span class='ocr_line' id='line_1_13' title="bbox 168 1466 1816 1546; baseline 0.001 -20"><span class='ocrx_word' id='word_1_119' title='bbox 168 1466 390 1542; x_wconf 88' lang='lat' dir='ltr'>appellatione</span> <span class='ocrx_word' id='word_1_120' title='bbox 410 1467 665 1545; x_wconf 88' lang='lat' dir='ltr'>archiepiscopi,</span> <span class='ocrx_word' id='word_1_121' title='bbox 683 1470 905 1545; x_wconf 90' lang='lat' dir='ltr'>quammultis</span> <span class='ocrx_word' id='word_1_122' title='bbox 919 1470 960 1530; x_wconf 92' lang='lat' dir='ltr'>de</span> <span class='ocrx_word' id='word_1_123' title='bbox 1014 1469 1189 1545; x_wconf 90' lang='lat' dir='ltr'>hospitalis</span> <span class='ocrx_word' id='word_1_124' title='bbox 1207 1472 1277 1546; x_wconf 86' lang='lat' dir='ltr'>jam</span> <span class='ocrx_word' id='word_1_125' title='bbox 1302 1467 1392 1540; x_wconf 90' lang='lat' dir='ltr'>dicti,</span> <span class='ocrx_word' id='word_1_126' title='bbox 1410 1470 1446 1529; x_wconf 91' lang='lat' dir='ltr'>ut</span> <span class='ocrx_word' id='word_1_127' title='bbox 1467 1470 1534 1529; x_wconf 88' lang='lat' dir='ltr'>tam</span> <span class='ocrx_word' id='word_1_128' title='bbox 1554 1484 1657 1544; x_wconf 90' lang='lat' dir='ltr'>super</span> <span class='ocrx_word' id='word_1_129' title='bbox 1680 1467 1816 1544; x_wconf 89' lang='lat' dir='ltr'>princi-</span> 
     </span>
     <span class='ocr_line' id='line_1_14' title="bbox 168 1563 1814 1643; baseline 0.001 -20"><span class='ocrx_word' id='word_1_130' title='bbox 168 1563 512 1639; x_wconf 68' lang='lat' dir='ltr'>causisillegitimam</span> <span class='ocrx_word' id='word_1_131' title='bbox 536 1566 718 1635; x_wconf 87' lang='lat' dir='ltr'>asserebat,</span> <span class='ocrx_word' id='word_1_132' title='bbox 739 1571 773 1627; x_wconf 87' lang='lat' dir='ltr'>et</span> <span class='ocrx_word' id='word_1_133' title='bbox 793 1568 820 1625; x_wconf 89' lang='lat' dir='ltr'>si</span> <span class='ocrx_word' id='word_1_134' title='bbox 846 1567 960 1627; x_wconf 89' lang='lat' dir='ltr'>eadem</span> <span class='ocrx_word' id='word_1_135' title='bbox 1015 1566 1094 1641; x_wconf 90' lang='lat' dir='ltr'>pali,</span> <span class='ocrx_word' id='word_1_136' title='bbox 1103 1582 1200 1643; x_wconf 88' lang='lat' dir='ltr'>quam</span> <span class='ocrx_word' id='word_1_137' title='bbox 1211 1565 1486 1643; x_wconf 77' lang='lat' dir='ltr'>superexpensis</span> <span class='ocrx_word' id='word_1_138' title='bbox 1497 1564 1593 1626; x_wconf 86' lang='lat' dir='ltr'>bonae</span> <span class='ocrx_word' id='word_1_139' title='bbox 1603 1565 1814 1626; x_wconf 86' lang='lat' dir='ltr'>memoriae...</span> 
     </span>
     <span class='ocr_line' id='line_1_15' title="bbox 168 1661 1817 1742; baseline 0.001 -22"><span class='ocrx_word' id='word_1_140' title='bbox 168 1661 346 1736; x_wconf 87' lang='lat' dir='ltr'>appellatio</span> <span class='ocrx_word' id='word_1_141' title='bbox 377 1662 523 1739; x_wconf 89' lang='lat' dir='ltr'>aliquam</span> <span class='ocrx_word' id='word_1_142' title='bbox 553 1663 637 1724; x_wconf 86' lang='lat' dir='ltr'>sorte</span> <span class='ocrx_word' id='word_1_143' title='bbox 664 1661 727 1723; x_wconf 88' lang='lat' dir='ltr'>luit</span> <span class='ocrx_word' id='word_1_144' title='bbox 748 1662 878 1724; x_wconf 89' lang='lat' dir='ltr'>dicebat</span> <span class='ocrx_word' id='word_1_145' title='bbox 903 1662 959 1742; x_wconf 79' lang='lat'>(1)</span> <span class='ocrx_word' id='word_1_146' title='bbox 1016 1663 1238 1739; x_wconf 77' lang='lat' dir='ltr'>strigoniensi</span> <span class='ocrx_word' id='word_1_147' title='bbox 1262 1663 1515 1740; x_wconf 89' lang='lat' dir='ltr'>archiepiscopo</span> <span class='ocrx_word' id='word_1_148' title='bbox 1536 1664 1569 1723; x_wconf 93' lang='lat' dir='ltr'>et</span> <span class='ocrx_word' id='word_1_149' title='bbox 1590 1664 1628 1721; x_wconf 87' lang='lat' dir='ltr'>A.</span> <span class='ocrx_word' id='word_1_150' title='bbox 1647 1661 1817 1738; x_wconf 74' lang='lat' dir='ltr'>Ultrasyl-</span> 
     </span>
     <span class='ocr_line' id='line_1_16' title="bbox 168 1757 1817 1837; baseline 0.004 -24"><span class='ocrx_word' id='word_1_151' title='bbox 168 1758 294 1832; x_wconf 89' lang='lat' dir='ltr'>partem</span> <span class='ocrx_word' id='word_1_152' title='bbox 311 1757 487 1819; x_wconf 85' lang='lat' dir='ltr'>abbatissae</span> <span class='ocrx_word' id='word_1_153' title='bbox 500 1774 601 1835; x_wconf 87' lang='lat' dir='ltr'>super</span> <span class='ocrx_word' id='word_1_154' title='bbox 612 1775 779 1837; x_wconf 89' lang='lat' dir='ltr'>processu,</span> <span class='ocrx_word' id='word_1_155' title='bbox 791 1760 842 1821; x_wconf 84' lang='lat' dir='ltr'>rel</span> <span class='ocrx_word' id='word_1_156' title='bbox 854 1760 962 1836; x_wconf 89' lang='lat' dir='ltr'>juris·</span> <span class='ocrx_word' id='word_1_157' title='bbox 1015 1776 1112 1831; x_wconf 89' lang='lat' dir='ltr'>vano,</span> <span class='ocrx_word' id='word_1_158' title='bbox 1134 1776 1173 1821; x_wconf 88' lang='lat' dir='ltr'>ao</span> <span class='ocrx_word' id='word_1_159' title='bbox 1199 1762 1234 1821; x_wconf 86' lang='lat' dir='ltr'>P.</span> <span class='ocrx_word' id='word_1_160' title='bbox 1252 1759 1429 1821; x_wconf 82' lang='lat' dir='ltr'>orodiensi</span> <span class='ocrx_word' id='word_1_161' title='bbox 1442 1759 1643 1837; x_wconf 77' lang='lat' dir='ltr'>praepositis</span> <span class='ocrx_word' id='word_1_162' title='bbox 1659 1759 1817 1820; x_wconf 89' lang='lat' dir='ltr'>commit-</span> 
     </span>
     <span class='ocr_line' id='line_1_17' title="bbox 168 1853 1815 1934; baseline 0.004 -23"><span class='ocrx_word' id='word_1_163' title='bbox 168 1853 313 1914; x_wconf 90' lang='lat' dir='ltr'>dictione</span> <span class='ocrx_word' id='word_1_164' title='bbox 336 1854 596 1915; x_wconf 76' lang='lat' dir='ltr'>cathalaunensi</span> <span class='ocrx_word' id='word_1_165' title='bbox 618 1855 768 1931; x_wconf 88' lang='lat' dir='ltr'>judicum</span> <span class='ocrx_word' id='word_1_166' title='bbox 788 1856 960 1932; x_wconf 89' lang='lat' dir='ltr'>probatio·</span> <span class='ocrx_word' id='word_1_167' title='bbox 1015 1860 1141 1919; x_wconf 90' lang='lat' dir='ltr'>teretur</span> <span class='ocrx_word' id='word_1_168' title='bbox 1173 1872 1273 1918; x_wconf 87' lang='lat' dir='ltr'>causa</span> <span class='ocrx_word' id='word_1_169' title='bbox 1308 1856 1509 1934; x_wconf 87' lang='lat' dir='ltr'>hujusmodi,</span> <span class='ocrx_word' id='word_1_170' title='bbox 1546 1872 1645 1933; x_wconf 86' lang='lat' dir='ltr'>poena</span> <span class='ocrx_word' id='word_1_171' title='bbox 1678 1858 1815 1918; x_wconf 91' lang='lat' dir='ltr'>centum</span> 
     </span>
     <span class='ocr_line' id='line_1_18' title="bbox 168 1952 1817 2031; baseline 0.003 -22"><span class='ocrx_word' id='word_1_172' title='bbox 168 1966 242 2009; x_wconf 91' lang='lat' dir='ltr'>nem</span> <span class='ocrx_word' id='word_1_173' title='bbox 259 1952 483 2012; x_wconf 89' lang='lat' dir='ltr'>necessariam</span> <span class='ocrx_word' id='word_1_174' title='bbox 507 1952 692 2012; x_wconf 86' lang='lat' dir='ltr'>obmisisse.</span> <span class='ocrx_word' id='word_1_175' title='bbox 722 1952 814 2013; x_wconf 90' lang='lat' dir='ltr'>Unde</span> <span class='ocrx_word' id='word_1_176' title='bbox 832 1969 906 2014; x_wconf 88' lang='lat' dir='ltr'>cum</span> <span class='ocrx_word' id='word_1_177' title='bbox 919 1969 962 2015; x_wconf 78' lang='lat' dir='ltr'>ex</span> <span class='ocrx_word' id='word_1_178' title='bbox 1016 1969 1202 2015; x_wconf 89' lang='lat' dir='ltr'>marcarum</span> <span class='ocrx_word' id='word_1_179' title='bbox 1218 1955 1372 2031; x_wconf 90' lang='lat' dir='ltr'>utrinque</span> <span class='ocrx_word' id='word_1_180' title='bbox 1387 1952 1527 2031; x_wconf 89' lang='lat' dir='ltr'>adjecta,</span> <span class='ocrx_word' id='word_1_181' title='bbox 1536 1954 1579 2021; x_wconf 78' lang='lat' dir='ltr'>,in</span> <span class='ocrx_word' id='word_1_182' title='bbox 1605 1953 1714 2030; x_wconf 89' lang='lat' dir='ltr'>ipsius</span> <span class='ocrx_word' id='word_1_183' title='bbox 1737 1969 1817 2014; x_wconf 89' lang='lat' dir='ltr'>car-</span> 
     </span>
     <span class='ocr_line' id='line_1_19' title="bbox 169 2047 1816 2128; baseline 0.003 -21"><span class='ocrx_word' id='word_1_184' title='bbox 169 2048 231 2108; x_wconf 90' lang='lat' dir='ltr'>hoc</span> <span class='ocrx_word' id='word_1_185' title='bbox 246 2047 347 2110; x_wconf 85' lang='lat' dir='ltr'>suerit</span> <span class='ocrx_word' id='word_1_186' title='bbox 362 2050 598 2110; x_wconf 88' lang='lat' dir='ltr'>monasterium</span> <span class='ocrx_word' id='word_1_187' title='bbox 616 2050 838 2111; x_wconf 87' lang='lat' dir='ltr'>suumlaesum</span> <span class='ocrx_word' id='word_1_188' title='bbox 854 2051 894 2111; x_wconf 92' lang='lat' dir='ltr'>ad</span> <span class='ocrx_word' id='word_1_189' title='bbox 910 2053 963 2112; x_wconf 89' lang='lat' dir='ltr'>ta·</span> <span class='ocrx_word' id='word_1_190' title='bbox 1016 2052 1138 2112; x_wconf 91' lang='lat' dir='ltr'>dinalis</span> <span class='ocrx_word' id='word_1_191' title='bbox 1166 2053 1344 2128; x_wconf 90' lang='lat' dir='ltr'>praesentia</span> <span class='ocrx_word' id='word_1_192' title='bbox 1380 2052 1624 2124; x_wconf 75' lang='lat' dir='ltr'>convenerunt,</span> <span class='ocrx_word' id='word_1_193' title='bbox 1658 2050 1816 2127; x_wconf 85' lang='lat' dir='ltr'>idemque</span> 
     </span>
     <span class='ocr_line' id='line_1_20' title="bbox 169 2145 1815 2226; baseline 0.001 -21"><span class='ocrx_word' id='word_1_194' title='bbox 169 2145 233 2205; x_wconf 87' lang='lat' dir='ltr'>lem</span> <span class='ocrx_word' id='word_1_195' title='bbox 249 2146 477 2222; x_wconf 87' lang='lat' dir='ltr'>probationem</span> <span class='ocrx_word' id='word_1_196' title='bbox 493 2162 552 2223; x_wconf 92' lang='lat' dir='ltr'>per</span> <span class='ocrx_word' id='word_1_197' title='bbox 565 2146 763 2207; x_wconf 81' lang='lat' dir='ltr'>beneficium</span> <span class='ocrx_word' id='word_1_198' title='bbox 778 2149 962 2209; x_wconf 90' lang='lat' dir='ltr'>restitutio·</span> <span class='ocrx_word' id='word_1_199' title='bbox 1017 2150 1242 2226; x_wconf 77' lang='lat' dir='ltr'>praedecessor</span> <span class='ocrx_word' id='word_1_200' title='bbox 1255 2147 1546 2209; x_wconf 87' lang='lat' dir='ltr'>nostermandavit</span> <span class='ocrx_word' id='word_1_201' title='bbox 1560 2146 1815 2223; x_wconf 86' lang='lat' dir='ltr'>archiepiscopo</span> 
     </span>
     <span class='ocr_line' id='line_1_21' title="bbox 169 2242 1813 2323; baseline 0.002 -22"><span class='ocrx_word' id='word_1_202' title='bbox 169 2243 220 2302; x_wconf 87' lang='lat' dir='ltr'>nis</span> <span class='ocrx_word' id='word_1_203' title='bbox 243 2242 277 2302; x_wconf 88' lang='lat' dir='ltr'>in</span> <span class='ocrx_word' id='word_1_204' title='bbox 298 2244 462 2317; x_wconf 82' lang='lat' dir='ltr'>integrum</span> <span class='ocrx_word' id='word_1_205' title='bbox 485 2244 525 2304; x_wconf 89' lang='lat' dir='ltr'>ad</span> <span class='ocrx_word' id='word_1_206' title='bbox 553 2244 637 2321; x_wconf 89' lang='lat' dir='ltr'>quod</span> <span class='ocrx_word' id='word_1_207' title='bbox 658 2260 701 2306; x_wconf 80' lang='lat' dir='ltr'>ex</span> <span class='ocrx_word' id='word_1_208' title='bbox 724 2244 833 2306; x_wconf 88' lang='lat' dir='ltr'>oltlcio</span> <span class='ocrx_word' id='word_1_209' title='bbox 851 2247 961 2307; x_wconf 87' lang='lat' dir='ltr'>vestro</span> <span class='ocrx_word' id='word_1_210' title='bbox 1016 2250 1050 2308; x_wconf 90' lang='lat' dir='ltr'>et</span> <span class='ocrx_word' id='word_1_211' title='bbox 1064 2246 1249 2323; x_wconf 90' lang='lat' dir='ltr'>praepositis</span> <span class='ocrx_word' id='word_1_212' title='bbox 1271 2246 1461 2316; x_wconf 74' lang='lat' dir='ltr'>antedictis</span> <span class='ocrx_word' id='word_1_213' title='bbox 1484 2245 1519 2305; x_wconf 88' lang='lat' dir='ltr'>ut</span> <span class='ocrx_word' id='word_1_214' title='bbox 1538 2244 1637 2321; x_wconf 81' lang='lat' dir='ltr'>juxta</span> <span class='ocrx_word' id='word_1_215' title='bbox 1655 2244 1813 2311; x_wconf 78' lang='lat' dir='ltr'>formam,</span> 
     </span>
     <span class='ocr_line' id='line_1_22' title="bbox 168 2340 1814 2419; baseline 0 -20"><span class='ocrx_word' id='word_1_216' title='bbox 168 2340 300 2402; x_wconf 84' lang='lat' dir='ltr'>volebat</span> <span class='ocrx_word' id='word_1_217' title='bbox 315 2340 438 2402; x_wconf 91' lang='lat' dir='ltr'>hahere</span> <span class='ocrx_word' id='word_1_218' title='bbox 457 2357 628 2402; x_wconf 86' lang='lat' dir='ltr'>recursum</span> <span class='ocrx_word' id='word_1_219' title='bbox 648 2358 683 2404; x_wconf 90' lang='lat' dir='ltr'>se</span> <span class='ocrx_word' id='word_1_220' title='bbox 698 2341 886 2419; x_wconf 89' lang='lat' dir='ltr'>postulabat</span> <span class='ocrx_word' id='word_1_221' title='bbox 903 2343 964 2403; x_wconf 91' lang='lat' dir='ltr'>ad·</span> <span class='ocrx_word' id='word_1_222' title='bbox 1017 2343 1051 2402; x_wconf 93' lang='lat' dir='ltr'>iu</span> <span class='ocrx_word' id='word_1_223' title='bbox 1071 2359 1135 2419; x_wconf 88' lang='lat' dir='ltr'>qua</span> <span class='ocrx_word' id='word_1_224' title='bbox 1162 2342 1226 2418; x_wconf 91' lang='lat' dir='ltr'>ipsi</span> <span class='ocrx_word' id='word_1_225' title='bbox 1253 2344 1488 2418; x_wconf 87' lang='lat' dir='ltr'>procuratores</span> <span class='ocrx_word' id='word_1_226' title='bbox 1512 2343 1751 2409; x_wconf 83' lang='lat' dir='ltr'>convenerant,</span> <span class='ocrx_word' id='word_1_227' title='bbox 1778 2340 1814 2399; x_wconf 91' lang='lat' dir='ltr'>in</span> 
     </span>
     <span class='ocr_line' id='line_1_23' title="bbox 168 2410 1813 2516; baseline 0.001 -20"><span class='ocrx_word' id='word_1_228' title='bbox 168 2437 265 2507; x_wconf 91' lang='lat' dir='ltr'>mitti,</span> <span class='ocrx_word' id='word_1_229' title='bbox 292 2440 324 2498; x_wconf 91' lang='lat' dir='ltr'>et</span> <span class='ocrx_word' id='word_1_230' title='bbox 348 2438 634 2514; x_wconf 90' lang='lat' dir='ltr'>archiepiscopum</span> <span class='ocrx_word' id='word_1_231' title='bbox 663 2439 705 2499; x_wconf 92' lang='lat' dir='ltr'>ad</span> <span class='ocrx_word' id='word_1_232' title='bbox 729 2455 904 2515; x_wconf 76' lang='lat' dir='ltr'>expensas</span> <span class='ocrx_word' id='word_1_233' title='bbox 931 2443 963 2502; x_wconf 90' lang='lat' dir='ltr'>et</span> <span class='ocrx_word' id='word_1_234' title='bbox 1016 2439 1089 2516; x_wconf 89' lang='lat' dir='ltr'>ipso</span> <span class='ocrx_word' id='word_1_235' title='bbox 1113 2436 1488 2515; x_wconf 82' lang='lat' dir='ltr'>negotioprocedentes,</span> <span class='ocrx_word' id='word_1_236' title='bbox 1512 2434 1595 2496; x_wconf 94' lang='lat' dir='ltr'>illud</span> <span class='ocrx_word' id='word_1_237' title='bbox 1620 2410 1687 2496; x_wconf 65' lang='lat' dir='ltr'>tine</span> <span class='ocrx_word' id='word_1_238' title='bbox 1702 2435 1813 2497; x_wconf 88' lang='lat' dir='ltr'>debito</span> 
     </span>
     <span class='ocr_line' id='line_1_24' title="bbox 168 2532 1814 2612; baseline 0.001 -20"><span class='ocrx_word' id='word_1_239' title='bbox 168 2532 287 2593; x_wconf 90' lang='lat' dir='ltr'>damna</span> <span class='ocrx_word' id='word_1_240' title='bbox 300 2550 371 2610; x_wconf 83' lang='lat' dir='ltr'>quae</span> <span class='ocrx_word' id='word_1_241' title='bbox 383 2534 801 2611; x_wconf 87' lang='lat' dir='ltr'>occasioneappellalionis</span> <span class='ocrx_word' id='word_1_242' title='bbox 812 2536 845 2595; x_wconf 92' lang='lat' dir='ltr'>in</span> <span class='ocrx_word' id='word_1_243' title='bbox 858 2537 962 2612; x_wconf 88' lang='lat' dir='ltr'>ipsius</span> <span class='ocrx_word' id='word_1_244' title='bbox 1016 2535 1245 2597; x_wconf 91' lang='lat' dir='ltr'>terminarent.</span> <span class='ocrx_word' id='word_1_245' title='bbox 1258 2537 1372 2610; x_wconf 85' lang='lat' dir='ltr'>Nuper</span> <span class='ocrx_word' id='word_1_246' title='bbox 1383 2536 1493 2595; x_wconf 91' lang='lat' dir='ltr'>autem</span> <span class='ocrx_word' id='word_1_247' title='bbox 1504 2533 1606 2593; x_wconf 90' lang='lat' dir='ltr'>iidem</span> <span class='ocrx_word' id='word_1_248' title='bbox 1618 2532 1742 2594; x_wconf 85' lang='lat' dir='ltr'>iratres</span> <span class='ocrx_word' id='word_1_249' title='bbox 1758 2548 1814 2593; x_wconf 91' lang='lat' dir='ltr'>no·</span> 
     </span>
     <span class='ocr_line' id='line_1_25' title="bbox 169 2631 1813 2708; baseline 0 -19"><span class='ocrx_word' id='word_1_250' title='bbox 169 2631 406 2693; x_wconf 88' lang='lat' dir='ltr'>monasterium</span> <span class='ocrx_word' id='word_1_251' title='bbox 435 2632 543 2707; x_wconf 88' lang='lat' dir='ltr'>ipsum</span> <span class='ocrx_word' id='word_1_252' title='bbox 576 2632 764 2694; x_wconf 81' lang='lat' dir='ltr'>incurrerat</span> <span class='ocrx_word' id='word_1_253' title='bbox 806 2633 964 2697; x_wconf 89' lang='lat' dir='ltr'>condem·</span> <span class='ocrx_word' id='word_1_254' title='bbox 1016 2634 1067 2694; x_wconf 91' lang='lat' dir='ltr'>bis</span> <span class='ocrx_word' id='word_1_255' title='bbox 1089 2632 1260 2693; x_wconf 89' lang='lat' dir='ltr'>humiliter</span> <span class='ocrx_word' id='word_1_256' title='bbox 1288 2631 1528 2708; x_wconf 87' lang='lat' dir='ltr'>supplicarunt,</span> <span class='ocrx_word' id='word_1_257' title='bbox 1559 2631 1596 2692; x_wconf 91' lang='lat' dir='ltr'>ut</span> <span class='ocrx_word' id='word_1_258' title='bbox 1621 2646 1699 2690; x_wconf 90' lang='lat' dir='ltr'>cum</span> <span class='ocrx_word' id='word_1_259' title='bbox 1726 2645 1813 2706; x_wconf 85' lang='lat' dir='ltr'>saepe</span> 
     </span>
     <span class='ocr_line' id='line_1_26' title="bbox 167 2726 1814 2806; baseline -0.001 -19"><span class='ocrx_word' id='word_1_260' title='bbox 167 2727 253 2788; x_wconf 87' lang='lat' dir='ltr'>nari.</span> <span class='ocrx_word' id='word_1_261' title='bbox 271 2729 353 2799; x_wconf 89' lang='lat' dir='ltr'>Quia</span> <span class='ocrx_word' id='word_1_262' title='bbox 366 2745 447 2791; x_wconf 77' lang='lat' dir='ltr'>uero</span> <span class='ocrx_word' id='word_1_263' title='bbox 464 2728 559 2789; x_wconf 90' lang='lat' dir='ltr'>nobis</span> <span class='ocrx_word' id='word_1_264' title='bbox 575 2745 640 2790; x_wconf 91' lang='lat' dir='ltr'>non</span> <span class='ocrx_word' id='word_1_265' title='bbox 654 2730 804 2792; x_wconf 88' lang='lat' dir='ltr'>constitit</span> <span class='ocrx_word' id='word_1_266' title='bbox 817 2730 856 2791; x_wconf 90' lang='lat' dir='ltr'>de</span> <span class='ocrx_word' id='word_1_267' title='bbox 871 2746 962 2806; x_wconf 85' lang='lat' dir='ltr'>prae·</span> <span class='ocrx_word' id='word_1_268' title='bbox 1018 2730 1096 2795; x_wconf 89' lang='lat' dir='ltr'>dicti</span> <span class='ocrx_word' id='word_1_269' title='bbox 1125 2727 1396 2805; x_wconf 88' lang='lat' dir='ltr'>archiepiscopus</span> <span class='ocrx_word' id='word_1_270' title='bbox 1416 2728 1449 2788; x_wconf 92' lang='lat' dir='ltr'>et</span> <span class='ocrx_word' id='word_1_271' title='bbox 1468 2727 1637 2803; x_wconf 69' lang='lat' dir='ltr'>praepositi</span> <span class='ocrx_word' id='word_1_272' title='bbox 1664 2726 1734 2788; x_wconf 88' lang='lat' dir='ltr'>sint</span> <span class='ocrx_word' id='word_1_273' title='bbox 1755 2742 1814 2786; x_wconf 89' lang='lat' dir='ltr'>ne-</span> 
     </span>
     <span class='ocr_line' id='line_1_27' title="bbox 167 2823 1811 2905; baseline -0.001 -20"><span class='ocrx_word' id='word_1_274' title='bbox 167 2824 289 2897; x_wconf 87' lang='lat' dir='ltr'>missis,</span> <span class='ocrx_word' id='word_1_275' title='bbox 322 2825 516 2887; x_wconf 88' lang='lat' dir='ltr'>discretioni</span> <span class='ocrx_word' id='word_1_276' title='bbox 551 2828 672 2887; x_wconf 86' lang='lat' dir='ltr'>vestrae</span> <span class='ocrx_word' id='word_1_277' title='bbox 712 2828 752 2887; x_wconf 91' lang='lat' dir='ltr'>de</span> <span class='ocrx_word' id='word_1_278' title='bbox 791 2826 963 2905; x_wconf 90' lang='lat' dir='ltr'>utriusque</span> <span class='ocrx_word' id='word_1_279' title='bbox 1017 2823 1811 2905; x_wconf 82' lang='lat' dir='ltr'>gotioindecisoabhaclucesubtracti‚causam</span> 
     </span>
     <span class='ocr_line' id='line_1_28' title="bbox 168 2921 1812 3002; baseline -0.001 -20"><span class='ocrx_word' id='word_1_280' title='bbox 168 2922 272 2998; x_wconf 88' lang='lat' dir='ltr'>partis</span> <span class='ocrx_word' id='word_1_281' title='bbox 287 2926 538 2999; x_wconf 89' lang='lat' dir='ltr'>procuratorum</span> <span class='ocrx_word' id='word_1_282' title='bbox 548 2939 687 2984; x_wconf 89' lang='lat' dir='ltr'>assensu</span> <span class='ocrx_word' id='word_1_283' title='bbox 702 2939 761 3000; x_wconf 92' lang='lat' dir='ltr'>per</span> <span class='ocrx_word' id='word_1_284' title='bbox 773 2925 963 3002; x_wconf 75' lang='lat' dir='ltr'>apostolica</span> <span class='ocrx_word' id='word_1_285' title='bbox 1019 2926 1135 3002; x_wconf 90' lang='lat' dir='ltr'>ipsam,</span> <span class='ocrx_word' id='word_1_286' title='bbox 1149 2939 1220 3002; x_wconf 82' lang='lat' dir='ltr'>quae</span> <span class='ocrx_word' id='word_1_287' title='bbox 1234 2938 1253 2982; x_wconf 88' lang='lat' dir='ltr'>a</span> <span class='ocrx_word' id='word_1_288' title='bbox 1269 2924 1416 2999; x_wconf 90' lang='lat' dir='ltr'>tempore</span> <span class='ocrx_word' id='word_1_289' title='bbox 1428 2924 1499 2998; x_wconf 89' lang='lat' dir='ltr'>jam</span> <span class='ocrx_word' id='word_1_290' title='bbox 1515 2921 1594 2982; x_wconf 91' lang='lat' dir='ltr'>dicti</span> <span class='ocrx_word' id='word_1_291' title='bbox 1623 2921 1812 2997; x_wconf 87' lang='lat' dir='ltr'>praedeces-</span> 
     </span>
     <span class='ocr_line' id='line_1_29' title="bbox 171 3017 1812 3097; baseline -0.001 -20"><span class='ocrx_word' id='word_1_292' title='bbox 171 3020 293 3096; x_wconf 88' lang='lat' dir='ltr'>scripta</span> <span class='ocrx_word' id='word_1_293' title='bbox 309 3020 514 3093; x_wconf 88' lang='lat' dir='ltr'>mandamus,</span> <span class='ocrx_word' id='word_1_294' title='bbox 533 3026 706 3097; x_wconf 75' lang='lat' dir='ltr'>quatenus</span> <span class='ocrx_word' id='word_1_295' title='bbox 720 3021 868 3096; x_wconf 87' lang='lat' dir='ltr'>partibus</span> <span class='ocrx_word' id='word_1_296' title='bbox 884 3039 965 3083; x_wconf 90' lang='lat' dir='ltr'>con·</span> <span class='ocrx_word' id='word_1_297' title='bbox 1019 3022 1105 3083; x_wconf 89' lang='lat' dir='ltr'>soris</span> <span class='ocrx_word' id='word_1_298' title='bbox 1133 3021 1237 3081; x_wconf 89' lang='lat' dir='ltr'>nostri</span> <span class='ocrx_word' id='word_1_299' title='bbox 1262 3019 1403 3080; x_wconf 88' lang='lat' dir='ltr'>remissa</span> <span class='ocrx_word' id='word_1_300' title='bbox 1427 3018 1499 3086; x_wconf 89' lang='lat' dir='ltr'>luit,</span> <span class='ocrx_word' id='word_1_301' title='bbox 1525 3017 1566 3078; x_wconf 91' lang='lat' dir='ltr'>ad</span> <span class='ocrx_word' id='word_1_302' title='bbox 1589 3017 1812 3094; x_wconf 74' lang='lat' dir='ltr'>apostolicam</span> 
     </span>
     <span class='ocr_line' id='line_1_30' title="bbox 170 3115 1811 3195; baseline -0.001 -19"><span class='ocrx_word' id='word_1_303' title='bbox 170 3119 308 3189; x_wconf 89' lang='lat' dir='ltr'>vocatis,</span> <span class='ocrx_word' id='word_1_304' title='bbox 326 3118 470 3179; x_wconf 88' lang='lat' dir='ltr'>audiatis</span> <span class='ocrx_word' id='word_1_305' title='bbox 488 3134 587 3194; x_wconf 88' lang='lat' dir='ltr'>super</span> <span class='ocrx_word' id='word_1_306' title='bbox 608 3119 673 3188; x_wconf 91' lang='lat' dir='ltr'>his,</span> <span class='ocrx_word' id='word_1_307' title='bbox 696 3134 768 3195; x_wconf 88' lang='lat' dir='ltr'>quae</span> <span class='ocrx_word' id='word_1_308' title='bbox 783 3119 860 3180; x_wconf 91' lang='lat' dir='ltr'>hinc</span> <span class='ocrx_word' id='word_1_309' title='bbox 886 3119 964 3179; x_wconf 89' lang='lat' dir='ltr'>inde</span> <span class='ocrx_word' id='word_1_310' title='bbox 1020 3119 1135 3181; x_wconf 91' lang='lat' dir='ltr'>Sedem</span> <span class='ocrx_word' id='word_1_311' title='bbox 1151 3119 1347 3181; x_wconf 88' lang='lat' dir='ltr'>instructam</span> <span class='ocrx_word' id='word_1_312' title='bbox 1369 3115 1477 3176; x_wconf 92' lang='lat' dir='ltr'>decidi</span> <span class='ocrx_word' id='word_1_313' title='bbox 1492 3131 1552 3192; x_wconf 90' lang='lat' dir='ltr'>per</span> <span class='ocrx_word' id='word_1_314' title='bbox 1572 3115 1658 3175; x_wconf 88' lang='lat' dir='ltr'>alios</span> <span class='ocrx_word' id='word_1_315' title='bbox 1683 3115 1811 3174; x_wconf 85' lang='lat' dir='ltr'>lacere-</span> 
     </span>
     <span class='ocr_line' id='line_1_31' title="bbox 172 3212 1811 3293; baseline -0.002 -20"><span class='ocrx_word' id='word_1_316' title='bbox 172 3214 297 3275; x_wconf 85' lang='lat' dir='ltr'>suerint</span> <span class='ocrx_word' id='word_1_317' title='bbox 309 3215 477 3293; x_wconf 89' lang='lat' dir='ltr'>proposita</span> <span class='ocrx_word' id='word_1_318' title='bbox 493 3230 605 3276; x_wconf 92' lang='lat' dir='ltr'>coram</span> <span class='ocrx_word' id='word_1_319' title='bbox 619 3215 714 3276; x_wconf 91' lang='lat' dir='ltr'>nobis</span> <span class='ocrx_word' id='word_1_320' title='bbox 727 3217 759 3277; x_wconf 93' lang='lat' dir='ltr'>et</span> <span class='ocrx_word' id='word_1_321' title='bbox 772 3215 965 3293; x_wconf 88' lang='lat' dir='ltr'>quodcano·</span> <span class='ocrx_word' id='word_1_322' title='bbox 1020 3234 1103 3278; x_wconf 86' lang='lat' dir='ltr'>mus.</span> <span class='ocrx_word' id='word_1_323' title='bbox 1130 3216 1206 3277; x_wconf 91' lang='lat' dir='ltr'>Ideo</span> <span class='ocrx_word' id='word_1_324' title='bbox 1234 3214 1426 3275; x_wconf 86' lang='lat' dir='ltr'>discretioni</span> <span class='ocrx_word' id='word_1_325' title='bbox 1456 3214 1574 3274; x_wconf 81' lang='lat' dir='ltr'>restrae</span> <span class='ocrx_word' id='word_1_326' title='bbox 1604 3212 1811 3281; x_wconf 89' lang='lat' dir='ltr'>mandamus,</span> 
     </span>
     <span class='ocr_line' id='line_1_32' title="bbox 172 3308 1811 3392; baseline -0.002 -22"><span class='ocrx_word' id='word_1_327' title='bbox 172 3312 283 3372; x_wconf 82' lang='lat' dir='ltr'>nicom</span> <span class='ocrx_word' id='word_1_328' title='bbox 306 3311 415 3382; x_wconf 84' lang='lat' dir='ltr'>suerit,</span> <span class='ocrx_word' id='word_1_329' title='bbox 435 3311 657 3388; x_wconf 88' lang='lat' dir='ltr'>appellatione</span> <span class='ocrx_word' id='word_1_330' title='bbox 682 3313 874 3390; x_wconf 90' lang='lat' dir='ltr'>postposita,</span> <span class='ocrx_word' id='word_1_331' title='bbox 896 3316 965 3375; x_wconf 88' lang='lat' dir='ltr'>sta·</span> <span class='ocrx_word' id='word_1_332' title='bbox 1020 3308 1811 3392; x_wconf 83' lang='lat' dir='ltr'>quatenusinspicientesactaJudiciidiligenter,</span> 
     </span>
     <span class='ocr_line' id='line_1_33' title="bbox 171 3404 1813 3487; baseline -0.002 -19"><span class='ocrx_word' id='word_1_333' title='bbox 171 3408 284 3479; x_wconf 81' lang='lat' dir='ltr'>luatis,</span> <span class='ocrx_word' id='word_1_334' title='bbox 299 3408 538 3479; x_wconf 76' lang='lat' dir='ltr'>iacientesetc.</span> <span class='ocrx_word' id='word_1_335' title='bbox 549 3411 744 3481; x_wconf 72' lang='lat' dir='ltr'>Testesetc.</span> <span class='ocrx_word' id='word_1_336' title='bbox 758 3411 848 3481; x_wconf 91' lang='lat' dir='ltr'>Quod</span> <span class='ocrx_word' id='word_1_337' title='bbox 860 3411 888 3471; x_wconf 89' lang='lat' dir='ltr'>si</span> <span class='ocrx_word' id='word_1_338' title='bbox 899 3428 965 3472; x_wconf 92' lang='lat' dir='ltr'>uon</span> <span class='ocrx_word' id='word_1_339' title='bbox 1020 3428 1155 3473; x_wconf 88' lang='lat' dir='ltr'>causam</span> <span class='ocrx_word' id='word_1_340' title='bbox 1171 3412 1289 3487; x_wconf 91' lang='lat' dir='ltr'>ipsam,</span> <span class='ocrx_word' id='word_1_341' title='bbox 1307 3409 1335 3467; x_wconf 88' lang='lat' dir='ltr'>si</span> <span class='ocrx_word' id='word_1_342' title='bbox 1361 3408 1471 3483; x_wconf 88' lang='lat' dir='ltr'>partes</span> <span class='ocrx_word' id='word_1_343' title='bbox 1487 3406 1729 3475; x_wconf 87' lang='lat' dir='ltr'>consenserint,</span> <span class='ocrx_word' id='word_1_344' title='bbox 1744 3404 1813 3465; x_wconf 90' lang='lat' dir='ltr'>sine</span> 
     </span>
     <span class='ocr_line' id='line_1_34' title="bbox 171 3500 1813 3584; baseline -0.002 -20"><span class='ocrx_word' id='word_1_345' title='bbox 171 3521 298 3577; x_wconf 74' lang='lat' dir='ltr'>omnes</span> <span class='ocrx_word' id='word_1_346' title='bbox 308 3508 370 3567; x_wconf 90' lang='lat' dir='ltr'>etc.</span> <span class='ocrx_word' id='word_1_347' title='bbox 382 3508 498 3566; x_wconf 87' lang='lat' dir='ltr'>Datum</span> <span class='ocrx_word' id='word_1_348' title='bbox 511 3506 642 3578; x_wconf 89' lang='lat' dir='ltr'>Tibure,</span> <span class='ocrx_word' id='word_1_349' title='bbox 654 3508 749 3568; x_wconf 87' lang='lat' dir='ltr'>nonis</span> <span class='ocrx_word' id='word_1_350' title='bbox 759 3508 848 3580; x_wconf 88' lang='lat' dir='ltr'>maii,</span> <span class='ocrx_word' id='word_1_351' title='bbox 862 3509 966 3584; x_wconf 92' lang='lat' dir='ltr'>ponti·</span> <span class='ocrx_word' id='word_1_352' title='bbox 1021 3509 1129 3570; x_wconf 90' lang='lat' dir='ltr'>debito</span> <span class='ocrx_word' id='word_1_353' title='bbox 1152 3506 1323 3577; x_wconf 88' lang='lat' dir='ltr'>decidatis,</span> <span class='ocrx_word' id='word_1_354' title='bbox 1346 3504 1494 3581; x_wconf 87' lang='lat' dir='ltr'>alioquin</span> <span class='ocrx_word' id='word_1_355' title='bbox 1514 3502 1556 3563; x_wconf 91' lang='lat' dir='ltr'>ad</span> <span class='ocrx_word' id='word_1_356' title='bbox 1580 3516 1640 3561; x_wconf 89' lang='lat' dir='ltr'>nos</span> <span class='ocrx_word' id='word_1_357' title='bbox 1666 3500 1813 3562; x_wconf 91' lang='lat' dir='ltr'>eamdem</span> 
     </span>
     <span class='ocr_line' id='line_1_35' title="bbox 174 3597 1812 3678; baseline -0.005 -12"><span class='ocrx_word' id='word_1_358' title='bbox 174 3603 290 3666; x_wconf 79' lang='lat' dir='ltr'>heatus</span> <span class='ocrx_word' id='word_1_359' title='bbox 306 3604 409 3664; x_wconf 90' lang='lat' dir='ltr'>nostri</span> <span class='ocrx_word' id='word_1_360' title='bbox 427 3618 514 3667; x_wconf 90' lang='lat' dir='ltr'>anno</span> <span class='ocrx_word' id='word_1_361' title='bbox 529 3618 628 3669; x_wconf 81' lang='lat' dir='ltr'>notro.</span> <span class='ocrx_word' id='word_1_362' title='bbox 1020 3605 1196 3668; x_wconf 89' lang='lat' dir='ltr'>remittatis</span> <span class='ocrx_word' id='word_1_363' title='bbox 1212 3603 1417 3672; x_wconf 89' lang='lat' dir='ltr'>instructam,</span> <span class='ocrx_word' id='word_1_364' title='bbox 1435 3599 1643 3678; x_wconf 82' lang='lat' dir='ltr'>praefigentes</span> <span class='ocrx_word' id='word_1_365' title='bbox 1664 3597 1812 3675; x_wconf 88' lang='lat' dir='ltr'>partibus</span> 
     </span>
     <span class='ocr_line' id='line_1_36' title="bbox 1020 3698 1814 3777; baseline -0.013 -12"><span class='ocrx_word' id='word_1_366' title='bbox 1020 3703 1198 3766; x_wconf 89' lang='lat' dir='ltr'>terminum</span> <span class='ocrx_word' id='word_1_367' title='bbox 1209 3700 1459 3777; x_wconf 91' lang='lat' dir='ltr'>competentem,</span> <span class='ocrx_word' id='word_1_368' title='bbox 1469 3713 1534 3775; x_wconf 93' lang='lat' dir='ltr'>quo</span> <span class='ocrx_word' id='word_1_369' title='bbox 1549 3712 1585 3756; x_wconf 90' lang='lat' dir='ltr'>se</span> <span class='ocrx_word' id='word_1_370' title='bbox 1597 3698 1713 3757; x_wconf 90' lang='lat' dir='ltr'>nostro</span> <span class='ocrx_word' id='word_1_371' title='bbox 1724 3711 1814 3756; x_wconf 89' lang='lat' dir='ltr'>cons-</span> 
     </span>
     <span class='ocr_line' id='line_1_37' title="bbox 520 3775 1811 3879; baseline -0.008 -17"><span class='ocrx_word' id='word_1_372' title='bbox 520 3775 622 3862; x_wconf 77' lang='lat' dir='ltr'>CLH</span> <span class='ocrx_word' id='word_1_373' title='bbox 1022 3800 1129 3879; x_wconf 88' lang='lat' dir='ltr'>pectui</span> <span class='ocrx_word' id='word_1_374' title='bbox 1170 3797 1381 3877; x_wconf 83' lang='lat' dir='ltr'>praesentent,</span> <span class='ocrx_word' id='word_1_375' title='bbox 1423 3794 1621 3856; x_wconf 90' lang='lat' dir='ltr'>sententiam</span> <span class='ocrx_word' id='word_1_376' title='bbox 1663 3791 1811 3854; x_wconf 88' lang='lat' dir='ltr'>relaturi.</span> 
     </span>
     <span class='ocr_line' id='line_1_38' title="bbox 357 3888 1813 3979; baseline -0.008 -20"><span class='ocrx_word' id='word_1_377' title='bbox 357 3920 409 3979; x_wconf 65' lang='lat' dir='ltr'>Ap</span> <span class='ocrx_word' id='word_1_378' title='bbox 430 3918 586 3979; x_wconf 63' lang='lat' dir='ltr'>appapgm</span> <span class='ocrx_word' id='word_1_379' title='bbox 598 3919 638 3978; x_wconf 63' lang='lat' dir='ltr'>dg</span> <span class='ocrx_word' id='word_1_380' title='bbox 651 3920 776 3979; x_wconf 59' lang='lat' dir='ltr'>pomp,</span> <span class='ocrx_word' id='word_1_381' title='bbox 1019 3899 1144 3969; x_wconf 79' lang='lat' dir='ltr'>Testae,</span> <span class='ocrx_word' id='word_1_382' title='bbox 1160 3899 1221 3957; x_wconf 89' lang='lat' dir='ltr'>etc.</span> <span class='ocrx_word' id='word_1_383' title='bbox 1239 3894 1330 3967; x_wconf 88' lang='lat' dir='ltr'>Quod</span> <span class='ocrx_word' id='word_1_384' title='bbox 1344 3893 1373 3953; x_wconf 90' lang='lat' dir='ltr'>si</span> <span class='ocrx_word' id='word_1_385' title='bbox 1384 3908 1451 3953; x_wconf 89' lang='lat' dir='ltr'>non</span> <span class='ocrx_word' id='word_1_386' title='bbox 1471 3906 1622 3952; x_wconf 90' lang='lat' dir='ltr'>omnes...</span> <span class='ocrx_word' id='word_1_387' title='bbox 1635 3892 1756 3952; x_wconf 88' lang='lat' dir='ltr'>Datum</span> <span class='ocrx_word' id='word_1_388' title='bbox 1765 3888 1813 3948; x_wconf 85' lang='lat' dir='ltr'>Ti·</span> 
     </span>
     <span class='ocr_line' id='line_1_39' title="bbox 470 3990 1602 4096; baseline -0.009 -39"><span class='ocrx_word' id='word_1_389' title='bbox 470 4038 487 4095; x_wconf 73' lang='lat'>9</span> <span class='ocrx_word' id='word_1_390' title='bbox 506 4038 573 4094; x_wconf 84' lang='lat' dir='ltr'>maii</span> <span class='ocrx_word' id='word_1_391' title='bbox 591 4038 660 4096; x_wconf 72' lang='lat' dir='ltr'>lthb</span> <span class='ocrx_word' id='word_1_392' title='bbox 1021 3996 1114 4067; x_wconf 89' lang='lat' dir='ltr'>bure,</span> <span class='ocrx_word' id='word_1_393' title='bbox 1128 3995 1187 4054; x_wconf 88' lang='lat' dir='ltr'>Vll</span> <span class='ocrx_word' id='word_1_394' title='bbox 1202 3992 1277 4052; x_wconf 89' lang='lat' dir='ltr'>idus</span> <span class='ocrx_word' id='word_1_395' title='bbox 1294 3990 1383 4062; x_wconf 89' lang='lat' dir='ltr'>maii,</span> <span class='ocrx_word' id='word_1_396' title='bbox 1401 4004 1489 4050; x_wconf 88' lang='lat' dir='ltr'>anno</span> <span class='ocrx_word' id='word_1_397' title='bbox 1504 4002 1602 4050; x_wconf 79' lang='lat' dir='ltr'>nono,</span> 
     </span>
    </p>
   </div>
   <div class='ocr_carea' id='block_1_3' title="bbox 283 4151 859 4218">
    <p class='ocr_par' dir='ltr' id='par_1_3' title="bbox 283 4151 859 4218">
     <span class='ocr_line' id='line_1_40' title="bbox 283 4151 859 4218; baseline -0.007 -13"><span class='ocrx_word' id='word_1_398' title='bbox 283 4155 374 4218; x_wconf 66' lang='lat' dir='ltr'>[Fejen</span> <span class='ocrx_word' id='word_1_399' title='bbox 396 4153 457 4204; x_wconf 87' lang='lat' dir='ltr'>Cod.</span> <span class='ocrx_word' id='word_1_400' title='bbox 479 4151 587 4217; x_wconf 89' lang='lat' dir='ltr'>diplom.</span> <span class='ocrx_word' id='word_1_401' title='bbox 604 4152 685 4216; x_wconf 78' lang='lat' dir='ltr'>liung.</span> <span class='ocrx_word' id='word_1_402' title='bbox 699 4152 742 4210; x_wconf 91' lang='lat' dir='ltr'>lll,</span> <span class='ocrx_word' id='word_1_403' title='bbox 761 4165 789 4201; x_wconf 90' lang='lat' dir='ltr'>n.</span> <span class='ocrx_word' id='word_1_404' title='bbox 807 4152 859 4215; x_wconf 73' lang='lat' dir='ltr'>th]</span> 
     </span>
    </p>
   </div>
   <div class='ocr_carea' id='block_1_4' title="bbox 172 4187 1814 4432">
    <p class='ocr_par' dir='ltr' id='par_1_4' title="bbox 172 4187 1814 4432">
     <span class='ocr_line' id='line_1_41' title="bbox 172 4187 1480 4341; baseline -0.024 -12"><span class='ocrx_word' id='word_1_405' title='bbox 172 4272 295 4329; x_wconf 73' lang='lat' dir='ltr'>Causam</span> <span class='ocrx_word' id='word_1_406' title='bbox 307 4270 379 4327; x_wconf 86' lang='lat' dir='ltr'>inter</span> <span class='ocrx_word' id='word_1_407' title='bbox 390 4268 604 4341; x_wconf 79' lang='lat' dir='ltr'>hospitalarios,</span> <span class='ocrx_word' id='word_1_408' title='bbox 616 4275 644 4325; x_wconf 86' lang='lat' dir='ltr'>et</span> <span class='ocrx_word' id='word_1_409' title='bbox 654 4266 784 4324; x_wconf 85' lang='lat' dir='ltr'>abbatem</span> <span class='ocrx_word' id='word_1_410' title='bbox 797 4268 824 4325; x_wconf 89' lang='lat' dir='ltr'>S.</span> <span class='ocrx_word' id='word_1_411' title='bbox 835 4267 966 4340; x_wconf 87' lang='lat' dir='ltr'>Spiritus,</span> <span class='ocrx_word' id='word_1_412' title='bbox 1136 4325 1142 4336; x_wconf 26' lang='grc' dir='ltr'>ι</span> <span class='ocrx_word' id='word_1_413' title='bbox 1358 4187 1480 4273; x_wconf 69' lang='lat' dir='ltr'>CLIII</span> 
     </span>
     <span class='ocr_line' id='line_1_42' title="bbox 211 4317 1814 4432; baseline -0.027 -12"><span class='ocrx_word' id='word_1_414' title='bbox 211 4374 260 4432; x_wconf 81' lang='lat' dir='ltr'>per</span> <span class='ocrx_word' id='word_1_415' title='bbox 270 4357 377 4416; x_wconf 84' lang='lat' dir='ltr'>obitum</span> <span class='ocrx_word' id='word_1_416' title='bbox 392 4358 425 4414; x_wconf 78' lang='grc' dir='ltr'>Α.</span> <span class='ocrx_word' id='word_1_417' title='bbox 442 4357 569 4430; x_wconf 68' lang='lat' dir='ltr'>episcopt</span> <span class='ocrx_word' id='word_1_418' title='bbox 584 4356 788 4429; x_wconf 78' lang='lat' dir='ltr'>strigoniensis</span> <span class='ocrx_word' id='word_1_419' title='bbox 799 4354 965 4424; x_wconf 81' lang='lat' dir='ltr'>indecisam,</span> <span class='ocrx_word' id='word_1_420' title='bbox 1022 4325 1073 4384; x_wconf 83' lang='lat' dir='ltr'>Ad</span> <span class='ocrx_word' id='word_1_421' title='bbox 1087 4335 1282 4396; x_wconf 75' lang='lat' dir='ltr'>episcopum</span> <span class='ocrx_word' id='word_1_422' title='bbox 1298 4320 1591 4382; x_wconf 74' lang='lat' dir='ltr'>silvanectensem</span> <span class='ocrx_word' id='word_1_423' title='bbox 1609 4317 1643 4378; x_wconf 83' lang='lat' dir='ltr'>et</span> <span class='ocrx_word' id='word_1_424' title='bbox 1661 4317 1814 4378; x_wconf 70' lang='lat' dir='ltr'>abomam</span> 
     </span>
    </p>
   </div>
   <div class='ocr_carea' id='block_1_5' title="bbox 210 4416 1662 4520">
    <p class='ocr_par' dir='ltr' id='par_1_5' title="bbox 210 4416 1662 4520">
     <span class='ocr_line' id='line_1_43' title="bbox 210 4416 1662 4520; baseline -0.021 -17"><span class='ocrx_word' id='word_1_425' title='bbox 210 4464 259 4520; x_wconf 79' lang='lat' dir='ltr'>per</span> <span class='ocrx_word' id='word_1_426' title='bbox 272 4448 343 4505; x_wconf 79' lang='lat' dir='ltr'>altos</span> <span class='ocrx_word' id='word_1_427' title='bbox 355 4446 466 4520; x_wconf 77' lang='lat' dir='ltr'>jndices</span> <span class='ocrx_word' id='word_1_428' title='bbox 477 4444 570 4503; x_wconf 73' lang='lat' dir='ltr'>decidi</span> <span class='ocrx_word' id='word_1_429' title='bbox 580 4445 668 4518; x_wconf 68' lang='lat' dir='ltr'>jabet,</span> <span class='ocrx_word' id='word_1_430' title='bbox 1190 4420 1369 4481; x_wconf 77' lang='lat' dir='ltr'>caroliloci</span> <span class='ocrx_word' id='word_1_431' title='bbox 1383 4416 1662 4479; x_wconf 70' lang='lat' dir='ltr'>silvanectensis.</span> 
     </span>
    </p>
   </div>
   <div class='ocr_carea' id='block_1_6' title="bbox 163 4537 1815 5421">
    <p class='ocr_par' dir='ltr' id='par_1_6' title="bbox 163 4537 1815 5421">
     <span class='ocr_line' id='line_1_44' title="bbox 215 4537 1525 4641; baseline -0.013 -14"><span class='ocrx_word' id='word_1_432' title='bbox 215 4561 965 4641; x_wconf 78' lang='lat' dir='ltr'>Honoriusepiscopus,serrasserrorumbei,</span> <span class='ocrx_word' id='word_1_433' title='bbox 1245 4569 1253 4575; x_wconf 68' lang='grc'><em>“</em></span> <span class='ocrx_word' id='word_1_434' title='bbox 1315 4537 1525 4596; x_wconf 61' lang='lat' dir='ltr'>mmmm·</span> 
     </span>
     <span class='ocr_line' id='line_1_45' title="bbox 174 4648 1786 4738; baseline -0.011 -13"><span class='ocrx_word' id='word_1_435' title='bbox 174 4663 285 4725; x_wconf 89' lang='lat' dir='ltr'>abbati</span> <span class='ocrx_word' id='word_1_436' title='bbox 300 4662 341 4723; x_wconf 92' lang='lat' dir='ltr'>de</span> <span class='ocrx_word' id='word_1_437' title='bbox 355 4665 475 4732; x_wconf 91' lang='lat' dir='ltr'>Boc0u‚</span> <span class='ocrx_word' id='word_1_438' title='bbox 552 4660 730 4738; x_wconf 85' lang='lat' dir='ltr'>praeposito</span> <span class='ocrx_word' id='word_1_439' title='bbox 748 4662 816 4720; x_wconf 87' lang='lat' dir='ltr'>et...</span> <span class='ocrx_word' id='word_1_440' title='bbox 838 4659 965 4720; x_wconf 87' lang='lat' dir='ltr'>cantori</span> <span class='ocrx_word' id='word_1_441' title='bbox 1053 4658 1174 4721; x_wconf 71' lang='lat' dir='ltr'>saepen,</span> <span class='ocrx_word' id='word_1_442' title='bbox 1191 4654 1236 4705; x_wconf 79' lang='lat' dir='ltr'>lib·</span> <span class='ocrx_word' id='word_1_443' title='bbox 1248 4653 1291 4712; x_wconf 70' lang='grc' dir='ltr'>ΙΧ,</span> <span class='ocrx_word' id='word_1_444' title='bbox 1304 4668 1345 4717; x_wconf 69' lang='lat' dir='ltr'>er·</span> <span class='ocrx_word' id='word_1_445' title='bbox 1358 4651 1413 4702; x_wconf 73' lang='lat'>³⁰1·</span> <span class='ocrx_word' id='word_1_446' title='bbox 1436 4652 1494 4701; x_wconf 74' lang='lat' dir='ltr'>uss.</span> <span class='ocrx_word' id='word_1_447' title='bbox 1508 4652 1545 4701; x_wconf 75' lang='lat' dir='ltr'>ta</span> <span class='ocrx_word' id='word_1_448' title='bbox 1555 4652 1631 4701; x_wconf 74' lang='lat' dir='ltr'>roae</span> <span class='ocrx_word' id='word_1_449' title='bbox 1643 4650 1678 4699; x_wconf 81' lang='lat' dir='ltr'>au</span> <span class='ocrx_word' id='word_1_450' title='bbox 1691 4648 1786 4713; x_wconf 72' lang='lat' dir='ltr'>ruat]</span> 
     </span>
     <span class='ocr_line' id='line_1_46' title="bbox 173 4756 1813 4836; baseline -0.014 -2"><span class='ocrx_word' id='word_1_451' title='bbox 173 4761 319 4832; x_wconf 67' lang='lat' dir='ltr'>Albensi,</span> <span class='ocrx_word' id='word_1_452' title='bbox 336 4758 592 4836; x_wconf 64' lang='lat' dir='ltr'>VOSPI&#39;iffllessSiS</span> <span class='ocrx_word' id='word_1_453' title='bbox 603 4757 766 4818; x_wconf 72' lang='lat' dir='ltr'>diOEOOSiS·</span> <span class='ocrx_word' id='word_1_454' title='bbox 1022 4763 1138 4822; x_wconf 86' lang='lat' dir='ltr'>blandat</span> <span class='ocrx_word' id='word_1_455' title='bbox 1156 4763 1198 4819; x_wconf 89' lang='lat' dir='ltr'>eis</span> <span class='ocrx_word' id='word_1_456' title='bbox 1210 4768 1241 4819; x_wconf 92' lang='lat' dir='ltr'>ut</span> <span class='ocrx_word' id='word_1_457' title='bbox 1255 4759 1350 4817; x_wconf 88' lang='lat' dir='ltr'>audita</span> <span class='ocrx_word' id='word_1_458' title='bbox 1366 4773 1452 4816; x_wconf 87' lang='lat' dir='ltr'>causa</span> <span class='ocrx_word' id='word_1_459' title='bbox 1473 4773 1537 4830; x_wconf 82' lang='lat' dir='ltr'>qua</span> <span class='ocrx_word' id='word_1_460' title='bbox 1556 4757 1631 4814; x_wconf 84' lang='lat' dir='ltr'>inter</span> <span class='ocrx_word' id='word_1_461' title='bbox 1645 4756 1813 4814; x_wconf 78' lang='lat' dir='ltr'>Ambianea</span> 
     </span>
     <span class='ocr_line' id='line_1_47' title="bbox 215 4844 1812 4930; baseline -0.013 -10"><span class='ocrx_word' id='word_1_462' title='bbox 215 4863 252 4919; x_wconf 92' lang='lat' dir='ltr'>ln</span> <span class='ocrx_word' id='word_1_463' title='bbox 267 4859 387 4920; x_wconf 87' lang='lat' dir='ltr'>litteris</span> <span class='ocrx_word' id='word_1_464' title='bbox 403 4857 509 4917; x_wconf 80' lang='lat' dir='ltr'>felicis</span> <span class='ocrx_word' id='word_1_465' title='bbox 525 4856 693 4916; x_wconf 76' lang='lat' dir='ltr'>memoriae</span> <span class='ocrx_word' id='word_1_466' title='bbox 709 4857 733 4915; x_wconf 94' lang='lat' dir='ltr'>I.</span> <span class='ocrx_word' id='word_1_467' title='bbox 751 4857 861 4930; x_wconf 83' lang='lat' dir='ltr'>Papae,</span> <span class='ocrx_word' id='word_1_468' title='bbox 879 4869 967 4930; x_wconf 89' lang='lat' dir='ltr'>prae·</span> <span class='ocrx_word' id='word_1_469' title='bbox 1057 4868 1117 4910; x_wconf 90' lang='lat' dir='ltr'>sem</span> <span class='ocrx_word' id='word_1_470' title='bbox 1133 4853 1300 4923; x_wconf 88' lang='lat' dir='ltr'>episcopum</span> <span class='ocrx_word' id='word_1_471' title='bbox 1315 4857 1343 4905; x_wconf 90' lang='lat' dir='ltr'>et</span> <span class='ocrx_word' id='word_1_472' title='bbox 1357 4846 1489 4904; x_wconf 86' lang='lat' dir='ltr'>abbatem</span> <span class='ocrx_word' id='word_1_473' title='bbox 1502 4846 1597 4904; x_wconf 87' lang='lat' dir='ltr'>Sancti</span> <span class='ocrx_word' id='word_1_474' title='bbox 1613 4844 1741 4902; x_wconf 84' lang='lat' dir='ltr'>Richarii</span> <span class='ocrx_word' id='word_1_475' title='bbox 1753 4858 1812 4901; x_wconf 83' lang='lat' dir='ltr'>vcr-</span> 
     </span>
     <span class='ocr_line' id='line_1_48' title="bbox 174 4932 1815 5039; baseline -0.014 -20"><span class='ocrx_word' id='word_1_476' title='bbox 174 4956 357 5019; x_wconf 88' lang='lat' dir='ltr'>decessoris</span> <span class='ocrx_word' id='word_1_477' title='bbox 389 4954 494 5016; x_wconf 92' lang='lat' dir='ltr'>nostri</span> <span class='ocrx_word' id='word_1_478' title='bbox 526 4952 756 5030; x_wconf 77' lang='lat' dir='ltr'>perspeximus</span> <span class='ocrx_word' id='word_1_479' title='bbox 787 4950 963 5022; x_wconf 90' lang='lat' dir='ltr'>contineri,</span> <span class='ocrx_word' id='word_1_480' title='bbox 1057 4940 1177 5009; x_wconf 66' lang='lat' dir='ltr'>lebfllub</span> <span class='ocrx_word' id='word_1_481' title='bbox 1188 4946 1284 5012; x_wconf 84' lang='lat' dir='ltr'>partes</span> <span class='ocrx_word' id='word_1_482' title='bbox 1298 4937 1419 5039; x_wconf 62' lang='lat' dir='ltr'>termini)</span> <span class='ocrx_word' id='word_1_483' title='bbox 1433 4935 1549 5009; x_wconf 72' lang='lat' dir='ltr'>htaeflxo</span> <span class='ocrx_word' id='word_1_484' title='bbox 1562 4932 1599 4991; x_wconf 67' lang='lat' dir='ltr'>ad</span> <span class='ocrx_word' id='word_1_485' title='bbox 1614 4933 1720 4992; x_wconf 73' lang='lat' dir='ltr'>Sedent</span> <span class='ocrx_word' id='word_1_486' title='bbox 1731 4935 1815 5005; x_wconf 60' lang='lat' dir='ltr'>Apo*</span> 
     </span>
     <span class='ocr_line' id='line_1_49' title="bbox 174 5031 1389 5134; baseline -0.013 -17"><span class='ocrx_word' id='word_1_487' title='bbox 174 5056 345 5134; x_wconf 88' lang='lat' dir='ltr'>quodcum</span> <span class='ocrx_word' id='word_1_488' title='bbox 361 5055 430 5130; x_wconf 87' lang='lat' dir='ltr'>ipse</span> <span class='ocrx_word' id='word_1_489' title='bbox 447 5054 480 5113; x_wconf 93' lang='lat' dir='ltr'>in</span> <span class='ocrx_word' id='word_1_490' title='bbox 494 5067 606 5122; x_wconf 89' lang='lat' dir='ltr'>causa,</span> <span class='ocrx_word' id='word_1_491' title='bbox 630 5067 703 5127; x_wconf 86' lang='lat' dir='ltr'>quae</span> <span class='ocrx_word' id='word_1_492' title='bbox 725 5049 813 5110; x_wconf 89' lang='lat' dir='ltr'>inter</span> <span class='ocrx_word' id='word_1_493' title='bbox 828 5049 965 5111; x_wconf 87' lang='lat' dir='ltr'>dilectos</span> <span class='ocrx_word' id='word_1_494' title='bbox 1057 5031 1170 5089; x_wconf 61' lang='lat' dir='ltr'>¹⁰¹i⁰³¹¹¹</span> <span class='ocrx_word' id='word_1_495' title='bbox 1186 5032 1389 5085; x_wconf 57' lang='lat' dir='ltr'>¹³³¹¹⁸ffl¹st³¹¹l</span> 
     </span>
     <span class='ocr_line' id='line_1_50' title="bbox 174 5130 1815 5227; baseline -0.015 -14"><span class='ocrx_word' id='word_1_496' title='bbox 174 5153 272 5222; x_wconf 85' lang='lat' dir='ltr'>tilios,</span> <span class='ocrx_word' id='word_1_497' title='bbox 288 5154 409 5213; x_wconf 84' lang='lat' dir='ltr'>fratres</span> <span class='ocrx_word' id='word_1_498' title='bbox 424 5149 606 5227; x_wconf 89' lang='lat' dir='ltr'>Hospitalis</span> <span class='ocrx_word' id='word_1_499' title='bbox 620 5146 912 5223; x_wconf 81' lang='lat' dir='ltr'>hierosolymitani</span> <span class='ocrx_word' id='word_1_500' title='bbox 924 5162 967 5207; x_wconf 83' lang='lat' dir='ltr'>ex</span> <span class='ocrx_word' id='word_1_501' title='bbox 1060 5138 1239 5207; x_wconf 89' lang='lat' dir='ltr'>Honorius,</span> <span class='ocrx_word' id='word_1_502' title='bbox 1256 5136 1331 5203; x_wconf 68' lang='lat' dir='ltr'>etc„</span> <span class='ocrx_word' id='word_1_503' title='bbox 1349 5130 1559 5193; x_wconf 86' lang='lat' dir='ltr'>venerabilili</span> <span class='ocrx_word' id='word_1_504' title='bbox 1579 5130 1713 5192; x_wconf 80' lang='lat' dir='ltr'>fratri...</span> <span class='ocrx_word' id='word_1_505' title='bbox 1735 5130 1815 5206; x_wconf 90' lang='lat' dir='ltr'>epis·</span> 
     </span>
     <span class='ocr_line' id='line_1_51' title="bbox 163 5226 1814 5329; baseline -0.014 -19"><span class='ocrx_word' id='word_1_506' title='bbox 163 5254 360 5329; x_wconf 80' lang='lat' dir='ltr'>pertenue,</span> <span class='ocrx_word' id='word_1_507' title='bbox 381 5250 412 5310; x_wconf 90' lang='lat' dir='ltr'>et</span> <span class='ocrx_word' id='word_1_508' title='bbox 428 5247 578 5309; x_wconf 89' lang='lat' dir='ltr'>abbatem</span> <span class='ocrx_word' id='word_1_509' title='bbox 595 5249 628 5307; x_wconf 91' lang='lat' dir='ltr'>et</span> <span class='ocrx_word' id='word_1_510' title='bbox 642 5245 822 5306; x_wconf 88' lang='lat' dir='ltr'>monachos</span> <span class='ocrx_word' id='word_1_511' title='bbox 838 5246 871 5304; x_wconf 88' lang='lat' dir='ltr'>S.</span> <span class='ocrx_word' id='word_1_512' title='bbox 890 5243 967 5320; x_wconf 88' lang='lat' dir='ltr'>Spi-</span> <span class='ocrx_word' id='word_1_513' title='bbox 1020 5253 1102 5313; x_wconf 92' lang='lat' dir='ltr'>copo</span> <span class='ocrx_word' id='word_1_514' title='bbox 1126 5232 1383 5303; x_wconf 85' lang='lat' dir='ltr'>Silvanectensi,</span> <span class='ocrx_word' id='word_1_515' title='bbox 1410 5232 1443 5291; x_wconf 91' lang='lat' dir='ltr'>et</span> <span class='ocrx_word' id='word_1_516' title='bbox 1468 5229 1587 5290; x_wconf 91' lang='lat' dir='ltr'>dilecto</span> <span class='ocrx_word' id='word_1_517' title='bbox 1612 5228 1682 5288; x_wconf 83' lang='lat' dir='ltr'>lilio</span> <span class='ocrx_word' id='word_1_518' title='bbox 1706 5226 1814 5288; x_wconf 91' lang='lat' dir='ltr'>abbati</span> 
     </span>
     <span class='ocr_line' id='line_1_52' title="bbox 172 5325 1812 5421; baseline -0.017 -11"><span class='ocrx_word' id='word_1_519' title='bbox 172 5350 258 5410; x_wconf 89' lang='lat' dir='ltr'>ritus</span> <span class='ocrx_word' id='word_1_520' title='bbox 284 5346 437 5408; x_wconf 85' lang='lat' dir='ltr'>dioecesis</span> <span class='ocrx_word' id='word_1_521' title='bbox 461 5341 824 5421; x_wconf 89' lang='lat' dir='ltr'>Quinqueecolesiensis</span> <span class='ocrx_word' id='word_1_522' title='bbox 851 5357 894 5403; x_wconf 75' lang='lat' dir='ltr'>ex</span> <span class='ocrx_word' id='word_1_523' title='bbox 914 5340 966 5400; x_wconf 90' lang='lat' dir='ltr'>al·</span> <span class='ocrx_word' id='word_1_524' title='bbox 1019 5330 1208 5404; x_wconf 75' lang='lat' dir='ltr'>caroliloci,</span> <span class='ocrx_word' id='word_1_525' title='bbox 1240 5327 1500 5390; x_wconf 87' lang='lat' dir='ltr'>Silvanecteusis</span> <span class='ocrx_word' id='word_1_526' title='bbox 1531 5325 1696 5396; x_wconf 87' lang='lat' dir='ltr'>dioecesis,</span> <span class='ocrx_word' id='word_1_527' title='bbox 1719 5326 1812 5386; x_wconf 88' lang='lat' dir='ltr'>salu·</span> 
     </span>
    </p>
   </div>
   <div class='ocr_carea' id='block_1_7' title="bbox 16 5435 1809 5649">
    <p class='ocr_par' dir='ltr' id='par_1_7' title="bbox 16 5435 1809 5649">
     <span class='ocr_line' id='line_1_53' title="bbox 172 5435 1177 5521; baseline -0.019 -11"><span class='ocrx_word' id='word_1_528' title='bbox 172 5448 255 5518; x_wconf 89' lang='lat' dir='ltr'>tera,</span> <span class='ocrx_word' id='word_1_529' title='bbox 286 5459 387 5521; x_wconf 90' lang='lat' dir='ltr'>supra</span> <span class='ocrx_word' id='word_1_530' title='bbox 413 5443 554 5505; x_wconf 89' lang='lat' dir='ltr'>ecclesia</span> <span class='ocrx_word' id='word_1_531' title='bbox 591 5445 623 5502; x_wconf 83' lang='lat' dir='ltr'>S.</span> <span class='ocrx_word' id='word_1_532' title='bbox 654 5440 796 5518; x_wconf 88' lang='lat' dir='ltr'>Spiritus</span> <span class='ocrx_word' id='word_1_533' title='bbox 831 5440 864 5500; x_wconf 90' lang='lat' dir='ltr'>et</span> <span class='ocrx_word' id='word_1_534' title='bbox 892 5441 964 5515; x_wconf 88' lang='lat' dir='ltr'>ejus</span> <span class='ocrx_word' id='word_1_535' title='bbox 1018 5435 1177 5505; x_wconf 77' lang='lat' dir='ltr'>temeto.</span> 
     </span>
     <span class='ocr_line' id='line_1_54' title="bbox 16 5553 1809 5649; baseline -0.015 -14"><span class='ocrx_word' id='word_1_536' title='bbox 16 5558 17 5563; x_wconf 8' lang='grc' dir='ltr'>ἵ</span> <span class='ocrx_word' id='word_1_537' title='bbox 177 5614 183 5621; x_wconf 87' lang='grc'>-</span> <span class='ocrx_word' id='word_1_538' title='bbox 209 5579 248 5649; x_wconf 77' lang='lat' dir='ltr'>tl)</span> <span class='ocrx_word' id='word_1_539' title='bbox 269 5576 376 5632; x_wconf 82' lang='lat' dir='ltr'>Phrase</span> <span class='ocrx_word' id='word_1_540' title='bbox 390 5572 559 5647; x_wconf 71' lang='lat' dir='ltr'>incompleta</span> <span class='ocrx_word' id='word_1_541' title='bbox 571 5582 596 5631; x_wconf 89' lang='lat' dir='ltr'>el</span> <span class='ocrx_word' id='word_1_542' title='bbox 610 5571 823 5647; x_wconf 80' lang='lat' dir='ltr'>inintelligihle3</span> <span class='ocrx_word' id='word_1_543' title='bbox 835 5573 860 5627; x_wconf 88' lang='lat' dir='ltr'>lc</span> <span class='ocrx_word' id='word_1_544' title='bbox 874 5569 1031 5628; x_wconf 87' lang='lat' dir='ltr'>manuscrit</span> <span class='ocrx_word' id='word_1_545' title='bbox 1040 5565 1075 5623; x_wconf 90' lang='lat' dir='ltr'>de</span> <span class='ocrx_word' id='word_1_546' title='bbox 1087 5566 1124 5622; x_wconf 86' lang='lat' dir='ltr'>ha</span> <span class='ocrx_word' id='word_1_547' title='bbox 1137 5565 1219 5621; x_wconf 87' lang='lat' dir='ltr'>Porto</span> <span class='ocrx_word' id='word_1_548' title='bbox 1230 5560 1267 5618; x_wconf 89' lang='lat' dir='ltr'>du</span> <span class='ocrx_word' id='word_1_549' title='bbox 1280 5559 1358 5616; x_wconf 84' lang='lat' dir='ltr'>Thcil</span> <span class='ocrx_word' id='word_1_550' title='bbox 1373 5567 1453 5631; x_wconf 86' lang='lat' dir='ltr'>porte</span> <span class='ocrx_word' id='word_1_551' title='bbox 1465 5572 1501 5616; x_wconf 90' lang='lat' dir='ltr'>en</span> <span class='ocrx_word' id='word_1_552' title='bbox 1515 5571 1614 5630; x_wconf 81' lang='lat' dir='ltr'>nrarge</span> <span class='ocrx_word' id='word_1_553' title='bbox 1625 5556 1651 5613; x_wconf 91' lang='lat' dir='ltr'>le</span> <span class='ocrx_word' id='word_1_554' title='bbox 1664 5565 1725 5614; x_wconf 83' lang='lat' dir='ltr'>mot</span> <span class='ocrx_word' id='word_1_555' title='bbox 1741 5553 1809 5627; x_wconf 77' lang='lat' dir='ltr'>(cic).</span> 
     </span>
    </p>
   </div>
   <div class='ocr_carea' id='block_1_8' title="bbox 0 0 1999 6196">
    <p class='ocr_par' dir='ltr' id='par_1_8' title="bbox 0 0 1999 6196">
     <span class='ocr_line' id='line_1_55' title="bbox 0 0 1999 6196; baseline 0 0"><span class='ocrx_word' id='word_1_556' title='bbox 0 0 1999 6196; x_wconf 95' lang='lat' dir='ltr'> </span> 
     </span>
    </p>
   </div>
  </div>
 </body>
</html>
