3886 6214
678 288 907 353 EPISTOLAE.
929 292 1008 354 LIB.
1030 290 1102 355 vn.
1660 290 1722 353 306

89 294 144 357 ωδ

89 468 234 524 assensu,
245 445 485 529 possessiones,
502 446 659 512 homines
673 452 774 513 etuas
789 450 873 513 alias
928 450 964 512 ln
976 452 1175 529 gehennam.
1190 452 1297 525 Quum
1311 451 1415 530 igitur
1436 451 1525 514 idem
1546 449 1611 512 sibi
1628 448 1721 512 deci-

89 549 285 614 monasterio
297 548 408 634 vestro
422 546 557 609 anobili
572 547 645 609 viro
658 549 696 608 D.
717 547 758 609 de
767 547 873 609 Puhel
928 564 999 611 mas
1013 549 1047 610 in
1063 551 1195 627 signum
1208 550 1409 612 universalis
1418 548 1558 612 dominii
1571 548 1722 609 retinue-

89 663 143 725 pro
157 646 263 707 salute
277 645 395 706 animae
411 659 480 705 suae
504 644 560 721 pia
579 643 779 707 liberalitate
798 645 871 707 col·
927 644 982 717 rit,
997 646 1074 708 etin
1083 650 1155 724 ejus
1164 648 1313 709 incidere
1321 662 1441 710 manus
1452 647 1495 709 sit
1504 645 1718 717 horrendum,

89 743 177 815 latas,
193 743 281 804 sicut
294 758 352 803 eas
361 743 451 818 juste
471 742 505 802 et
531 740 669 817 pacifice
684 742 870 819 possidetis,
927 743 985 820 qui
998 744 1134 819 Angelis
1157 744 1371 821 peccantibus
1397 760 1464 806 non
1487 743 1645 820 pepercit,
1661 741 1720 802 sed

89 840 162 902 etin
176 839 296 901 litteris
311 839 389 900 inde
414 838 573 901 confectis
599 839 722 901 dicitur
741 839 873 918 plenius
927 840 1123 903 rudentibus
1150 841 1274 903 inferni
1301 840 1467 904 detractos
1495 841 1530 901 in
1557 840 1720 901 mnarum

89 936 255 1008 contineri,
272 935 365 997 vobis
378 938 412 997 et
426 951 486 1012 per
499 951 558 997 vos
574 935 680 998 eidem
700 937 873 1025 monaste·
926 936 1063 999 tradidit
1079 938 1309 1015 cruciandus,
1349 936 1479 1000 vestras
1510 934 1720 1005 venerabiles

89 1033 341 1096 ricauctorltate
365 1032 556 1109 apostolica
578 1033 823 1106 confirmamus,
840 1033 874 1096 et
926 1048 1098 1097 monemus
1111 1037 1144 1097 et
1166 1035 1383 1098 exhortamur
1404 1036 1441 1096 in
1455 1034 1593 1096 Domino
1613 1030 1722 1095 domi-

89 1130 252 1209 praesentis
274 1129 389 1206 scripti
410 1128 596 1206 patrocinio
617 1130 870 1192 communimus.
927 1130 1091 1204 nationes,
1106 1148 1165 1210 per
1178 1133 1367 1209 Apostolica
1379 1132 1475 1194 vobis
1485 1131 1609 1207 scripta
1633 1144 1722 1207 prae·

89 1227 171 1291 Nulli
194 1242 276 1303 ergo
302 1227 437 1289 omnino
466 1226 637 1288 hominum
661 1228 761 1290 liceat
785 1228 872 1289 hanc
927 1227 1079 1305 cipiendo
1103 1230 1315 1303 mandantes,
1332 1230 1494 1308 quatenus
1521 1227 1721 1305 simplicita-

89 1324 234 1404 paginam
277 1325 400 1386 nostrae
444 1324 707 1386 confirmationis
747 1324 872 1387 infrin-
926 1326 1089 1407 tetemet
1127 1327 1337 1389 devotionem
1373 1326 1505 1404 patrum
1533 1327 1720 1389 vestrorum

90 1437 170 1499 gere,
196 1421 260 1483 etc.
293 1421 328 1483 Si
350 1421 435 1499 quis,
462 1422 526 1483 etc.
555 1421 674 1483 Datum
690 1422 870 1496 :Laterani
927 1423 1099 1486 humiliter
1113 1424 1284 1498 imitando,
1297 1425 1443 1486 decimas
1452 1424 1584 1486 vestras
1597 1436 1721 1484 cumea

90 1521 127 1582 ll
159 1518 322 1581 kalendas
361 1519 490 1597 aprilis,
520 1519 732 1597 pontificatus
767 1521 873 1584 nostri
926 1520 1129 1597 integritate,
1146 1538 1212 1599 qua
1239 1524 1273 1585 et
1300 1539 1320 1584 a
1343 1522 1449 1596 vobis,
1475 1527 1547 1584 eta
1571 1518 1722 1598 patribus

90 1632 166 1679 anno
178 1617 336 1694 septimo·
926 1620 1048 1683 vestris
1062 1619 1222 1681 hactenus
1244 1621 1323 1682 sunt
1340 1620 1458 1681 solutae
1471 1618 1635 1692 ecclesiis,
1651 1619 1719 1682 imo

927 1715 992 1795 ipsi
1006 1719 1085 1789 Deo,
1109 1732 1176 1777 nou
1199 1718 1358 1794 tanquam
1372 1732 1415 1777 ex
1435 1716 1577 1794 justitia,
1601 1715 1654 1778 vel
1678 1732 1723 1778 ex

927 1814 1136 1887 necessitate,
1158 1814 1313 1875 hilariter
1327 1813 1535 1891 persolvatis,
1559 1814 1641 1876 utet
1655 1816 1734 1875 Dua

927 1912 1049 1985 minus,
1066 1912 1123 1990 qui
1136 1911 1284 1974 datorem
1298 1911 1440 1972 hilarem
1467 1911 1586 1987 diligit,
1607 1910 1734 1972 multi-·

927 2009 1028 2087 plicet
1051 2025 1164 2071 saman
1194 2011 1342 2071 vestrum
1374 2010 1408 2070 et
1430 2008 1572 2086 Justitiae
1600 2008 1721 2070 vestrae

927 2105 1059 2184 frugum
1075 2105 1197 2182 augeat
1219 2105 1434 2177 incrementa,
1450 2105 1578 2178 scituri,
1593 2103 1721 2182 quodsi

928 2219 1026 2265 secus
1048 2202 1194 2280 egeritis
1219 2203 1306 2281 quod
1329 2218 1395 2263 non
1410 2201 1587 2270 credimus,
1604 2201 1637 2262 id
1653 2217 1722 2263 non

379 1937 573 2028 LXXXVI

88 2090 439 2163 dommuccensem
451 2092 696 2154 etnntecrsum
709 2096 873 2167 poputum

175 2190 211 2251 tn
224 2203 336 2266 regno
352 2192 548 2266 conpacta
558 2189 771 2252 constitutos.

355 2319 391 2377 29
403 2319 496 2376 martii
509 2319 588 2377 1223.

246 2440 341 2507 [Fajen
349 2440 585 2505 (iod.diplom.,lll,
598 2455 618 2501 l,
627 2441 695 2507 lot]

928 2301 1111 2379 poterimus
1121 2299 1374 2362 conniventibus
1389 2299 1494 2361 oculis
1503 2298 1719 2376 pertransire,

927 2415 970 2460 ne
986 2399 1124 2474 sanguis
1137 2400 1249 2461 vester
1261 2398 1301 2458 de
1310 2397 1433 2459 uostris
1445 2395 1599 2457 manibus
1606 2395 1721 2473 requi-

928 2495 1037 2568 ratum
1053 2495 1082 2555 si
1095 2496 1197 2557 tantae
1223 2496 1258 2556 iu
1283 2497 1399 2566 Deum,
1421 2495 1538 2571 atejus
1552 2507 1720 2569 sponsam,

91 2565 173 2623 sans
186 2565 343 2623 etordinea
361 2566 516 2639 ildegario
536 2564 572 2624 ad
586 2564 713 2624 decimas
732 2565 872 2638 ecclesiis,
928 2592 1122 2664 Ecclesiam,
1146 2592 1414 2669 praesumptionis
1437 2590 1599 2653 offensam
1613 2588 1724 2665 „9314

119 2667 191 2710 more
205 2654 301 2726 solito,
318 2653 503 2728 praestandas,
518 2662 637 2728 paterne
661 2653 836 2713 adhortatur.
927 2690 1087 2763 mimus,
1104 2689 1202 2767 prout
1227 2689 1269 2750 ad
1283 2690 1433 2751 nostrum
1457 2688 1602 2750 officium
1615 2685 1722 2763 perti·

123 2789 284 2851 Honorius
298 2789 484 2868 episcopus,
494 2792 870 2865 servasservorumDei,
928 2789 985 2849 net
998 2787 1296 2849 cabilonensium
1313 2786 1480 2858 Laterani,
1497 2787 1540 2846 IV
1557 2783 1724 2845 kalendas

93 2884 244 2949 nobilibus
271 2886 370 2959 viris,
400 2886 586 2959 comitibus,
617 2887 811 2960 baronibus,
837 2889 871 2951 at
928 2884 1055 2963 aprilis,
1069 2883 1283 2962 pontificatus
1297 2873 1505 2947 nostrianno
1521 2881 1673 2960 septimo.

92 2983 233 3046 universo
247 2983 374 3061 populo
387 2983 421 3045 in
436 2999 539 3060 regno
553 2986 735 3062 Hungariae
748 2986 875 3048 consti-

91 3078 178 3150 tutis,
199 3081 344 3144 salutem
371 3082 405 3144 et
421 3081 645 3159 Apostolicam
668 3081 875 3146 benedictio-

92 3190 168 3238 nem.

124 3275 209 3338 Tacti
223 3292 341 3338 sumus
356 3275 471 3339 dolore
486 3278 596 3340 cordis
609 3277 824 3352 intrinsecus,
841 3278 874 3341 et

91 3369 198 3447 ingimi
210 3389 355 3437 moerore
362 3374 498 3447 turbati,
507 3375 606 3452 quod,
618 3391 719 3453 quum
730 3391 790 3439 vos
800 3374 873 3438 zelo

93 3466 203 3532 fldeiac
215 3471 406 3533 devotionis
421 3473 566 3545 accensi,
579 3471 672 3535 velut
684 3473 874 3536 adolescen-

92 3565 158 3628 lule
171 3567 202 3629 in
212 3569 350 3632 odorem
359 3569 604 3645 unguentorum
614 3570 747 3632 Domini
755 3586 874 3632 excur-

94 3665 381 3739 reretishactcnus‚
390 3666 536 3728 decimas
544 3665 707 3739 ecclesiis,
715 3667 871 3741 imoDeo,

93 3763 256 3824 secundum
268 3764 446 3842 quamdam
460 3762 676 3841 approbatam
692 3766 873 3828 consuetu·

93 3854 189 3920 dinem
210 3859 368 3922 hilariter
386 3860 615 3938 persolvendo,
631 3875 720 3923 nunc
739 3860 873 3923 homine

94 3952 192 4032 iniquo
211 3957 500 4036 superseminante
524 3957 665 4031 zizania,
681 3959 713 4021 et
739 3959 874 4021 veritati

94 4064 150 4112 non
162 4052 295 4117 obedire
306 4055 436 4116 vestros
451 4054 566 4116 oculos
576 4054 772 4129 fascinante,
783 4056 875 4119 deci·

93 4161 153 4209 mas
172 4151 300 4214 solvere
314 4151 578 4223 renunisasicut
596 4153 796 4230 accepimus,
814 4169 872 4216 se·

94 4246 219 4309 cundum
254 4248 529 4311 consuetudinem
564 4241 810 4328 supradittam3
837 4251 874 4313 ut

1076 3223 1079 3226 ·
1168 3194 1434 3320 'uxxxvu

1027 3384 1079 3444 Ad
1092 3383 1394 3460 clusrremrepem
1413 3383 1631 3459 ncnparcoe:

1202 3513 1237 3572 29
1250 3512 1344 3572 martii
1359 3514 1438 3573 1223.

1093 3637 1187 3704 [Feles
1198 3637 1281 3689 Codex
1289 3638 1408 3704 diplom,
1417 3638 1487 3700 lll,1,
1498 3632 1566 3702 loo]

927 3751 1073 3811 Andream
1087 3753 1173 3811 etiam
1186 3767 1289 3826 regam
1300 3751 1441 3811 adsolitas
1450 3750 1577 3810 decimas
1588 3765 1646 3808 non
1658 3749 1723 3809 sub·

1153 3839 1309 3899 trahendas
1321 3839 1494 3898 cohortatur.

967 3956 1135 4020 Honorius
1146 3958 1334 4035 episcopus,
1344 3972 1639 4020 servusservorum
1648 3955 1720 4030 Dei,

927 4056 1053 4119 illustri
1066 4056 1140 4133 regi
1151 4055 1345 4133 Hungariae,
1362 4056 1545 4117 salutemet
1559 4055 1723 4132 Apostoli

928 4170 1002 4217 cam
1015 4153 1292 4215 benedictionem.

967 4250 1161 4314 Devctionis
1181 4252 1320 4328 puritas,
1348 4250 1382 4312 et
1409 4250 1604 4327 simplicitas
1631 4249 1721 4323 fidei,

95 4344 174 4417 quasi
189 4345 242 4407 ubi
258 4347 377 4423 pascat
394 4361 537 4424 sponsus
551 4347 722 4421 Ecclesiae,
739 4347 796 4409 ubi
809 4364 873 4410 cu·
929 4349 1047 4426 quibus
1070 4349 1232 4410 hactenus
1258 4348 1519 4426 praedecessores
1546 4348 1595 4409 tui
1623 4363 1722 4425 regas

95 4434 141 4500 bet
153 4441 343 4514 inmeridie,
359 4444 496 4505 minime
512 4443 696 4516 intellecto,
712 4446 874 4522 pustgre-
927 4446 1120 4522 Hungariae,
1138 4461 1205 4507 non
1218 4445 1336 4514 solum,
1353 4446 1388 4506 in
1412 4445 1586 4508 charitatis
1606 4446 1723 4507 latitu-

95 4549 156 4609 gem
175 4541 338 4602 sodalium
363 4543 436 4618 ejus
455 4541 647 4618 inciperetis
670 4544 819 4619 evagari,
833 4559 873 4605 ac
928 4543 1006 4605 dine
1020 4543 1245 4611 ambularunt,
1259 4543 1390 4604 Domini
1406 4543 1611 4620 exprimendo
1623 4558 1723 4604 man-

95 4632 120 4691 si
142 4635 284 4699 cbristus
309 4639 407 4700 Jesus
429 4639 507 4699 ante
529 4639 661 4700 vestros
688 4639 803 4700 oculos
830 4639 875 4702 sit
929 4641 1018 4714 data,
1048 4641 1081 4703 et
1104 4642 1139 4701 in
1167 4641 1217 4701 eis
1254 4639 1392 4702 dilatato
1421 4639 1521 4702 corde
1544 4641 1719 4712 currendo,

94 4734 293 4811 proscriptus.
310 4728 391 4806 Quis
404 4750 465 4797 vos
484 4733 672 4808 fascinavit,
690 4736 874 4798 carissimit
929 4744 1045 4800 verum
1065 4739 1165 4800 etiam
1186 4737 1403 4799 consiliorum
1423 4739 1558 4800 semitas
1573 4739 1651 4799 sunt
1667 4737 1723 4797 in-

95 4827 163 4899 Quis
173 4830 219 4892 sic
229 4849 290 4893 vos
305 4832 411 4895 iecita
424 4832 576 4895 veritatis
585 4832 704 4896 semita
717 4834 875 4896 deviaret
928 4836 1047 4912 gressi,
1071 4851 1139 4897 non
1160 4835 1271 4897 nullos
1296 4835 1410 4897 exeis
1436 4835 1477 4897 ad
1502 4850 1721 4913 supernorum

95 4924 331 4991 utsubtrahatis
346 4930 485 4991 Domino
496 4933 668 5007 jurasna;
683 4930 873 5008 intelligere
928 4949 996 4995 non
1025 4933 1153 4995 tantum
1182 4932 1387 4995 consortium
1413 4932 1635 5004 adduxerunt,
1661 4930 1721 4992 sed

95 5023 295 5101 negligentes,
312 5027 399 5104 quod
418 5029 509 5089 terra
535 5029 568 5089 et
585 5027 677 5089 illius
699 5029 872 5106 plenitudo
928 5031 961 5091 et
981 5030 1163 5091 virtutibus
1184 5030 1409 5094 clarificantes
1433 5031 1465 5092 et
1489 5029 1605 5106 signis,
1631 5028 1722 5089 fece-

96 5117 134 5179 sit
143 5124 219 5198 ejus,
242 5126 299 5201 qui
323 5124 379 5185 dat
402 5139 515 5186 semen
543 5126 678 5197 serenti,
696 5126 730 5188 et
754 5142 873 5203 panem
928 5129 1007 5187 runt
1035 5127 1071 5188 in
1103 5126 1204 5189 terris
1235 5129 1387 5205 catalogo
1425 5131 1615 5189 sanctorum
1656 5126 1721 5187 ad·

96 5221 268 5290 prastatad
283 5222 569 5295 manducandum
589 5223 646 5300 qui
661 5222 788 5285 etfacit
802 5223 874 5284 ira·
929 5223 1042 5295 scribi,
1072 5224 1106 5286 ct
1144 5224 1327 5287 christiana
1350 5224 1585 5287 venerabiliter
1612 5224 1722 5284 excoli

95 5311 152 5386 tus,
172 5318 206 5379 ut
227 5318 338 5381 decem
349 5321 471 5396 jugera
483 5320 658 5381 vinearum
672 5319 799 5382 faciant
817 5319 873 5382 la·
924 5321 1071 5398 'pietate;
1094 5337 1235 5399 quorum
1259 5321 1467 5383 devotionem
1482 5322 1514 5383 et
1540 5321 1637 5382 fldem
1657 5320 1722 5383 sibi

96 5413 257 5484 guncuam
285 5431 404 5492 unam;
432 5418 465 5478 et
482 5418 560 5479 tres
586 5417 714 5479 modios
749 5417 875 5481 faciant
928 5418 1254 5496 subjectuspopulus
1269 5418 1441 5490 imitando,
1456 5417 1721 5481 benedictionem

97 5510 185 5571 modii
196 5513 331 5590 triginta
356 5515 534 5589 sementis3
550 5514 606 5592 qui
624 5516 657 5578 et
676 5516 872 5593 potestatam
927 5532 948 5578 a
963 5517 1102 5579 Domino
1117 5517 1158 5578 de
1173 5530 1249 5577 rore
1260 5515 1335 5577 coeli
1355 5514 1389 5576 et
1401 5515 1500 5577 terrae
1520 5515 1722 5594 pinguedine

97 5601 184 5670 babet
196 5611 268 5687 post
280 5611 351 5675 haec
365 5628 485 5691 corpus
511 5615 545 5676 et
562 5613 708 5675 animam
734 5614 873 5693 perdere
929 5615 1079 5677 noscitur
1091 5612 1269 5691 reperisse,
1285 5611 1361 5675 data
1383 5611 1447 5675 sibi
1466 5613 1562 5690 quasi
1578 5614 1722 5692 undique
