3930 6206
211 280 273 342 699

118 464 127 479 ν
252 437 314 511 Qui
327 436 457 499 nostras
472 447 532 512 per
545 430 814 510 suppressionem
822 433 893 493 veri
908 431 1003 493 litte·

210 552 266 599 ras
292 533 519 612 impetrantes,
540 531 675 591 illarum
696 529 867 591 commodo
890 533 1005 592 carent

211 648 287 696 cum
299 633 422 695 veritas
437 629 619 698 reseratur,
634 627 666 688 id
682 626 746 688 sibi
761 626 882 689 debent
892 628 1004 703 impu-

209 733 283 793 tare
298 746 364 791 non
377 727 485 799 nobis,
499 726 556 804 qui
578 726 725 786 omnium
739 723 864 785 habere
877 740 1004 786 memo-

212 829 298 890 riam
317 843 383 888 non
398 825 559 896 valemus,
587 840 662 884 cum
676 822 709 882 id
722 822 870 883 divinum
886 822 929 883 sit
944 838 1006 898 po-

211 926 279 987 tius
294 938 392 1001 quam
410 923 602 983 humanum.
625 923 663 981 ln
685 919 805 981 litteris
829 919 1003 996 siqnidem,

212 1039 272 1101 per
286 1038 367 1101 quas
381 1021 460 1083 olim
484 1019 544 1081 tibi
568 1017 808 1088 mandavimus,
831 1018 867 1078 ut
885 1016 1005 1078 dilecto

212 1121 281 1182 filio
297 1119 467 1190 Clementi,
479 1117 535 1195 qui
548 1117 582 1177 in
598 1131 656 1192 spe
667 1114 868 1192 provisionis
882 1116 1004 1175 nostrae

210 1217 334 1280 frustra
350 1216 475 1277 diutius
492 1214 661 1275 laborarat
675 1212 710 1273 in
724 1211 934 1274 atrebatensi
948 1227 1006 1272 ec·

211 1315 315 1377 clesiu
329 1313 534 1392 provideres,
552 1310 742 1388 hujusmodi
757 1309 908 1369 clausula
923 1324 1006 1369 oon-

211 1414 360 1475 tinetur:
390 1414 534 1472 Securus
563 1408 650 1486 quod
672 1422 732 1485 pro
747 1406 871 1467 nullius
892 1406 1006 1483 provi-

211 1511 305 1572 sione
326 1507 387 1570 tibi
411 1521 590 1584 gravamen
612 1505 787 1566 decaetero
811 1503 1003 1565 inseremus.

212 1608 328 1684 Nuper
340 1607 450 1666 autem
468 1603 563 1665 nobis
576 1603 749 1663 insinuare
762 1601 899 1673 curasti,
918 1601 1004 1678 quod

211 1704 381 1768 lohannes
408 1702 514 1763 dictus
543 1701 655 1762 audax
678 1699 885 1775 postmodum
906 1699 948 1758 ad
972 1701 1005 1761 te

212 1801 344 1863 nostras
358 1815 459 1877 super
473 1798 663 1874 provisione
679 1811 740 1857 sua
759 1796 794 1856 in
820 1795 935 1857 eadem
948 1811 1005 1857 ec·

213 1897 316 1959 clesia
332 1895 461 1957 litteras
481 1894 687 1964 monitorias,
715 1894 748 1953 et
769 1892 1005 1969 praeceptorias

213 1992 412 2072 impetravit,
430 1991 470 2053 de
485 1991 635 2052 clausula
657 1989 846 2066 supradicta
860 2005 926 2049 nou
940 1989 1004 2050 ha-

212 2090 282 2153 bita
297 2090 476 2151 mentione.
492 2091 600 2161 Quare
616 2086 712 2147 nobis
736 2086 907 2146 humiliter
921 2102 1004 2162 sup·

212 2187 357 2267 plicasti,
370 2188 406 2247 ut
418 2187 560 2263 tesuper
572 2185 635 2245 hoc
646 2182 778 2260 fatigari
789 2182 831 2244 ab
842 2184 1005 2244 eocontra

212 2286 362 2348 tenorem
377 2282 576 2360 supradictae
591 2280 749 2343 clausulae
762 2296 829 2342 nou
844 2280 1002 2341 sinamus.

212 2382 371 2445 Nolentes
386 2380 488 2457 igitur
502 2395 542 2440 ea
557 2379 655 2440 irrita
681 2378 801 2450 lacere,
819 2394 892 2455 quae
919 2380 1005 2439 sicut

213 2478 405 2541 solemniter
419 2477 459 2538 de
480 2475 603 2537 nostris
632 2474 730 2536 labiis
759 2475 1003 2551 processerunt,

213 2577 249 2637 ut
263 2576 363 2637 etiam
387 2573 568 2634 munimine
588 2571 777 2649 apostolica
791 2571 881 2632 bulla
896 2587 1004 2649 appa·

212 2672 308 2735 reant
322 2671 488 2742 roborata,
504 2671 571 2732 tea
593 2669 774 2730 monitione
793 2670 826 2730 et
841 2670 1004 2746 praecepto

212 2768 402 2847 hujusmodi
413 2771 570 2844 tanquam
584 2783 643 2844 per
651 2766 723 2828 veri
736 2768 1004 2843 suppressionem

211 2867 353 2931 obtentis
373 2866 541 2927 reddimus
565 2864 763 2936 absolutum,
781 2864 826 2925 ita
853 2864 939 2941 quod
962 2863 1004 2924 ab

211 2965 327 3027 eodem
347 2967 377 3026 J.
403 2966 518 3026 contra
543 2964 691 3023 tenorem
718 2962 884 3039 praedictae
906 2962 1002 3023 clau-

211 3062 292 3123 sulae
308 3060 447 3122 ulterius
475 3076 541 3121 non
565 3059 710 3133 vexeris,
737 3058 798 3120 tibi
822 3063 1004 3135 praesentes

210 3159 339 3220 litteras
368 3159 402 3218 in
428 3158 528 3233 thus
552 3157 602 3218 rei
624 3156 851 3218 testimonium
879 3172 1002 3217 conce·

211 3255 337 3317 dentes.
350 3256 467 3316 Datum
481 3253 648 3327 Laterani,
663 3255 691 3314 V
704 3253 778 3313 idus
795 3253 1000 3330 septembris,

211 3352 422 3430 pontificatus
437 3351 542 3412 nostri
555 3366 645 3412 anno
656 3365 755 3411 none.

588 3580 623 3666 X

235 3816 241 3827 ,
309 3736 361 3796 Ad
372 3735 554 3795 uniuersos
570 3731 700 3794 obrosio·
712 3731 828 3803 sidetes
840 3745 905 3805 per

232 3832 457 3907 comparatam
478 3830 512 3891 et
529 3830 749 3891 Maritimum
766 3827 980 3890 constitutos.

460 3957 646 4033 idseptcmb.
669 3959 747 4016 tart.
791 3952 795 3957 ’

257 4083 385 4146 [Τὴοίηοτ,
396 4078 452 4134 cod.
463 4080 525 4146 dipl.
537 4080 646 4132 dominii
657 4085 747 4145 temp,
760 4080 780 4138 l,
797 4080 837 4139 80,
850 4092 876 4130 u.
890 4076 956 4145 ltu]

236 4208 285 4265 Eis
297 4207 413 4265 mandat
427 4213 459 4265 ut
472 4206 608 4264 Ecclesia
622 4213 650 4262 et
665 4204 820 4262 rectoribus
834 4204 888 4262 sibi
902 4204 975 4262 datis

478 4295 575 4352 stricte
586 4292 731 4350 obediant.

249 4412 415 4474 Honorius
424 4410 610 4488 episcopus,
619 4426 735 4472 servus
748 4425 920 4471 servornm
929 4410 999 4482 Dei,

209 4509 338 4572 dilectis
363 4508 441 4569 liliis
456 4508 621 4569 universis
637 4507 789 4568 fidelibus
804 4507 928 4568 nostris
943 4523 1002 4584 per

209 4606 422 4685 Campaniam
447 4608 481 4667 et
508 4606 710 4666 Maritimam
730 4604 929 4673 constitutis,
945 4620 1002 4665 sa-

209 4707 311 4768 lutem
324 4696 357 4766 et
368 4700 592 4781 Apostolicam
604 4700 879 4764 benedictionem.

250 4805 413 4874 Quantum
425 4799 565 4876 publicae
575 4798 728 4861 utilitatis
739 4798 881 4868 intersit,
892 4798 928 4858 ut
937 4798 1002 4859 ter·

209 4916 323 4962 rarum
338 4898 463 4961 domini
475 4898 508 4959 et
519 4901 665 4959 rectores
675 4895 717 4956 ab
729 4895 793 4966 his,
806 4911 907 4971 super
918 4911 1000 4971 quos

209 4996 332 5059 habent
353 4995 534 5057 dominium
554 4996 587 5054 et
610 4993 774 5069 regimen,
808 4991 998 5063 timeantur,

209 5097 295 5173 ipsa,
316 5095 344 5155 si
360 5091 531 5155 reminisci
550 5089 641 5161 libet,
659 5106 771 5151 rerum
793 5088 1001 5166 experientia

208 5191 383 5253 didicistis.
402 5191 464 5262 Qui
486 5189 573 5250 enim
595 5188 742 5249 vestrum
757 5202 824 5248 non
846 5186 1001 5247 viderunt

208 5288 268 5351 sub
293 5291 423 5350 rectore
445 5286 631 5361 contempto
657 5283 842 5345 exuberare
863 5296 1001 5360 perver-

208 5400 320 5448 sorum
336 5398 504 5455 excussae,
515 5382 644 5444 turbari
668 5381 793 5450 omnia,
821 5376 854 5442 et
874 5380 924 5442 ias
940 5397 1000 5441 ne-

206 5482 323 5559 fasque
333 5480 502 5553 coniundi,
519 5479 579 5540 sub
595 5477 772 5540 formidato
794 5479 904 5540 autem
919 5494 1001 5539 con-

209 5579 390 5655 quiescere,
416 5578 579 5639 malorum
605 5575 780 5638 audaciam
806 5575 997 5647 cohibitam,

828 271 1004 335 HONORII
1025 274 1071 333 111
1093 274 1241 334 OPERA.

1663 275 1851 361 'roo

1058 432 1131 509 ipso
1140 434 1229 505 metu
1244 429 1356 493 omnia
1371 430 1444 493 deri
1459 430 1576 492 ordine
1597 433 1631 492 et
1651 429 1744 492 felici
1758 432 1850 493 han·

1059 529 1223 605 quillitate
1237 528 1359 590 laetari.
1385 530 1472 590 Hinc
1489 544 1570 589 sane
1584 530 1663 591 sunt
1684 529 1774 590 inter
1798 546 1850 592 vos

1059 626 1249 703 trequentes
1276 627 1501 688 dissensiones
1527 627 1560 688 et
1580 626 1755 698 scandala,
1778 628 1851 689 hino

1058 724 1166 785 caedes
1181 726 1213 784 et
1228 724 1381 785 incendia
1402 725 1646 799 perpetrantur,
1671 724 1760 800 quod
1774 722 1852 784 abu·
1943 794 1944 809 χ

1058 821 1165 882 tentes
1179 819 1382 895 benignitate
1396 835 1436 882 ac
1463 821 1624 896 patientia
1638 823 1770 891 nostra,
1788 823 1852 883 Ro·

1058 932 1192 978 manum
1206 918 1386 978 Ecclesiam
1400 920 1538 979 matrem
1551 921 1584 979 et
1599 917 1771 978 dominam
1781 935 1852 979 ves-

1058 1016 1145 1076 ham
1174 1030 1236 1076 nec
1263 1015 1349 1076 sicut
1374 1019 1513 1076 matrem
1543 1014 1763 1084 reveremini,
1798 1030 1852 1076 nec

1058 1112 1182 1173 timetis
1202 1113 1238 1174 ut
1251 1112 1430 1184 dominam,
1447 1111 1561 1172 sedda
1587 1112 1790 1188 impunitate
1805 1127 1853 1173 se-
1943 1114 1944 1121 ’

1058 1210 1131 1270 ouri
1144 1224 1218 1270 eam
1237 1210 1410 1271 audaciter
1429 1209 1599 1271 offenditis
1625 1211 1658 1270 et
1678 1211 1852 1286 praeceptis

1059 1322 1099 1368 ae
1113 1308 1367 1369 inhibitionibus
1382 1309 1456 1383 ejus
1474 1306 1680 1369 locosvobis
1696 1322 1760 1381 pro
1782 1323 1852 1367 ves-

1058 1404 1110 1467 tra
1123 1405 1365 1481 tranquillitate
1379 1418 1420 1466 ac
1432 1421 1515 1481 pace
1527 1420 1594 1465 non
1607 1405 1718 1479 magis
1733 1405 1770 1463 in
1787 1407 1852 1480 ejus
1943 1412 1944 1487 j

1059 1502 1227 1578 injuriam,
1253 1518 1352 1579 quam
1385 1503 1421 1562 in
1441 1504 1589 1563 vestrmh
1616 1501 1852 1563 detrimentum

1060 1599 1228 1675 proprium
1244 1600 1433 1661 contractis.
1451 1599 1610 1661 volentes
1620 1598 1854 1674 igiturhisoo-
1943 1588 1944 1669 Ι

1060 1711 1194 1756 currere
1226 1697 1373 1757 remedio
1408 1696 1618 1773 competenti,
1647 1711 1710 1771 pro
1747 1697 1853 1757 vaus

1059 1793 1250 1869 specialiter
1269 1808 1349 1870 pace
1370 1808 1409 1855 ac
1432 1792 1678 1870 tranquillitate
1699 1793 1854 1853 duximus

1059 1891 1281 1963 statuendum,
1294 1892 1330 1952 ut
1342 1906 1559 1968 quaecumque
1572 1890 1774 1952 civitassive
1784 1906 1854 1951 cas·

1059 1987 1319 2059 trum,antbaro
1334 1988 1580 2064 praeceptisseu
1598 1986 1851 2049 inhibitionibus

1059 2086 1200 2146 Romani
1227 2085 1404 2162 pontificis,
1432 2101 1491 2145 seu
1522 2087 1606 2162 ejus,
1636 2100 1736 2161 quem
1764 2084 1851 2145 vobis

1059 2182 1241 2260 providerit
1268 2184 1303 2243 in
1329 2184 1503 2251 rectorem,
1528 2184 1653 2243 temere
1689 2182 1851 2243 contraire

1060 2296 1276 2356 praesumens,
1293 2280 1420 2341 tamdiu
1434 2280 1469 2339 in
1490 2295 1559 2341 suae
1574 2280 1777 2342 temeritatis
1793 2296 1851 2340 au·

1060 2377 1155 2439 dacia
1168 2380 1200 2440 et
1213 2377 1396 2439 rebellione
1410 2378 1613 2454 praestiterit,
1631 2377 1720 2454 quod
1736 2377 1772 2437 in
1786 2388 1852 2453 pte*

1060 2488 1136 2535 nam
1156 2476 1290 2547 incidat,
1308 2475 1369 2536 sub
1393 2490 1458 2552 qua
1482 2475 1560 2552 quid
1583 2474 1768 2535 inhibitum
1792 2474 1852 2535 sibi

1059 2571 1159 2634 fuerit
1185 2572 1237 2634 vel
1258 2573 1460 2644 mandatum,
1477 2574 1606 2650 quodve
1629 2572 1723 2633 circa
1750 2573 1851 2649 ipsam

1060 2671 1230 2745 contingat
1248 2671 1432 2733 exercitum
1458 2669 1668 2746 congregari,
1694 2670 1732 2730 in
1750 2674 1852 2747 Apos-

1059 2767 1168 2830 tolicae
1181 2769 1275 2829 Sedis
1286 2769 1427 2843 gratiam
1443 2769 1632 2831 nullatenus
1647 2769 1848 2837 admittetur,
1943 2786 1944 2835 3

1059 2865 1163 2927 donec
1183 2882 1314 2942 poenam
1339 2866 1532 2938 exsolverit,
1550 2883 1649 2943 quam
1672 2867 1851 2928 incurrisse
1943 2876 1944 2919 l

1059 2962 1263 3039 probabitur,
1278 2965 1311 3025 et
1325 2980 1491 3040 expensas
1506 2965 1700 3027 resarcierit
1715 2964 1849 3024 uuiver-

1060 3076 1125 3132 saS,
1141 3077 1223 3137 quas
1238 3061 1310 3137 ipse
1324 3064 1495 3123 Romanus
1505 3060 1666 3138 pontifex,
1680 3063 1736 3123 vel
1751 3064 1782 3124 is
1800 3061 1850 3140 qui
1943 3130 1944 3133 Ἴ

1058 3159 1204 3218 vestrum
1220 3159 1369 3233 regimen
1385 3157 1557 3228 obtinebit,
1572 3157 1692 3220 secisse
1705 3175 1768 3235 pro
1783 3176 1851 3220 cas·
1943 3212 1944 3235 ,

1059 3251 1194 3325 tigando
1212 3254 1284 3328 eius
1300 3252 1441 3312 audacia
1456 3253 1659 3314 ostendetur.
1680 3254 1849 3314 Monemus
1943 3300 1944 3313 ,

1058 3364 1137 3424 ergo
1157 3349 1391 3410 discretionem
1412 3350 1557 3411 vestram
1582 3352 1614 3411 et
1633 3350 1848 3412 sollicitamus

1058 3447 1228 3519 attentius,
1254 3463 1293 3508 ac
1315 3463 1375 3523 per
1394 3448 1584 3525 apostolica
1608 3446 1707 3509 vobis
1731 3450 1847 3525 scripta
1943 3458 1944 3533 j

1058 3544 1279 3621 praecipiendo
1295 3544 1501 3617 mandamus,
1512 3547 1675 3622 quatenus
1690 3548 1847 3608 statutum
1943 3586 1944 3613 2

1057 3640 1245 3718 hujusmodi
1277 3643 1468 3705 memoriter
1499 3643 1682 3704 retinentes
1727 3644 1846 3704 curetis
1943 3648 1944 3719 Ι

1058 3738 1204 3800 studiose
1219 3754 1348 3809 cavere,
1374 3755 1417 3800 ne
1440 3738 1522 3801 illud
1537 3740 1664 3801 temere
1678 3739 1842 3801 incidatis.
1943 3724 1944 3811 Ῑ

1057 3834 1174 3897 Datum
1191 3837 1358 3908 Laterani,
1372 3838 1433 3897 Xll
1449 3834 1517 3897 kal.
1534 3822 1692 3909 octobris,
1720 3836 1847 3915 pontina

1059 3934 1152 3995 catus
1167 3932 1272 3994 nostri
1283 3948 1370 3994 anno
1381 3949 1480 3994 nono.
1943 3920 1944 3943 ¹

1425 4172 1481 4259 XI

1056 4326 1108 4385 Ad
1122 4326 1318 4399 episcopum
1341 4300 1374 4386 et
1394 4324 1584 4398 capitutum
1603 4314 1842 4387 Massilienses

1312 4454 1347 4511 ii
1359 4453 1498 4527 septemb.
1511 4453 1592 4512 aaut.

1103 4576 1222 4640 [Regest.,
1233 4575 1279 4625 lib.
1292 4577 1335 4634 lx,
1349 4590 1388 4639 ep.
1399 4576 1439 4625 it.
1452 4578 1510 4627 tiss.
1522 4562 1644 4627 darom
1661 4576 1696 4628 du
1710 4577 1802 4643 Theti]

1056 4694 1172 4759 liandat
1186 4708 1224 4768 ut,
1239 4700 1318 4772 iuxta
1336 4700 1551 4773 requisitionem
1569 4700 1674 4758 clvinrn
1689 4698 1840 4760 liassiiieu·
1943 4682 1944 4767 l

1090 4791 1175 4858 sium,
1191 4788 1233 4845 eis‘
1252 4789 1424 4846 concedetur
1446 4784 1585 4846 medietas
1608 4786 1735 4848 civitatis
1748 4788 1839 4848 llassi·
1943 4776 1944 4861 Ῐ

1090 4878 1197 4946 liensis,
1215 4876 1340 4948 subjecta
1356 4877 1544 4949 episcopatui,
1555 4867 1651 4934 habita
1662 4879 1840 4951 recompensa

1090 4972 1119 5022 et
1132 4972 1270 5038 preterea
1283 4975 1313 5022 ut
1324 4979 1357 5023 se
1367 4960 1631 5023 favorabilessnlvo
1642 4962 1842 5039 jucundans
1943 4974 1944 5037 ζ

1090 5053 1245 5112 exhibeant
1257 5053 1340 5112 dictis
1354 5053 1474 5112 civibus.

1095 5184 1262 5249 Honorius
1276 5190 1460 5265 episcopus,
1471 5190 1586 5250 servus
1598 5187 1836 5257 servorumb'el,

1054 5285 1239 5347 venerabili
1255 5282 1387 5347 fratri...
1399 5286 1553 5363 episcopo
1569 5282 1601 5347 et
1616 5285 1749 5347 dilectis
1770 5285 1838 5346 illlis

1055 5368 1837 5459 capianoMassiliensi,sa1utemetapostolicam

1054 5479 1330 5542 benedictionem.

1094 5577 1212 5639 Dileeti
1228 5577 1288 5638 lilii
1303 5577 1394 5639 cives
1406 5577 1633 5639 Massilienses
1655 5577 1750 5640 nobis
1762 5570 1837 5636 insi·
