3930 6206
233 370 294 432 655

537 537 723 626 dcxxix

231 692 284 753 Ad
298 691 493 753 conradum
509 692 704 765 episcopum
719 688 1024 750 Httdesemensem.

522 829 558 887 23
572 829 640 885 maii
656 827 736 886 ml.

380 953 542 1019 [surannae.
556 952 662 1018 namsi,
676 953 708 1012 n,
722 950 777 1009 rot,
788 966 813 1002 n.
824 912 876 1016 rep

233 1082 269 1149 Ut
289 1080 441 1153 diligenter
466 1080 610 1137 examinet
634 1093 670 1135 an
691 1075 726 1135 ad
750 1075 957 1135 absolutionem
980 1073 1026 1131 vel

267 1168 535 1227 condemnationem
565 1166 680 1225 Henrlci
710 1163 852 1235 biinnilre,
884 1162 1026 1236 prepositi

268 1258 296 1317 S.
316 1259 413 1316 illaria
428 1257 461 1325 in,
471 1256 609 1324 Goslaria,
626 1269 811 1329 processurus
825 1253 872 1311 sit.

272 1391 944 1468 Honoriusapiscopus,serrusservorum
953 1384 1025 1456 Dei,

206 1488 211 1495 '
232 1488 417 1551 venerabili
430 1488 525 1550 iratri
540 1489 694 1564 episcopo
709 1484 963 1556 Hildesemensi,
978 1497 1029 1544 sa·

233 1586 383 1661 tutemet
395 1585 618 1662 apostolicam
632 1583 908 1646 benedictionem.

273 1687 323 1745 Ex
338 1686 431 1761 parte
451 1682 621 1761 praepositi
638 1683 670 1743 S.
688 1682 804 1742 Mariae
819 1681 854 1741 iu
876 1677 1028 1742 Goslaria

233 1780 296 1843 tuit
310 1781 514 1859 propositum
530 1795 642 1841 coram
663 1779 771 1851 nobis,
787 1777 875 1856 qnod
896 1777 945 1849 tu,
962 1791 1027 1836 nc·

232 1879 380 1941 tantibus
408 1893 483 1939 eum
511 1877 707 1955 quibusdam
732 1875 862 1937 aemulis
888 1874 959 1935 suis
987 1872 1029 1933 de

232 1976 391 2038 haeretica
410 1975 585 2053 pravitate,
611 1990 679 2036 non
703 1972 941 2044 examinatum,
967 1985 1029 2031 nec

233 2074 432 2144 convictum,
467 2088 529 2134 nec
571 2072 772 2142 contessum,
808 2069 883 2146 capi
921 2066 1029 2129 fecisti

233 2171 385 2233 eumdem
401 2173 435 2232 et
449 2170 611 2232 carcerali
631 2169 759 2231 detines
774 2166 925 2229 custodia
939 2180 1030 2226 man·

234 2269 386 2346 cipetum.
408 2268 500 2330 Unde
515 2266 687 2329 humiliter
702 2263 883 2344 postulavit
896 2266 934 2325 ut
948 2277 1030 2325 exa-

234 2366 357 2428 minari
372 2367 485 2442 ipsum
502 2380 604 2441 super
622 2363 774 2425 articulis
794 2361 871 2423 iidei
891 2358 1030 2423 manda-

233 2479 357 2533 remus
374 2462 416 2533 et,
436 2462 464 2523 si
477 2461 634 2523 inventus
650 2460 751 2522 tuerit
775 2474 892 2535 sapere
914 2459 1029 2519 contra

235 2560 333 2621 iidem
349 2561 382 2622 et
396 2560 494 2636 juxta
509 2558 702 2621 mandatum
715 2555 874 2618 Ecclesiae
895 2554 937 2616 ad
957 2555 1030 2630 ejus

235 2673 303 2721 non
322 2656 462 2720 redierit
477 2656 649 2724 unitatem,
667 2656 826 2732 perpetuo
845 2652 1030 2714 laceremus

234 2770 311 2817 eum
325 2754 455 2816 carceri
477 2753 641 2830 deputari.
664 2752 748 2824 Quia
762 2766 842 2813 nero
857 2749 1031 2825 indignum

235 2852 405 2923 existeret,
436 2852 532 2913 utet
565 2850 727 2912 innocens
753 2848 969 2929 damnaretur
999 2846 1031 2907 et

235 2965 335 3028 poena
353 2965 420 3011 non
442 2948 638 3025 sequeretur
658 2945 767 3009 debita
791 2945 869 3006 iidei
889 2958 1030 3021 perver-

234 3063 356 3119 sorem,
393 3045 595 3108 fraternitati
636 3044 703 3106 tuae
743 3059 804 3120 per
842 3039 1031 3118 apostolica

236 3145 359 3222 scripta
371 3144 577 3215 mandamus,
590 3143 753 3220 quatenus
765 3138 939 3220 praelatum
950 3152 1033 3214 prae·

237 3243 382 3321 positum
396 3241 437 3303 ad
461 3240 665 3302 venerabilis
686 3237 801 3299 fratris
822 3235 929 3298 nostri
949 3237 1034 3296 Por-

237 3340 365 3403 tuensis
391 3338 551 3416 episcopi,
578 3335 777 3414 apostoticae
800 3332 895 3395 Sedis
918 3331 1030 3408 legati,

238 3438 293 3501 cui
306 3452 407 3514 super
421 3436 484 3497 boc
498 3434 674 3511 dirigimus
696 3432 820 3509 scripta
840 3434 954 3492 nostra
972 3427 1048 3489 ad-·

239 3534 341 3595 ducas
366 3532 591 3612 presentiam,
616 3532 649 3593 et
675 3545 787 3591 coram
812 3544 863 3600 eo,
886 3525 1033 3604 praelatis

238 3630 411 3691 instructis
434 3629 470 3690 in
494 3642 591 3690 sacra
615 3626 738 3704 pagina
760 3626 801 3686 ad
821 3625 885 3686 boc
904 3623 1035 3699 specia-

238 3729 318 3790 liter
343 3726 545 3799 conrocatis,
582 3724 755 3787 examines
790 3722 967 3798 diligenter
992 3718 1033 3780 ad

239 3825 488 3888 absolutionem.
505 3822 559 3885 rel
585 3819 890 3884 condemnationem
913 3816 1032 3894 ipsius,

243 3924 341 4001 prout
359 3921 540 3999 secundum
565 3923 668 3981 Deum
689 3920 728 3986 et¹
744 3915 938 3980 orthodoxae
957 3913 1034 3974 lidei

243 4021 422 4099 puritatem
438 4018 595 4096 expedire
609 4014 789 4084 videbitur,
805 4027 1031 4091 processurus.

243 4118 362 4179 Datum
383 4115 550 4186 Laterani,
570 4117 601 4174 Χ
623 4111 785 4174 kalendas
800 4109 901 4189 junii,
920 4107 1035 4185 ponti·

245 4214 364 4295 ficatus
376 4212 485 4275 noemi
500 4226 590 4273 anno
605 4210 733 4292 octavo.

559 4505 725 4595 dcxxx

246 4672 298 4749 Ad
312 4671 505 4732 Henrtcam
516 4667 670 4729 abbatem
680 4658 1037 4725 monosterttsancto-

286 4783 370 4830 ram
387 4764 488 4827 Petri
506 4766 541 4827 et
561 4764 665 4825 Poutt
685 4760 789 4834 atque
812 4754 973 4819 Maartttt
996 4757 1037 4815 de

287 4865 498 4926 Ebcrsbetm.

398 4938 400 4942 ”
537 4937 572 4996 23
586 4936 654 4994 maii
669 4933 749 4993 last.

364 5069 542 5138 [Wurdtweim
556 5069 628 5123 Nora
640 5064 760 5124 subsidia,
777 5064 845 5123 xiil,
857 5061 925 5127 m]

248 5209 452 5289 llonasterium
468 5205 516 5263 SS.
533 5203 609 5262 Petri
620 5209 650 5259 et
664 5200 744 5258 Pauli
758 5205 843 5270 atquo
855 5194 978 5255 lianritii
989 5208 1035 5251 so·

283 5300 451 5368 clerumque
465 5295 528 5366 ejus
545 5290 581 5348 de
602 5288 781 5356 libersbeim,
803 5286 888 5351 situm
911 5284 940 5339 in
962 5296 1039 5356 pago

282 5384 534 5459 Alsatlensisuper
548 5378 676 5448 durium,
692 5377 740 5450 qui
754 5375 856 5432 dicitur
867 5373 938 5439 illa,
954 5378 1036 5428 tuen·

283 5474 352 5532 dum
376 5472 494 5545 suscipit
522 5481 680 5540 omnesque
706 5464 769 5538 ejus
790 5460 988 5535 possessiones
1006 5473 1040 5516 ac

284 5562 358 5636 bona
374 5560 533 5618 confirmat.

291 5685 457 5764 lionorius
465 5683 650 5759 episcopus,
662 5695 777 5742 servus
788 5689 959 5752 serrorum
968 5672 1038 5743 Dei,

848 368 1024 432 Honesti
1045 366 1091 428 ΙΙΙ
1113 366 1260 429 OPERA.
1785 366 1834 428 tit

1079 524 1211 587 dilectis
1246 521 1326 584 illlis
1362 520 1507 583 Henrlco
1541 517 1648 583 abbati
1674 521 1834 584 monaterii

1082 624 1278 683 Sanctorum
1293 618 1384 681 Petri
1399 620 1433 680 et
1447 617 1543 679 Pauli
1557 619 1653 695 atqua
1664 619 1794 679 Mauritii
1804 620 1835 680 de

1083 718 1286 790 liberabeim,
1304 720 1442 794 ejusque
1460 715 1618 777 iratribus
1636 716 1700 777 tam
1712 730 1836 791 presen-

1081 816 1170 878 tibus
1195 830 1293 894 quam
1317 815 1439 875 suturis
1462 812 1647 889 regularem
1665 812 1758 874 riam
1776 828 1837 889 prn-

1081 913 1182 974 iessis
1195 914 1229 972 in
1245 912 1438 989 perpetuam
1452 909 1657 971 memoriam.

1121 1009 1256 1082 Quoties
1271 1007 1399 1070 anobis
1415 1008 1548 1084 petitur,
1565 1005 1649 1083 quod
1668 1003 1839 1080 religioniet

1081 1106 1250 1168 honestati
1262 1104 1443 1167 convenire
1455 1103 1669 1180 dignoscitur,
1684 1101 1782 1162 animo
1791 1117 1837 1163 nos

1082 1204 1176 1267 decet
1195 1202 1311 1265 libenti
1325 1200 1519 1271 concedere,
1536 1202 1569 1261 et
1581 1199 1753 1277 petentium
1765 1198 1837 1259 desi·

1082 1301 1184 1363 deriis
1202 1315 1384 1375 congruum
1399 1297 1597 1374 suffragium
1613 1294 1776 1373 impertiri.
1787 1297 1838 1355 lia·

1082 1399 1227 1476 propter,
1239 1396 1351 1459 dilecti
1361 1396 1397 1456 in
1408 1395 1548 1456 Domino
1558 1393 1631 1466 filii,
1643 1392 1839 1469 rasnisjusm

1082 1493 1360 1573 postulationibus
1399 1492 1579 1553 clementer
1612 1488 1788 1558 annuimus,
1815 1489 1840 1550 el

1082 1591 1255 1670 praeiatum
1271 1590 1510 1652 monasterium
1526 1588 1719 1649 Sanctorum
1732 1585 1842 1647 Petriet

1084 1688 1179 1750 Pauli
1194 1690 1293 1765 atque
1315 1685 1476 1757 Mauritii,
1493 1685 1723 1761 sociorumque
1735 1686 1797 1760 ejus
1812 1680 1842 1741 de

1083 1785 1287 1856 Ebersbeim,
1304 1784 1406 1845 situm
1419 1784 1456 1844 in
1468 1797 1553 1860 pago
1565 1779 1752 1851 alsatiensi,
1765 1792 1843 1855 super

1084 1883 1222 1945 flurium
1249 1882 1305 1959 qrri
1334 1881 1457 1943 dicitur
1483 1878 1572 1951 Ylla,
1606 1878 1644 1939 in
1671 1893 1732 1955 quo
1755 1874 1843 1936 drino

1084 1980 1265 2057 mancipati
1279 1977 1359 2041 estis
1379 1977 1549 2054 obsequio,
1566 1975 1607 2036 ad
1632 1972 1789 2049 exemplar
1804 1971 1843 2032 ie·

1084 2078 1159 2140 licis
1186 2075 1427 2139 recordationis
1455 2073 1550 2134 Lucii
1571 2087 1667 2149 pape
1691 2070 1845 2149 predeces-

1084 2176 1170 2238 soris
1185 2173 1302 2246 nostri,
1326 2172 1387 2234 sub
1400 2171 1489 2233 beati
1513 2170 1604 2232 Petri
1621 2171 1655 2231 et
1672 2169 1776 2229 nostra
1787 2180 1846 2243 prn-

1084 2273 1226 2335 tectione
1254 2268 1464 2348 suscipimus,
1483 2269 1531 2328 ·et
1555 2265 1730 2343 praesentis
1756 2260 1844 2338 scripti

1085 2368 1259 2447 privilegio
1270 2366 1522 2436 communimus,
1537 2362 1700 2440 inprimis
1714 2358 1845 2438 siquidem
1925 2372 1926 2413 l

1084 2468 1277 2536 statuentes
1300 2465 1337 2525 ut
1351 2462 1431 2525 ordo
1446 2460 1663 2532 monasticus,
1679 2458 1733 2537 qui
1752 2470 1846 2517 secun·

1085 2564 1162 2625 dum
1189 2563 1249 2625 Dei
1275 2562 1309 2623 et
1339 2560 1428 2622 beati
1460 2557 1635 2620 Benedicti
1669 2552 1847 2632 regulamiu

1085 2662 1200 2723 eodem
1222 2657 1425 2721 monasterio
1446 2656 1622 2717 institutus
1646 2669 1719 2714 esse
1739 2651 1847 2726 dignos·

1086 2759 1183 2830 citur,
1199 2756 1366 2835 perpetuis
1380 2754 1504 2816 ibidem
1515 2750 1722 2828 temporibus
1732 2746 1847 2809 inuiola-

1085 2856 1197 2917 biliter
1226 2853 1429 2916 observetur.
1458 2850 1628 2912 Praeterea
1657 2855 1847 2925 quascumque

1087 2951 1323 3031 possessiones,
1345 2962 1560 3027 quaecumque
1581 2945 1670 3007 bona
1694 2943 1773 3005 idem
1794 2954 1849 2999 mo-

1087 3049 1269 3112 nasterium
1287 3048 1323 3108 in
1344 3044 1598 3123 presentiarum
1615 3044 1709 3120 juste
1723 3042 1752 3101 et
1770 3049 1849 3099 cano-

1088 3149 1162 3209 nice
1177 3144 1332 3224 possidet,
1359 3144 1417 3204 aut
1436 3142 1473 3203 in
1494 3140 1644 3203 suturam
1666 3134 1849 3200 concessione

1088 3243 1291 3322 pontificum,
1309 3239 1487 3316 largitione
1500 3252 1618 3314 regum
1632 3237 1666 3298 et
1679 3232 1847 3313 principun,
1924 3282 1925 3287 ,

1087 3341 1255 3404 oblatione
1275 3336 1433 3408 bdelium,
1459 3350 1519 3397 seu
1540 3333 1619 3396 aliis
1638 3324 1849 3410 justismodis

1088 3439 1266 3516 praestante
1291 3434 1442 3504 Domino,
1465 3431 1587 3510 poterit
1606 3427 1756 3507 adipisci,
1778 3424 1850 3484 mma

1087 3536 1182 3600 robis
1206 3532 1393 3610 vestrisque
1416 3526 1669 3591 successoribus
1695 3526 1729 3589 et
1748 3518 1850 3583 inuata
1924 3530 1925 3579 1

1088 3631 1314 3711 permaneant.
1331 3627 1500 3705 inquibus
1522 3626 1594 3687 baec
1616 3622 1757 3702 propriis
1775 3612 1851 3678 duxi·

1088 3745 1161 3791 mus
1179 3725 1395 3805 exprimenda
1409 3721 1581 3785 vocabulis
1595 3742 1602 3782 r
1620 3723 1742 3783 locum
1755 3717 1849 3793 ipsun.

1089 3827 1124 3888 in
1149 3841 1213 3903 quo
1242 3822 1415 3900 prelatum
1439 3818 1679 3881 monasterium
1704 3816 1793 3877 situm
1813 3805 1852 3868 cal

1089 3940 1164 3986 cum
1187 3920 1340 3983 omnibus
1363 3916 1574 3996 pertinentiis
1598 3916 1681 3975 suis.
1709 3915 1745 3973 ln
1765 3906 1851 3973 Sulca,

1089 4022 1215 4083 curtem
1228 4018 1331 4096 portae
1346 4032 1421 4077 cum
1435 4012 1574 4075 decimis
1589 4012 1672 4083 suis,
1688 4010 1721 4071 et
1734 4000 1852 4069 cumde-

1090 4117 1185 4180 cimis
1208 4114 1312 4178 curtis
1336 4114 1371 4174 in
1395 4111 1496 4187 agris,
1523 4109 1628 4187 pratis
1650 4109 1684 4170 et
1701 4098 1852 4166 vineislt

1090 4212 1343 4290 Regenesheim
1360 4209 1506 4270 decimas
1521 4206 1665 4267 duorum
1677 4208 1850 4264 mansorum·

1091 4314 1128 4374 In
1143 4305 1433 4373 Gundolnesbeim,
1448 4302 1611 4365 decimam
1624 4302 1767 4379 quinque
1779 4305 1853 4356 man·

1091 4424 1214 4471 sorum.
1231 4409 1268 4468 ln
1282 4403 1454 4473 Bercbolz,
1471 4400 1635 4462 decimam
1650 4398 1748 4459 unius
1758 4393 1852 4453 rinea·

1091 4510 1129 4568 ln
1147 4500 1407 4571 Balderesbeim,
1423 4500 1458 4559 in
1473 4496 1694 4566 Battenbeim,
1715 4494 1749 4553 in
1762 4485 1852 4551 Ratis·

1091 4600 1271 4671 elsesheim,
1291 4599 1327 4659 in
1339 4595 1552 4658 Ballonwilre
1569 4593 1724 4662 decimas,
1744 4581 1854 4665 quasin

1091 4698 1140 4761 eis
1168 4695 1314 4768 babelis;
1339 4691 1499 4770 capellam
1526 4689 1625 4751 Gellae
1646 4703 1722 4751 eum
1744 4676 1855 4745 decinis

1092 4794 1206 4859 allodii
1229 4792 1292 4854 sui.
1309 4790 1478 4867 Capellam
1498 4784 1710 4857 Sarmenabe,
1727 4795 1794 4844 cum
1811 4774 1855 4834 de·

1093 4893 1188 4956 cimis
1203 4888 1319 4953 allodii
1341 4888 1404 4948 sni.
1426 4888 1464 4947 ln
1487 4883 1717 4961 Egenesbeim,
1737 4875 1856 4939 decimat

1093 4990 1192 5051 unius
1217 4985 1399 5048 Dominicae
1424 4983 1540 5044 curtis.
1570 4982 1608 5041 ln
1636 4970 1854 5055 sigoltesheim

1093 5089 1220 5149 curtem
1244 5082 1450 5145 Dominicam
1473 5095 1549 5140 cum
1570 5075 1724 5140 omnihus
1751 5080 1855 5148 appen-
1922 5148 1923 5163 ἶ

1093 5184 1189 5245 dicits
1202 5180 1283 5252 suis,
1296 5178 1415 5249 vineis,
1429 5176 1521 5253 agris
1536 5177 1569 5236 et
1583 5172 1700 5251 pratis,
1713 5172 1745 5232 et
1757 5168 1855 5229 banno,
1922 5240 1923 5255 χ

1093 5282 1127 5343 et
1139 5278 1301 5357 capellam
1315 5275 1421 5353 ipsius
1440 5272 1543 5334 curtis
1562 5286 1635 5333 cum
1655 5265 1801 5330 omnibus
1813 5258 1857 5319 de-
1922 5288 1923 5349 ἒ

1093 5378 1188 5440 cimis
1205 5373 1323 5452 praedii
1341 5372 1393 5433 sui
1412 5373 1446 5432 et
1466 5385 1542 5431 cum
1559 5366 1695 5429 decimis
1709 5354 1857 5424 duodecim

1094 5487 1295 5543 mansorum,
1312 5470 1345 5532 et
1367 5467 1510 5529 aliorum
1529 5465 1668 5527 duorum
1687 5463 1858 5523 mansorum

1093 5566 1344 5648 Argentinensis
1359 5564 1520 5628 ecclesiae.
1544 5564 1580 5622 ln
1600 5557 1780 5625 oleswilre,
1797 5560 1858 5612 cur·

1095 5671 1159 5731 tem
1174 5665 1379 5730 Dominicam
1398 5677 1472 5724 cum
1488 5658 1625 5722 decimis
1637 5656 1745 5734 ipsius
1762 5639 1858 5730 praedii
