3916 6204
229 203 289 263 483
842 198 1019 260 uouonn
1040 199 1086 260 111
1108 199 1258 260 orans
1804 206 1861 271 etl

227 360 374 425 viriliter
382 361 566 424 sustinere:
580 361 725 424 sciturus
734 358 821 436 quod
832 372 933 434 super
945 357 1019 429 hoc,
1075 357 1119 420 de
1136 358 1347 434 eleemosyna
1370 355 1506 434 inclyte
1526 357 1768 422 recordationis
1784 362 1863 424 Phl-

104 538 107 545 ,
230 459 263 522 et
278 459 306 520 si
320 463 469 521 Romana
484 457 631 519 Ecclesia
647 456 826 533 plurimum
845 453 1019 525 laboravit,
1077 454 1159 531 lippi
1173 455 1278 532 patris
1292 455 1353 523 tui,
1369 453 1412 515 ad
1438 455 1563 531 negotii
1586 456 1736 532 &uadem
1759 458 1864 520 subsi-
1948 472 1949 489 ¹

230 573 297 617 non
312 557 418 618 solum
434 555 606 632 spirituale
619 554 676 614 sed
689 553 914 630 attemperale
928 551 1023 613 auxl-
1075 551 1168 612 dium
1181 551 1409 613 transmisisti.
1426 554 1535 625 Quare
1549 552 1592 614 de
1613 555 1671 616 tua
1689 556 1864 618 serenitate

230 653 312 715 lium
328 653 414 730 quod
427 652 533 728 potuit
553 651 786 728 impendendo,
803 650 1021 711 nihilominus
1075 648 1274 709 confidimns
1295 650 1328 710 et
1347 665 1530 725 speremus,
1559 652 1645 727 qnod
1671 651 1731 713 ille
1754 654 1810 729 qni
1823 654 1863 714 ad

228 751 340 813 tamen
353 749 461 825 parati
474 764 535 808 nos
556 764 681 819 sumus,
697 748 731 809 ei
742 746 889 808 laborem
902 746 943 806 ad
959 746 1021 806 hoc
1077 746 1140 807 hoo
1153 747 1221 807 tam
1236 748 1387 823 prompte
1405 748 1498 807 tuum
1523 747 1671 809 animum
1697 750 1862 822 excitavit
1948 800 1949 837 ζ

229 860 411 914 assumere,
428 844 461 905 et
475 843 698 905 consiliumet
712 842 1020 917 auxiliumimper·
1075 843 1177 904 iaciat
1190 844 1290 905 etiam
1304 843 1403 920 quod,
1426 845 1513 906 eleni
1528 860 1587 920 per
1606 845 1692 906 alias
1707 846 1864 909 litterasa
1948 840 1949 881 ³

226 942 296 1004 tiri.
310 942 451 1003 Solliciti
466 942 627 1017 praeterea
638 956 750 1000 sumus
761 941 794 1001 et
806 940 931 1003 erimus
944 954 1022 1016 quo·
1074 942 1132 1000 tua
1160 939 1360 1003 sublimitate
1387 941 1600 1018 requirimus,
1629 942 1691 1004 tibi
1718 959 1864 1005 assumes
1948 990 1949 1011 ,

228 1039 326 1099 modo
359 1037 586 1114 circumpositi
622 1037 817 1114 praedictum
849 1024 1044 1113 negotium
1075 1036 1184 1113 ipsum
1199 1037 1380 1113 negotium,
1397 1037 1578 1101 etilluded
1594 1040 1794 1105 laudemini
1806 1058 1866 1103 no-

228 1135 373 1207 ioveant,
397 1136 430 1195 et
454 1136 563 1196 tecum
585 1133 741 1194 inimicos
766 1133 857 1209 pacis
884 1134 917 1194 et
943 1132 1021 1193 ildei
1075 1133 1175 1194 minis
1196 1135 1230 1195 et
1240 1135 1289 1195 tui
1304 1134 1442 1196 honoris
1456 1138 1490 1197 et
1510 1136 1630 1201 salutis
1651 1140 1865 1212 numentum
1948 1120 1949 1193 l

228 1235 483 1310 persequantur.
511 1231 629 1292 Datum
654 1231 821 1301 Laterani,
838 1228 948 1290 idibus
962 1229 1022 1291 de-
1074 1230 1218 1292 feliciter
1229 1233 1451 1308 prosequeris.
1470 1234 1509 1294 m
1523 1233 1656 1309 quidem
1675 1244 1745 1297 non
1759 1235 1867 1298 credi—
1948 1240 1949 1297 l

226 1329 381 1401 cambris,
398 1328 611 1406 pontificatus
626 1328 733 1391 nostri
746 1342 834 1391 anno
849 1328 978 1389 octauo.
1074 1331 1196 1389 musta
1209 1328 1335 1405 aliquid
1358 1329 1451 1391 aliud
1474 1340 1575 1405 agee
1598 1346 1700 1406 posse
1720 1331 1763 1393 ad
1783 1348 1867 1408 pra·

1076 1438 1169 1496 sens,
1196 1426 1285 1487 unde
1312 1425 1461 1487 diuinam
1488 1427 1522 1489 at
1544 1428 1749 1504 apostolice
1776 1429 1868 1491 Sedis
1948 1420 1949 1445 ³

1073 1522 1217 1595 gratiam
1232 1522 1366 1584 iacilius
1376 1525 1581 1601 assequaris,
1591 1525 1646 1587 vel
1655 1525 1747 1602 cuod
1760 1527 1867 1602 magis

561 1622 685 1708 LXVI
1073 1619 1115 1679 ed
1129 1620 1224 1695 regni
1237 1621 1287 1682 tui
1311 1621 1434 1683 stabim
1448 1622 1614 1698 pertinent
1637 1624 1672 1684 et
1692 1622 1865 1685 honorem
1948 1604 1949 1629 ¹

1073 1716 1249 1789 Gmterum,
1259 1718 1297 1780 ul
1310 1717 1481 1783 efficacius
1492 1720 1593 1797 atque
1612 1719 1777 1783 libentius
1790 1737 1868 1798 pos·

1073 1814 1121 1874 sie
1136 1815 1308 1877 intendere
1329 1816 1464 1891 negotio
1486 1818 1566 1879 iesu
1579 1816 1715 1890 Christi,
1731 1820 1867 1895 treugas

486 1902 519 1960 13
533 1901 663 1959 decemb.
676 1901 755 1959 ¹2²3·
1073 1910 1217 1975 intente
1238 1913 1510 1974 securissimum
1538 1915 1574 1974 in
1599 1915 1733 1977 Christo
1761 1916 1866 1977 lilium

240 2027 375 2092 [eosquos
391 2025 503 2077 munes
515 2022 737 2083 lusiniano.
751 2023 860 2089 aegest,
879 2020 1003 2084 inum,
1073 2009 1223 2070 nostrum
1245 2010 1410 2072 illustrem
1432 2026 1548 2087 retem
1569 2012 1701 2088 ilidiiat
1715 2013 1866 2075 inmodi-

543 2104 619 2168 epist.
634 2103 701 2168 Μ]
1073 2120 1146 2164 mus
1168 2120 1359 2181 prorogare.
1394 2109 1513 2169 Datum
1548 2109 1720 2180 leterani,
1755 2109 1867 2171 idibus

225 2221 379 2290 Honorius,
404 2235 461 2293 quo
489 2218 676 2287 ludovicum,
705 2221 880 2279 Francorum
906 2232 1017 2291 regem,
1073 2200 1268 2275 decembris,
1286 2202 1496 2279 Ρθῦῒὶθθᾶῖῑῑθ
1511 2206 1864 2269 11⁰Stli³11110001ffi

259 2307 371 2366 lucilius
392 2307 508 2365 inducat
522 2304 559 2365 ad
577 2304 792 2379 suscipiendum
808 2304 946 2364 adversus
966 2305 1015 2363 Al·

258 2396 395 2471 bigenses
409 2393 560 2453 haereticos
574 2395 691 2465 bellum,
706 2395 800 2453 eidem
812 2394 847 2451 de
863 2406 1018 2467 prorogan-

261 2482 305 2541 dis
325 2483 400 2540 inter
412 2483 491 2540 illum
509 2489 538 2540 et
559 2481 673 2555 Anglie
687 2494 788 2556 regem
802 2481 926 2538 induciis
938 2489 1014 2539 sata·
1395 2492 1540 2585 LXVII

260 2585 330 2646 gere
342 2586 375 2629 ae
388 2572 516 2630 nunciat.

226 1775 279 1836 Ad
301 1776 511 1836 Ludoot'cum
530 1776 624 1843 VIII,
646 1777 869 1834 Francorum
887 1784 1017 1847 repam.

263 2696 431 2769 Honorius
440 2694 1016 2775 episcopus...carissimoinChristo
1071 2643 1123 2700 Ad
1142 2643 1351 2707 mmmm
1375 2647 1469 2717 Μ’
1485 2650 1708 2713 mmmm
1730 2664 1863 2726 rem·

221 2778 291 2855 illio
302 2794 481 2867 Ludorico,
500 2794 624 2858 illustri
645 2792 717 2871 regi
731 2782 945 2867 Francorum,
960 2809 1017 2855 sa·
1333 2774 1367 2832 ¹4
1377 2773 1507 2835 deimb-
1522 2777 1604 2837 ¹²²³·

221 2892 335 2962 lutam,
354 2890 416 2954 etc.
1086 2892 1224 2961 [bouquet
1235 2896 1295 2949 lieo.
1308 2896 1352 2947 des
1361 2897 1437 2957 illst,
1451 2899 1519 2958 xlx,
1532 2900 1588 2951 Iit.
1599 2902 1713 2967 Repo,
1722 2902 1770 2957 lib.
1782 2905 1849 2962 tili.

262 2991 385 3067 Dignos
405 2992 474 3051 Deo
495 2986 611 3050 laudes
626 2986 659 3052 et
671 2989 733 3051 tibi
754 2990 938 3067 gratiarum
953 3006 1014 3053 ac·
1387 2978 1462 3043 ⁰1²³ss
1477 2979 1543 3044 Ita]

221 3086 331 3149 {iones
346 3086 525 3149 immensas
537 3085 715 3148 referimus
728 3086 826 3164 quod,
854 3087 941 3149 siout
956 3103 1016 3149 ve-
1070 3082 1226 3139 lnstehtius
1247 3083 1307 3156 agit
1321 3085 1465 3143 Honorius
1482 3086 1558 3159 uliud
1573 3100 1686 3161 Iegem,
1709 3098 1741 3148 til
1759 3090 1861 3151 admu-

220 3182 382 3245 nerabilis
398 3182 501 3247 irater
524 3184 636 3244 noster
660 3184 855 3245 Portuensis
880 3182 1013 3259 episco-
1104 3184 1153 3229 ⁸11⁸
1164 3171 1334 3244 Albissessiffl
1344 3180 1474 3245 potenter
1484 3179 1861 3249 exsurssilielbfflflltlwm

222 3296 284 3358 pus
309 3277 504 3361 [Commius]
532 3294 644 3340 coram
673 3278 768 3339 nobis
799 3280 833 3340 et
855 3274 1014 3340 fratribus
1104 3256 1139 3314 de
1155 3258 1316 3315 hlonteiorti
1332 3268 1437 3318 terram
1452 3276 1535 3320 snam
1554 3265 1634 3337 regis
1646 3265 1774 3324 dominio
1794 3268 1861 3325 aab·

222 3376 346 3437 nostris
361 3376 546 3457 proposuit,
563 3374 823 3451 praedecessores
844 3376 919 3436 tuos
947 3390 1013 3437 non
1100 3345 1189 3417 1³⁰²oe
1201 3355 1331 3418 mmm
1345 3363 1409 3406 ⁶⁸⁸0
1426 3350 1557 3423 ⁸ll⁰ssdflb

221 3473 332 3533 minus
359 3469 543 3535 christiana
572 3471 747 3532 devotione
771 3487 869 3548 quem
891 3486 1014 3546 genere
1103 3482 1271 3543 Honorius
1283 3483 1862 3560 episcopus.-.carissimoinchristo

220 3566 393 3637 imitando,
417 3569 452 3629 in
476 3567 557 3644 ipsis
573 3569 639 3628 tuae
654 3567 879 3630 coronationis
894 3568 1011 3641 initiis,
1067 3576 1136 3638 illio
1149 3578 1327 3652 Ludouico,
1342 3581 1465 3647 illustri
1476 3585 1548 3661 regi
1565 3587 1786 3659 Francorum,
1800 3603 1861 3649 sa·

221 3668 486 3755 quantacumque
507 3663 566 3727 tibi
592 3665 781 3726 sollicitudo
795 3664 1010 3739 incumberet,
1068 3674 1180 3746 lutem,
1198 3677 1261 3737 etc.

220 3762 343 3825 Christi
359 3764 526 3839 negotium
536 3763 670 3840 proprio
679 3763 712 3824 et
725 3778 932 3823 communem
946 3764 1013 3824 uti·
1107 3773 1187 3833 Cum
1201 3788 1298 3848 reges
1319 3775 1352 3837 et
1367 3775 1534 3854 principes
1550 3779 1741 3854 christiani,
1757 3797 1860 3860 prop·
1948 3796 1949 3853 j

219 3861 346 3923 litatem
360 3861 498 3939 privatae
513 3876 720 3938 praeponens,
737 3877 838 3937 super
853 3860 939 3922 facto
954 3860 1014 3922 Al·
1066 3869 1117 3929 ter
1131 3870 1314 3933 Ecclesiam
1328 3873 1468 3935 matrem
1484 3890 1592 3949 suam,
1610 3894 1655 3939 ex
1670 3895 1735 3956 qua
1756 3880 1860 3957 spiri.
1948 3856 1949 3899 ³

218 3959 406 4035 bigensium
428 3958 699 4021 christianissimi
722 3954 883 4035 principis
899 3958 1012 4021 osten·
1065 3966 1201 4029 tualiter
1223 3968 1293 4029 nati
1322 3969 1408 4042 sunt,
1434 3971 1468 4031 et
1491 3987 1591 4049 quam
1615 3990 1636 4035 a
1661 3976 1802 4048 Christo,
1824 3980 1859 4043 ug

218 4052 1010 4135 disti(proutinjuriaiideiorthodoxaeteangit)
1065 4077 1139 4125 eam
1165 4063 1368 4141 temporibus
1402 4067 1473 4129 suis
1506 4068 1656 4143 foveant,
1686 4088 1857 4151 suscepere

219 4151 613 4239 affectum‚protestando
625 4150 710 4227 quod
723 4151 832 4227 IOiissS
847 4150 1011 4212 desectum
1065 4160 1232 4232 tuendam,
1248 4163 1316 4223 Deo
1330 4163 1509 4227 teneantur
1521 4166 1664 4231 reddere
1678 4171 1858 4249 rationem
1948 4150 1949 4235 Ῠ

219 4250 326 4311 intua
342 4265 442 4310 causa
460 4249 626 4310 sustinere
645 4247 792 4320 uolebas,
809 4265 907 4325 quam
923 4247 1011 4309 idem
1065 4272 1167 4333 grave
1194 4258 1299 4321 nimis
1323 4258 1422 4321 debes
1458 4278 1575 4337 gerere
1607 4280 1648 4329 ac
1674 4267 1856 4347 indignum,
1948 4244 1949 4323 ἦ

218 4348 399 4424 negotium,
415 4346 481 4409 tuis
501 4346 533 4406 ei
548 4361 613 4407 non
636 4342 921 4417 subvenientibus,
938 4345 1011 4408 dis·
1065 4353 1150 4430 quod
1167 4353 1256 4416 intra
1270 4356 1430 4419 terminos
1455 4361 1552 4435 regni
1571 4362 1634 4434 tui,
1657 4364 1811 4429 videlicet
1824 4365 1859 4431 ia
1948 4338 1949 4375 ³

217 4445 375 4522 pendium
397 4445 566 4521 pateretur
582 4465 589 4503 :
606 4443 694 4504 unde
709 4443 858 4519 praelatis
880 4443 912 4504 et
932 4443 1010 4504 aliis
1065 4449 1216 4526 partibus
1239 4451 1478 4528 lllbigensium,
1508 4456 1663 4521 haeretici
1689 4462 1859 4524 manifeste
1948 4470 1949 4531 ἴ

217 4542 274 4623 qui
289 4558 325 4604 se
340 4542 517 4605 occasione
532 4539 609 4602 iacti
625 4540 674 4601 tui
689 4539 730 4603 ab
745 4539 851 4617 ipsius
866 4540 1012 4602 subven-
1065 4562 1105 4606 ac
1119 4546 1284 4625 intrepide
1312 4550 1509 4627 impugnant
1536 4555 1737 4633 Ecclesiam,
1763 4560 1857 4621 iidem
1948 4576 1949 4599 ¹

216 4640 307 4703 tione
329 4639 454 4715 negotii
468 4637 694 4707 retrahebant,
712 4636 845 4699 facilem
859 4639 893 4697 et
907 4636 1008 4698 beni·
1065 4643 1282 4705 christianam
1297 4650 1472 4720 evacuant,
1490 4650 1523 4710 et
1542 4651 1731 4717 dilacerant
1749 4657 1855 4735 ipsum
1948 4680 1949 4729 t

108 4724 127 4737 ⁵
217 4753 316 4813 gnam
330 4736 476 4799 tribuisti
491 4735 660 4796 licentiam
674 4733 781 4793 eidem
796 4733 940 4808 negotio,
955 4749 1011 4795 re·
1065 4741 1242 4802 Christum.
1269 4744 1363 4804 Certe
1384 4744 1697 4813 Nabuchodonosor
1720 4768 1781 4815 rex
1796 4753 1857 4814 de-

217 4833 295 4898 licto
308 4834 377 4906 tuo,
390 4832 612 4910 personaliter
626 4828 820 4892 intendendi
832 4827 892 4908 (l).
909 4830 1012 4891 Deni-
1065 4838 1181 4910 crevit,
1203 4838 1316 4903 dicens
1338 4844 1572 4917 ,Quicumue
1590 4850 1751 4913 dmm
1771 4854 1859 4913 m

217 4948 292 5010 cue
322 4930 462 4992 affectus
498 4929 603 5005 Ipsina
641 4926 869 5002 magnitudine
904 4929 937 4988 ts
967 4929 1010 4988 aa
1060 4938 1236 5009 ommam
1250 4939 1288 4997 tn
1301 4940 1580 5013 poematorum,
1597 4946 1859 5009 messenatae-
1948 4936 1949 5021 ξ

216 5027 464 5108 producendum
481 5024 578 5086 illum
598 5024 633 5085 in
648 5025 769 5095 act-um,
787 5024 872 5085 sicut
887 5024 1008 5099 decuit,
1064 5035 1205 5107 derasae,
1217 5035 1254 5094 to
1268 5034 1414 5096 interitu
1426 5038 1540 5106 crunt,
1551 5040 1587 5100 et
1601 5043 1725 5105 demus
1736 5057 1857 5107 eorum

215 5126 417 5204 impellente,
431 5120 1007 5197 decemmilliamarcarumargenti,
1063 5131 1101 5189 ta
1115 5130 1328 5201 dispersione
1341 5129 1401 5209 (2).
1418 5132 1454 5193 si
1466 5148 1546 5209 erge
1570 5136 1686 5199 taliter
1710 5138 1773 5201 init
1794 5156 1859 5202 rex

253 5280 547 5365 (lidumliagmnte
561 5277 697 5361 Ludouid
716 5277 880 5361 regislcum
896 5279 1010 5351 Angites
1063 5297 1177 5367 scopus,
1201 5284 1310 5367 eisdem
1333 5284 1459 5359 benigne
1478 5291 1660 5351 concessus
1682 5290 1858 5354 hodericum

216 5348 1009 5495 ffigfflilaffi'sgrit{glerffiglrggeggeffinnimssrifflffi
1063 5355 1207 5497 magam
1226 5355 1370 5414 mthtendt
1395 5357 1531 5415 advorsus
1556 5362 1740 5436 Albigenses.
1766 5365 1857 5440 (Bou-

217 5491 284 5548 lecit
297 5493 453 5548 honorium
467 5491 579 5562 legatus
600 5488 746 5548 Conredus
766 5488 931 5546 Porttreosts
944 5490 1006 5563 epi·
1097 5492 1139 5566 (t)
1156 5496 1240 5563 lien,
1253 5509 1294 5563 in,
1310 5495 1355 5553 ec.
