3916 6204
145 274 205 336 553

144 432 361 512 6166661166
382 434 445 498 tibi
472 435 668 499 auctoritate
690 438 935 512 committimus,

744 280 974 342 EPISTOLAE.
996 282 1075 343 LIB.
1098 282 1185 344 vili.

1725 279 1786 340 554

991 443 1128 503 Terram
1143 440 1300 502 Sanctam
1319 454 1418 517 quam
1440 438 1600 501 ecclesias
1620 453 1698 500 6666
1723 451 1783 499 666

143 531 192 604 61,
208 548 310 609 quum
323 532 363 595 ad
379 532 453 595 loca
475 534 607 595 veneris
626 534 813 608 interdicta,
838 537 938 599 liceat
991 537 1127 598 servitio
1157 536 1366 597 defraudare.
1401 536 1485 608 Quia
1516 550 1597 597 vero
1631 534 1783 597 nonnulli

142 628 205 690 tibi
230 630 267 689 in
291 644 407 691 eorum
428 630 570 706 singulis
585 647 685 693 unam
701 633 802 694 semel
823 635 935 695 66616-

142 725 231 786 siam
258 727 403 803 aperire,
430 729 464 788 61
488 726 623 800 ibidem,
641 730 936 792 excommunicatis

141 823 176 884 et
188 823 384 884 nominatim
397 824 582 886 interdictis
597 825 753 897 exclusis,
766 825 935 888 celebrare

140 919 268 991 divina,
279 927 316 981 ut
325 920 373 981 sic
386 920 555 982 efficacius
572 922 679 998 possis
689 921 736 982 ibi
750 938 934 1000 proponere

138 1015 280 1078 verbum
311 1017 431 1089 crucis,
458 1016 675 1079 nihilominus
701 1020 931 1092 concedentes,

137 1114 306 1176 uteorum
321 1116 409 1186 vota,
436 1114 492 1190 qui
521 1116 682 1178 voverunt
707 1115 795 1178 beati
818 1116 933 1179 iacobi

135 1210 351 1273 1616116166
372 1213 563 1272 666616166
584 1212 701 1274 116166
724 1213 872 1285 11611616,
897 1215 932 1275 16

132 1308 371 1371 transmarinae
399 1309 678 1385 peregrinationis
702 1311 810 1386 possis
839 1327 932 1372 com-

133 1406 268 1467 mutare
294 1404 453 1477 laborem,
470 1407 503 1468 et
524 1406 588 1477 his,
616 1407 673 1483 qui
696 1407 933 1471 commiserunt

132 1501 305 1574 incendia,
316 1503 438 1579 quique
450 1518 510 1579 pro
525 1503 672 1565 violenta
694 1519 853 1565 manuum
872 1506 931 1566 16-

128 1600 280 1677 jectione
299 1599 334 1660 16
355 1615 516 1662 6666666
531 1599 730 1673 inciderunt,
754 1602 931 1664 dummodo

131 1712 203 1758 non
217 1697 263 1759 sit
276 1697 421 1759 enormis
436 1713 605 1770 excessus,
621 1696 735 1759 valeas
741 1701 838 1776 juxta
856 1699 929 1761 for-

129 1809 224 1855 mam
236 1794 393 1856 Ecclesiae
412 1794 610 1856 beneficium
632 1794 851 1858 absolutionis
866 1798 929 1858 16-

130 1892 282 1969 pendere
296 1892 369 1953 vice
387 1893 512 1961 nostra,
532 1892 696 1970 siquidem
712 1894 818 1970 passis
840 1895 931 1972 inju-

130 1989 222 2050 riam
246 1988 472 2050 satisfecerint
498 1991 734 2066 competenter,
757 1992 790 2053 et
813 1991 929 2055 devote

131 2087 347 2163 susceperint
357 2086 489 2161 signum
498 2086 608 2147 crucis
620 2102 679 2164 pro
690 2086 837 2148 subsidio
847 2091 930 2150 ’161-

49 2236 53 2243 ,
129 2199 181 2246 rae
195 2184 339 2245 Sanctae.
362 2183 579 2244 concedimus
601 2184 714 2256 etiarn,
740 2185 777 2246 ut
799 2185 928 2263 aliquos

128 2281 226 2342 viros
242 2281 398 2343 honestos
411 2283 444 2342 61
458 2281 498 2341 ad
523 2280 586 2343 hoc
600 2282 737 2342 idoneos
752 2282 787 2342 in
802 2283 928 2361 partem

129 2379 322 2442 commissae
342 2378 403 2441 tibi
427 2378 662 2441 sollicitudinis
683 2379 797 2441 valeas
821 2380 927 2442 advo-

129 2491 224 2547 care,
239 2492 341 2553 quum
356 2475 481 2537 videris
496 2476 670 2553 expedire;
694 2476 761 2554 qui,
792 2477 869 2537 dum
893 2479 928 2539 in

128 2572 926 2651 hujusmodipraedicationisofficiolaborabunt,

128 2669 372 2732 beneficiorum
381 2685 516 2731 suorum
525 2670 675 2732 redditus
686 2686 752 2732 non
763 2671 926 2745 amittant,

128 2767 190 2830 sed
206 2768 338 2843 integre
357 2768 433 2828 illos
454 2768 652 2845 percipiant,
681 2783 721 2829 ac
749 2768 777 2828 61
803 2768 839 2828 16
858 2771 928 2830 6616

128 2863 287 2926 ecclesiis
312 2863 509 2934 residerent,
535 2862 669 2939 proviso
696 2864 808 2925 16666
832 2879 874 2924 66
893 2863 927 2925 16

127 2976 274 3023 666616
286 2959 559 3022 affirmandorum
574 2959 729 3032 excedas,
742 2976 826 3022 neve
840 2960 929 3021 affir-

127 3074 203 3120 mes
213 3058 255 3119 de
267 3072 334 3119 una
348 3055 491 3118 66616616
505 3056 579 3134 plus
592 3073 691 3135 quam
713 3074 827 3118 unum.
849 3056 927 3119 lllos

129 3154 343 3233 quoque,qui
358 3168 490 3214 crucem
503 3153 757 3229 assumpserint,
765 3152 826 3213 sub
839 3152 927 3215 beati

127 3251 226 3314 Petri
238 3251 273 3312 et
286 3251 399 3311 nostra
414 3249 617 3327 protectione
630 3249 832 3327 suscipimus
852 3265 927 3311 cum

126 3346 391 3412 omnibusbonis
400 3346 480 3419 suis,
490 3347 684 3419 statuentes,
695 3348 741 3419 ut,
753 3347 927 3425 postquam

126 3446 257 3509 fuerint
266 3445 331 3507 iter
342 3444 620 3522 peregrinationis
631 3445 791 3521 aggressi,
805 3459 845 3506 ea
855 3460 927 3507 om-

126 3545 187 3605 616
197 3542 260 3605 sub
275 3541 413 3621 speciali
425 3541 576 3603 ecclesiae
591 3541 783 3603 defensione
798 3542 927 3605 consis-

125 3643 215 3714 tant,
227 3641 333 3702 denec
348 3640 388 3701 de
397 3639 507 3701 reditu
522 3639 669 3716 ipsorum
682 3638 735 3701 vel
753 3639 845 3702 obitu
858 3655 927 3701 cer·

126 3739 259 3803 tissime
282 3738 512 3814 cognoscatur.
538 3736 676 3797 Clericis
705 3737 925 3799 nihilomiuus

126 3835 353 3906 concedendo,
375 3836 412 3896 61
435 3835 571 3911 propter
584 3833 647 3896 boc
673 3835 801 3911 possint
823 3834 926 3896 bene-

126 3934 283 3999 ficiorum
298 3947 434 3993 suorum
447 3932 628 4009 proventus
642 3947 747 4009 usque
761 3931 804 3993 ad
818 3932 925 3994 trien-

125 4033 222 4094 nium
237 4029 368 4108 pignori
383 4028 532 4106 obligare
546 4027 599 4091 vel
613 4030 795 4105 percipere,
808 4045 926 4106 quam-

126 4130 187 4192 diu
208 4128 364 4190 absentes
390 4126 515 4188 fuerint
541 4125 605 4187 hac
633 4125 675 4187 de
705 4141 819 4198 causa,
843 4125 925 4198 illis,

125 4227 251 4307 quibus
270 4241 332 4287 eos
350 4223 480 4300 pignori
500 4222 723 4299 obligaverint
744 4223 798 4284 161
824 4223 924 4284 66111-

125 4325 254 4402 gendos
265 4320 502 4393 commiserint,
519 4320 592 4380 sine
606 4319 826 4381 diminutione
842 4336 925 4396 qua-

124 4422 210 4484 libet
221 4418 439 4490 exhibendos,
453 4417 500 4479 ita
513 4417 625 4479 tamen
639 4416 725 4494 quod
742 4417 923 4494 parochia-

124 4519 217 4581 libus
256 4515 407 4579 ecciesiis
447 4530 507 4591 per
536 4513 713 4575 honestum
760 4514 923 4575 vicarium

124 4617 249 4680 iterum
281 4612 460 4682 serviatur,
497 4626 559 4672 nec
589 4610 711 4687 aliquis
745 4611 924 4688 procedere

124 4708 361 4791 praesumatad
386 4707 620 4783 obligationem
636 4707 837 4784 buJusmodi,
859 4708 924 4768 6161

125 4825 229 4887 quum
244 4809 311 4869 iter
323 4805 463 4883 arripiet
476 4803 724 4877 transfretandi,
740 4806 855 4882 totque
868 4821 925 4866 an·

124 4907 179 4969 nis
192 4904 335 4984 quilibet
348 4904 383 4964 16
393 4903 500 4979 ipsius
514 4905 612 4963 161166
621 4900 770 4963 subsidio
779 4917 925 4963 commo-

124 5006 234 5075 retur,
263 5016 323 5079 per
355 5001 434 5077 quot
457 5015 536 5060 suos
566 4998 715 5060 redditus
743 4997 922 5074 obligavit,

125 5101 214 5179 quod
229 5100 260 5161 si
274 5098 389 5159 forsan
404 5096 482 5157 ante
494 5095 644 5167 redierit,
661 5096 828 5157 serviatur
842 5096 924 5156 dili-

124 5199 244 5276 genter
258 5194 421 5267 ecciesiee,
432 5195 526 5271 66166
537 5193 685 5255 redditus
699 5191 837 5269 obligati
851 5192 926 5255 fue-

124 5296 206 5366 rint,
225 5293 267 5354 ab
285 5293 413 5364 codem,
431 5293 467 5353 ut
486 5291 534 5352 sic
549 5290 767 5368 quorumdam
787 5291 924 5352 malitiae

125 5392 289 5460 obvietur,
309 5389 378 5466 qui,
394 5387 632 5449 beneficiorum
651 5403 787 5448 suorum
804 5387 923 5449 fructi-

123 5489 187 5551 bus
202 5487 371 5563 obligatis,
391 5486 499 5547 solent
513 5486 659 5546 salutare
681 5484 798 5546 limina
815 5488 924 5547 ’16116

126 5587 271 5655 Sanctae,
285 5599 324 5646 66
348 5584 506 5648 continuo
524 5582 701 5645 redeuntes
725 5583 792 5644 166
817 5583 924 5661 ipsam

992 649 1124 695 crucem
1134 634 1335 710 assumptam
1344 633 1529 694 temeritate
1537 632 1670 711 propria
1681 631 1784 709 depo-

990 730 1097 789 suisse
1112 730 1277 801 dicuntur,
1292 731 1344 791 vel
1355 732 1494 807 inceptae
1505 728 1782 806 peregrinationis

989 826 1110 887 itinere
1131 842 1198 887 non
1219 826 1349 903 expleto
1373 842 1393 887 a
1414 826 1573 902 portubus
1602 840 1781 897 remeasse,

990 922 1141 983 volumus
1154 925 1187 984 et
1201 924 1408 994 mandamus,
1422 924 1459 986 ut
1475 939 1532 984 eos
1546 924 1587 984 ad
1606 938 1781 984 resumen-

988 1018 1063 1079 dam
1086 1034 1217 1081 crucem
1233 1022 1265 1081 61
1286 1020 1328 1080 ad
1356 1020 1558 1081 reddendum
1584 1022 1695 1081 votum
1711 1022 1780 1080 lio-

988 1115 1077 1177 mino
1091 1117 1176 1193 quod
1204 1118 1367 1178 voverunt
1388 1117 1548 1207 canonica
1572 1116 1780 1179 districtione

987 1213 1182 1289 compellas;
1199 1213 1240 1274 ad
1262 1213 1336 1286 hoc,
1363 1215 1399 1274 ut
1419 1213 1565 1274 fidelium
1589 1213 1719 1275 devotio
1739 1212 1780 1275 ad

988 1309 1093 1386 ipsius
1108 1313 1219 1372 16116
1232 1312 1362 1372 Sanctae
1378 1310 1562 1373 subsidium
1574 1310 1692 1371 melius
1703 1327 1782 1387 pro-

986 1410 1136 1480 vocetur,
1151 1407 1268 1468 ordine
1284 1407 1450 1468 solemnes
1462 1407 1692 1483 processiones
1707 1406 1779 1467 fleri
1886 1392 1897 1407 ‘

986 1504 1104 1564 661166
1118 1504 1261 1579 singulis
1275 1504 1444 1565 mensibus
1460 1504 1494 1564 in
1515 1503 1669 1564 omnibus
1685 1502 1778 1575 locis,

986 1600 1042 1676 qui
1058 1601 1100 1660 ad
1124 1600 1187 1662 boc
1202 1600 1315 1662 idonei
1337 1601 1547 1673 videbuntur,
1565 1603 1598 1663 et
1617 1600 1781 1678 psalmum

985 1696 1531 1775 111661066666661661666166,
1547 1713 1606 1774 per
1620 1697 1780 1760 ecclesias

985 1808 1100 1872 omnes
1112 1793 1227 1855 diebus
1236 1793 1377 1871 singulis
1390 1795 1586 1857 moresolito
1596 1794 1778 1857 decantari.

984 1891 1134 1964 Proviso,
1149 1892 1235 1968 quod
1251 1891 1279 1953 61
1289 1891 1373 1953 16116
1388 1891 1452 1964 his,
1462 1893 1518 1969 qui
1534 1891 1574 1953 ad
1589 1891 1779 1970 hujusmodi

984 1989 1213 2065 processiones
1223 2004 1282 2050 seu
1297 1988 1337 2050 ad
1349 1989 1433 2050 61166
1442 1989 1696 2051 convocationes
1705 1989 1779 2051 tuas

984 2086 1211 2171 convenerint,
1242 2086 1389 2162 aliquam
1417 2088 1630 2163 peccatorum
1658 2084 1781 2145 remis-

983 2181 1110 2242 sionem
1132 2182 1269 2243 duxeris
1290 2182 1492 2254 faciendam,
1514 2183 1626 2244 decem
1650 2182 1778 2243 dierum

983 2294 1155 2339 numerum
1171 2279 1299 2354 indulta
1315 2280 1469 2340 remissio
1481 2295 1546 2340 666
1562 2279 1720 2353 excedat;
1746 2276 1780 2340 et

983 2374 1011 2436 61
1025 2375 1065 2436 ab
1081 2375 1123 2436 iis
1136 2376 1188 2437 vel
1202 2375 1404 2452 quibuslibet
1420 2377 1508 2448 aliis,
1525 2376 1581 2453 qui
1597 2376 1638 2436 ad
1654 2375 1775 2452 hujus-

983 2472 1072 2533 modi
1103 2473 1360 2534 convocationes
1396 2473 1627 2544 convenerint,
1665 2472 1779 2548 aliqua

983 2570 1094 2632 oblatu
1114 2569 1238 2632 fuerint
1263 2569 1318 2631 vel
1333 2569 1417 2631 alias
1437 2570 1515 2632 data
1543 2586 1604 2646 pro
1630 2569 1779 2630 subsidio

982 2670 1093 2729 Terrae
1119 2668 1260 2739 Sanctae,
1275 2667 1335 2729 illa
1353 2667 1456 2728 facias
1472 2665 1614 2729 fideliter
1633 2680 1773 2728 conser-

983 2764 1067 2836 vari,
1085 2766 1122 2827 61
1139 2767 1288 2842 tempore
1302 2764 1450 2842 passagii
1469 2763 1630 2825 faciamus
1645 2763 1778 2840 disponi

983 2860 1022 2921 de
1037 2861 1116 2932 illis,
1134 2862 1244 2938 prout
1263 2863 1368 2939 ipsius
1387 2864 1499 2923 Terrae
1519 2863 1648 2921 Sanctae
1667 2860 1779 2921 subsi-

982 2957 1072 3018 dium
1087 2958 1252 3019 videbitur
1276 2959 1446 3036 expedire.
1470 2960 1588 3020 Datum
1607 2957 1775 3031 Laterani,

983 3056 1028 3117 111
1040 3053 1107 3116 kal.
1125 3056 1250 3128 martii,
1266 3071 1355 3118 anno
1369 3057 1497 3118 octavo.

1304 3374 1458 3462 CXLIV

980 3536 1032 3596 Ad
1040 3534 1775 3610 0616166661611166166666168166611666.

1270 3668 1284 3724 l
1299 3667 1395 3724 martii
1408 3665 1488 3725 1111.

1137 3789 1231 3851 [Gallia
1245 3788 1465 3847 01616116661111,
1483 3787 1556 3838 insu.
1568 3786 1620 3850 11]

980 3914 1122 3973 Honorius
1136 3916 1177 3972 111
1189 3913 1336 3971 scholares
1351 3915 1379 3971 S.
1401 3910 1670 3985 stephaniderordo
1679 3910 1773 3969 616111·

1102 4002 1237 4075 episeopo
1252 4001 1444 4076 protegendos
1456 3999 1647 4059 commendat.

1019 4129 1187 4190 Honorius
1198 4127 1385 4205 episcopus,
1395 4124 1774 4199 servusservorumDei,

979 4225 1162 4287 venerabili
1172 4224 1266 4286 fratri
1278 4227 1314 4286 G.
1327 4222 1773 4301 archiepiscopoBisuntino,

979 4323 1119 4384 salutem
1134 4323 1167 4383 et
1179 4321 1404 4400 apostolicam
1415 4321 1693 4383 benedictionem.

1018 4416 1168 4480 Peccatis
1183 4418 1405 4480 communicat
1418 4418 1538 4479 alienis
1549 4434 1730 4495 eorumque
1739 4432 1776 4479 se

978 4517 1172 4593 participem
1193 4515 1375 4587 constituit,
1401 4515 1469 4592 qui,
1500 4514 1776 4592 compeccantes

978 4628 1121 4690 arguere
1136 4613 1234 4689 atque
1253 4627 1462 4689 compescere
1477 4614 1641 4684 teneatur,
1670 4612 1699 4672 is
1722 4611 1776 4672 vel

978 4725 1195 4787 personarum
1206 4710 1371 4786 acceptor,
1388 4709 1440 4770 vel
1453 4709 1504 4769 sui
1518 4710 1687 4785 neglector
1700 4707 1777 4768 ofil-

979 4808 1034 4878 cii,
1047 4806 1157 4868 facere
1171 4805 1404 4883 praetermittit.
1414 4808 1501 4868 Sane
1513 4822 1578 4867 non
1590 4806 1691 4867 semei
1702 4805 1774 4867 tan·

977 4906 1059 4977 166,
1074 4903 1132 4965 sed
1152 4920 1241 4981 saepe
1261 4891 1384 4965 nostris
1404 4905 1454 4966 est
1469 4903 1606 4965 auribus
1632 4903 1774 4964 intima-

978 5004 1060 5075 tum,
1077 5001 1162 5079 quod
1179 5017 1253 5062 666
1269 5017 1433 5079 pauperes
1441 5001 1567 5069 clerici,
1577 5000 1775 5061 convenien-

978 5101 1029 5161 tes
1043 5099 1084 5160 ad
1099 5098 1232 5160 scholas
1244 5100 1277 5159 S.
1293 5099 1452 5175 Stephani
1462 5097 1638 5169 Bisuutini,
1652 5097 1778 5160 vadunt

979 5212 1039 5275 per
1061 5196 1229 5258 civitatem
1253 5195 1515 5273 competentibus
1542 5194 1646 5265 boris,
1677 5211 1774 5272 quae-

979 5294 1084 5356 rendo
1112 5294 1342 5371 eleemosynas
1368 5292 1525 5358 ostiatim,
1551 5292 1686 5367 quidam
1713 5293 1776 5355 filii

980 5391 1097 5464 Belial,
1134 5391 1170 5451 in
1210 5407 1267 5470 eos
1294 5406 1361 5451 666
1395 5389 1520 5464 absque
1561 5389 1776 5453 conniventia

981 5488 1218 5550 canonicorum
1234 5489 1267 5548 S.
1284 5486 1447 5548 iohannis
1462 5474 1641 5558 Bisuutini,
1651 5488 1778 5552 temere

979 5586 1205 5662 insurgentes,
1218 5583 1252 5645 16
1265 5598 1322 5645 666
1331 5583 1495 5646 violentas
1509 5599 1628 5646 manus
1639 5585 1779 5664 injicere
