3930 6206
251 387 331 465 quid
343 386 471 450 habetis
485 386 572 465 apud
583 386 786 463 Torcellum3
803 388 1043 466 possessiones,
1099 405 1196 451 suum
1213 406 1362 467 congrua
1374 390 1602 454 satisfactione
1615 394 1841 474 comsxeritpu-
1928 376 1929 465 l

250 488 371 555 terras,
383 485 509 557 vineas,
519 499 666 555 nemora,
681 484 873 561 paludes,et
886 485 1001 547 domos
1013 486 1047 547 et
1099 488 1231 549 testatis
1262 489 1465 567 honorisque
1495 491 1549 550 sui
1580 486 1727 571 dignitato
1745 496 1840 566 careat,

250 583 399 644 redditus
412 598 494 659 quos
508 581 636 643 habetis
649 584 717 643 tam
738 583 774 643 in
796 581 932 645 civitate
947 599 1045 660 quam
1098 597 1258 662 reamque
1280 586 1393 647 (lirino
1412 586 1540 662 judicio
1555 588 1691 648 existere
1703 587 1738 648 ds
1753 604 1843 666 perps-

251 680 387 741 dioecesi
417 680 596 755 Paduana;
623 679 779 757 quicquid
806 679 936 742 habetis
957 680 1044 757 apud
1099 682 1187 744 trata
1209 682 1387 759 iniquitate
1414 685 1603 758 cognoscat,
1622 687 1654 745 et
1677 699 1695 745 a
1715 688 1842 747 monis-

250 777 450 848 Tarvisium,
472 778 668 849 Bononiam,
684 777 891 853 Terigestum
906 780 940 838 et
957 776 1044 854 apud
1099 778 1183 838 simo
1210 793 1349 856 corpore
1377 780 1411 841 et
1431 781 1596 856 sanquine
1617 781 1672 842 bei
1697 782 1728 843 et
1742 784 1844 845 bomini

250 874 457 939 Ariminum:
486 890 544 951 per
565 875 739 951 praesentis
764 874 853 935 enim
873 874 1045 952 privilegii
1099 875 1332 952 Redemptoris
1346 876 1544 938 nostriiesu
1558 877 1675 938 Christi
1688 878 1843 951 alienabat,

250 971 406 1049 paginam
420 972 611 1048 Apostolica
638 971 836 1033 auctoritate
853 972 1042 1042 statuimus,
1099 972 1198 1048 atque
1210 973 1246 1033 in
1261 975 1411 1035 exhemo
1422 975 1577 1035 examine
1596 974 1742 1037 dutrictae
1756 975 1845 1037 aldoni

252 1072 288 1131 ut
302 1069 394 1130 locus
408 1069 495 1130 idem
508 1068 569 1129 sub
584 1068 675 1130 beati
689 1069 780 1130 Petri
794 1069 898 1131 tutela
911 1072 944 1130 et
965 1085 1046 1146 pro-
1099 1070 1280 1146 subjaceat.
1299 1070 1433 1133 Cunctis
1456 1072 1566 1132 autem
1587 1072 1689 1133 eidem
1709 1072 1771 1132 locu
1787 1076 1845 1149 jura

249 1168 393 1229 tectione
421 1167 506 1228 liber
532 1167 567 1227 in
594 1168 789 1243 perpetuum
816 1168 1042 1229 conservetur.
1098 1167 1309 1228 servantibus
1335 1169 1379 1229 sit
1409 1184 1477 1245 pax
1508 1169 1638 1229 Domini
1670 1169 1763 1229 nostri
1788 1172 1847 1231 lesu

248 1266 318 1326 Nec
334 1264 534 1341 patriarcba,
551 1280 613 1325 nec
627 1264 815 1340 episcopus,
831 1279 939 1340 neque
961 1278 1043 1340 per·
1099 1263 1234 1336 Christi,
1250 1266 1415 1342 quatenus
1427 1266 1461 1327 et
1474 1265 1529 1326 hic
1550 1264 1689 1327 nucum
1707 1265 1789 1327 bona
1805 1281 1847 1326 sc·

249 1376 332 1422 sona
343 1360 499 1437 quaelibet
513 1360 741 1423 ecclesiastica
756 1361 972 1422 saecularisve
984 1375 1044 1422 vos
1097 1360 1200 1422 tionis
1223 1362 1420 1439 percipiant,
1437 1364 1471 1424 et
1493 1363 1581 1439 apud
1595 1362 1767 1424 districtum
1778 1361 1848 1439 judi·

249 1459 429 1535 praesumat
441 1458 482 1519 ad
498 1457 675 1519 concilium
690 1472 821 1532 cogere,
835 1459 894 1519 aut
907 1472 966 1518 vos
980 1473 1044 1518 ex·
1098 1472 1169 1518 cem
1182 1459 1320 1534 praemia
1330 1463 1465 1522 aeterne
1480 1460 1573 1535 pacis
1581 1458 1754 1521 inveniant.
1761 1463 1847 1520 auen

247 1553 571 1627 communicationis,
585 1570 644 1615 seu
660 1554 760 1616 etiam
774 1552 944 1615 interdicti
961 1569 1042 1615 sen-
1138 1556 1205 1629 ligo
1217 1557 1395 1628 Honorius,
1415 1556 1590 1618 catholicas
1610 1555 1757 1618 Ecclesia
1772 1556 1848 1632 episc

247 1653 387 1714 tentiam
413 1652 625 1729 promulgare
654 1653 690 1711 in
719 1652 921 1713 monasterio
955 1651 1041 1728 ipso,
1138 1653 1357 1727 agebunt.
1370 1652 1620 1716 sauctaeGrucis
1634 1654 1669 1714 iu
1678 1652 1849 1714 Hierusalem

229 1746 425 1827 'quicquam
444 1752 567 1826 praeter
585 1750 730 1810 vestram
750 1749 955 1810 voluntatem
974 1748 1045 1810 sta-
1099 1747 1207 1824 presb.
1224 1749 1314 1811 card.
1854 1766 1857 1775 ·

249 1846 355 1919 tuere,
368 1847 426 1908 aut
439 1846 620 1907 monachos
630 1846 761 1907 vestros
773 1845 1044 1907 excommunica·
1138 1847 1206 1920 Ego
1226 1846 1343 1918 Guala,
1370 1846 1484 1909 Sancti
1509 1847 1650 1909 Martini
1668 1845 1768 1923 presb.
1783 1843 1851 1906 card

250 1947 314 2017 tos,
329 1944 401 2006 sive
417 1944 541 2006 electos
556 1942 612 2007 vel
626 1942 784 2018 fugitivos
802 1942 976 2005 absolvere
990 1942 1043 2003 vel
1098 1941 1148 2003 tit.
1161 1943 1296 2019 liquitii.

246 2041 429 2118 suscipere,
445 2041 504 2102 aut
515 2040 588 2101 sine
606 2041 719 2102 vestro
734 2053 900 2101 consensu
922 2038 963 2099 ad
984 2054 1043 2100 or·
1137 2041 1206 2115 Ego
1221 2038 1423 2118 Stephanus,
1439 2040 1588 2103 basilicae
1598 2040 1764 2102 duodecim
1775 2043 1853 2115 apos·

246 2139 343 2200 dines
371 2152 577 2216 promovere.
595 2136 747 2197 chrisma
770 2152 851 2197 vero
877 2137 910 2198 et
933 2135 1042 2198 oleum
1097 2134 1242 2198 telorum
1255 2138 1364 2215 presb.
1380 2138 1473 2200 card.

247 2237 410 2307 sanctum,
427 2233 696 2297 consecrationes
715 2234 872 2295 altarium
895 2232 967 2295 sive
978 2232 1042 2294 ba·
1138 2234 1207 2307 ligo
1221 2233 1376 2305 Thomas,
1397 2234 1449 2297 tit.
1474 2235 1604 2296 Sanctae
1628 2232 1754 2295 Sabine
1773 2227 1852 2308 presb

246 2333 430 2401 silicarum,
456 2332 684 2394 ordinationes
713 2329 963 2402 monachorum,
986 2331 1042 2406 qui
1098 2329 1190 2390 card.

246 2430 289 2493 ad
318 2444 432 2492 sacros
455 2427 581 2490 suerint
603 2426 738 2489 ordines
765 2426 999 2503 promovendi,
1022 2443 1042 2488 a
1137 2428 1599 2502 agosonannesntsanetae
1610 2420 1854 2501 Praxedispresb.

246 2527 436 2589 dioecesano
467 2524 641 2602 accipietis
682 2524 850 2602 episcopo,
881 2523 1043 2601 siquidem
1099 2521 1189 2583 card.

246 2623 389 2702 gratiam
403 2623 437 2685 et
451 2622 717 2685 communionem
732 2620 931 2698 Apostolicae
947 2620 1044 2682 Sedis
1138 2621 1205 2695 ligo
1218 2622 1326 2696 Hugo,
1339 2619 1527 2682 Hostieusis
1538 2621 1571 2681 et
1580 2616 1787 2682 velletrensis
1796 2613 1857 2691 epis

246 2720 412 2793 babuerit,
430 2722 463 2782 et
486 2719 516 2780 si
535 2735 575 2782 ea
597 2719 761 2794 gratisne
784 2718 857 2778 slne
878 2718 1043 2794 pravitate
1098 2732 1212 2794 copus.

246 2818 392 2881 voluerit
406 2816 581 2893 exbibere;
606 2815 755 2893 alioquin
770 2830 830 2893 pro
852 2816 1043 2878 eorumdem
1139 2817 1206 2891 Ego
1222 2814 1390 2890 Pelagius,
1405 2814 1523 2875 Alban.
1540 2813 1728 2890 episcopus.

247 2917 533 2978 sacramentorum
576 2914 789 2990 susceptione
843 2912 1043 2974 catholicum
1138 2914 1206 2987 Ego
1219 2912 1388 2984 Nicolaus,
1402 2911 1611 2972 Tusculanus
1626 2911 1800 2997 episcopus.

248 3011 371 3094 [quemi
399 3012 585 3075 malueritis
612 3011 795 3073 antistitem
819 3009 959 3083 adeatis,
985 3012 1043 3088 qui
1106 3012 1111 3017 '
1140 3009 1338 3084 sgouuido,
1355 3008 1767 3084 Prenestinusepiscopus.

250 3112 446 3191 apostolicae
469 3110 565 3171 Sedis
592 3108 695 3170 fultus
723 3107 932 3180 auctoritate,
957 3108 1042 3184 quod
1137 3109 1206 3182 Ego
1216 3107 1428 3177 Octavianus,
1443 3108 1500 3166 SS.
1516 3104 1626 3181 Sergii
1641 3106 1674 3165 et
1686 3100 1781 3164 Baebi
1794 3097 1858 3159 disc.

249 3192 1044 3289 postulatunindulgeat.Obeunteverote,nunc
1098 3203 1187 3265 card.

248 3307 395 3386 ejusdem
419 3304 485 3365 loci
513 3303 642 3373 abbate,
664 3302 717 3362 vel
741 3303 875 3363 tuorum
899 3301 1045 3377 quolibet
1139 3303 1206 3377 Ego
1219 3299 1410 3375 Gorgonius,
1428 3300 1462 3360 S.
1476 3298 1601 3360 Theoti.
1616 3298 1704 3360 diac.
1717 3294 1798 3359 card.

248 3418 491 3472 successorum,
510 3400 622 3460 nullus
636 3398 683 3460 ibi
696 3398 844 3475 qualibet
854 3397 1044 3475 subreptio-
1137 3400 1206 3473 Ego
1222 3399 1402 3467 Romanus,
1417 3397 1452 3456 S.
1463 3395 1583 3471 Angeli
1598 3395 1686 3457 diac.
1703 3392 1787 3456 card.

249 3502 303 3563 nis
328 3499 451 3561 astutia
477 3497 531 3559 vel
554 3496 713 3558 violentia
738 3496 960 3573 praeponatur,
978 3494 1044 3555 nisi
1138 3497 1205 3570 Ego
1222 3494 1419 3570 Stephanus,
1437 3495 1470 3553 S.
1486 3493 1638 3554 Adriani.
1654 3491 1740 3553 diac.
1754 3485 1830 3551 card.

248 3613 346 3677 quem
369 3596 489 3657 iratres
515 3593 682 3655 communi
702 3608 868 3653 consensu
887 3592 941 3653 vel
970 3591 1043 3653 ira·
1138 3593 1257 3653 Datum
1267 3589 1505 3666 laterani,per
1515 3605 1652 3650 manum
1663 3582 1863 3650 ouidouhdr·

248 3699 337 3758 trum
356 3709 434 3771 pars
456 3691 590 3753 consilii
612 3690 757 3751 sanioris
781 3689 960 3751 secundum
985 3690 1044 3751 Dei
1098 3690 1181 3751 mini
1200 3705 1294 3765 papae
1314 3687 1447 3760 notarii,
1460 3690 1535 3748 XVI
1555 3686 1624 3747 lsai.
1637 3686 1739 3763 junii,
1756 3677 1863 3760 pontii·

246 3794 401 3856 timorem
416 3791 449 3851 et
467 3789 555 3850 beati
570 3786 741 3848 Benedicti
758 3786 967 3864 providerint
980 3786 1045 3847 eli·
1099 3787 1193 3848 catus
1208 3800 1286 3847 vero
1302 3784 1429 3846 domini
1443 3784 1583 3845 Honorii
1597 3785 1747 3845 ilianuc
1761 3780 1862 3843 cctam

249 3890 404 3967 gendum.
419 3885 633 3948 Decernimus
648 3900 739 3960 ergo,
757 3886 793 3947 ut
810 3884 894 3945 uuili
910 3883 1044 3945 omnino
1123 3906 1128 3915 ·
1928 3934 1929 4007 1

249 3987 422 4048 homiuum
439 3984 539 4044 liceat
557 3981 729 4059 praefatum
743 3982 981 4042 monasterium
993 3980 1046 4042 te-
1928 4016 1929 4055 ,

249 4099 342 4145 mere
353 4080 562 4158 perturbare,
578 4081 636 4139 aut
653 4080 725 4155 ejus
741 4078 969 4154 possessiones
984 4093 1047 4138 au·
1399 4041 1592 4128 CCXXIII

251 4180 351 4250 terre,
378 4177 432 4240 vel
458 4176 585 4238 ablatas
606 4175 763 4245 retinere,
791 4175 952 4246 minuere,
986 4190 1045 4236 seu
1100 4197 1153 4256 Ad
1179 4197 1375 4269 episcopum
1402 4191 1706 4261 sqvaneotemem‚
1727 4191 1865 4250 decanum
1928 4226 1929 4319 1

252 4274 454 4355 quibuslibet
474 4270 707 4334 vexationibus
731 4270 883 4347 fatigare,
900 4272 956 4333 sed
974 4287 1047 4334 om·
1140 4295 1383 4353 magensem
1399 4290 1432 4349 et
1442 4290 1598 4363 priorem
1611 4289 1734 4351 sancit
1749 4279 1867 4347 Victorii

253 4375 309 4435 nia
331 4373 463 4446 integra
486 4370 724 4431 conserventur
744 4384 859 4429 eorum
882 4384 941 4446 pro
964 4385 1047 4445 quo-
1139 4389 1364 4449 pamwnsrs,

253 4485 328 4531 rum
352 4466 594 4544 gubernatione
617 4468 675 4527 aut
702 4467 942 4527 sustentatione
963 4481 1043 4527 con·
1394 4483 1427 4538 tl
1442 4480 1510 4537 mqp
1525 4479 1604 4536 qqqq,

254 4580 349 4630 cessa
377 4565 455 4627 sunt
480 4562 595 4624 usibus
623 4563 821 4624 omnimodis
861 4562 1045 4639 profutura,

255 4664 348 4727 salva
371 4661 465 4723 Sedis
488 4659 686 4738 apostolieae
702 4660 913 4722 auctoritate.
929 4659 977 4720 ltd
993 4658 1048 4719 in·
1928 4704 1929 4737 ,

254 4762 378 4825 dicium
401 4760 511 4821 autem
532 4760 696 4835 perceptae
726 4757 825 4834 hujus
854 4773 874 4818 a
898 4760 1046 4818 Romana
1101 4738 1216 4799 llandat
1235 4746 1266 4840 111
1286 4751 1415 4805 1111111111,
1434 4737 1510 4837 1111111
1533 4736 1730 4807 immitium,
1754 4733 1869 4790 decmm
1928 4746 1929 4831 1

255 4858 403 4923 Ecclesia
418 4856 581 4918 libertatis
596 4870 716 4915 aureos
731 4855 814 4923 duos
826 4852 967 4929 singulis
980 4869 1045 4913 an·
1136 4835 1165 4928 ,⁰¹
1178 4829 1332 4929 03111Ψῦ10
1345 4825 1869 4924 31688101911611011111111111191Ν
1928 4836 1929 4931 i

255 4958 309 5019 nis
324 4954 420 5017 nobis
444 4952 632 5029 nostrisque
653 4950 901 5013 successoribus
924 4952 1047 5027 persol·
1133 4931 1236 4991 ’Μ
1253 4924 1364 4987 lum
1383 4920 1412 4970 ⁰²
1433 4926 1628 5057 mmsgffflfflffl
1654 4914 1870 4970 ⁸⁰³⁸⁸¹⁰¹¹⁸⁰⁸⁸¹¹¹
1928 4934 1929 5023 l

256 5054 351 5117 vetis.
368 5050 403 5113 Si
419 5050 493 5128 quis
510 5049 613 5125 igitur
626 5048 661 5109 in
680 5047 827 5109 futurum
843 5047 1044 5124 patriarcba,
1136 5021 1171 5063 ⁰³
1184 5005 1270 5062 “nem
1286 5009 1456 5070 vemmem'
1470 5016 1506 5058 ⁸¹¹
1528 5008 1595 5058 mm·
1928 5028 1929 5053 ¹

256 5148 538 5227 archiepiscopus,
566 5146 751 5222 episcopus,
781 5146 840 5206 aut
866 5144 1046 5205 ecclesias·
1140 5139 1317 5210 Honorius
1332 5134 1601 5205 etc.,venerabili
1620 5133 1720 5196 fratri
1739 5133 1872 5210 episcopo

255 5250 322 5312 tica
337 5260 478 5324 persona
494 5240 660 5319 quaelibet,
669 5242 882 5303 saecularisve
890 5257 1044 5317 persone,
1102 5235 1355 5305 silvanectensi,
1373 5233 1504 5295 dilectis
1527 5232 1607 5292 filiis
1628 5230 1757 5292 decano
1775 5227 1873 5291 sselva·
1928 5308 1929 5313 ἵ

255 5348 341 5408 banc
351 5345 498 5404 nostram
509 5338 754 5401 constitutionis
764 5339 922 5416 paginam
937 5340 1046 5399 sciens
1100 5335 1203 5406 censi,
1217 5336 1287 5395 et...
1303 5331 1407 5409 priori
1419 5330 1530 5392 Sancti
1541 5328 1685 5391 Victoris
1696 5320 1871 5390 parisiensi,

254 5443 371 5505 contra
399 5454 473 5501 eam
499 5439 624 5499 temere
651 5436 766 5498 venire
789 5435 977 5507 tentaverit,
998 5451 1048 5497 se-
1101 5432 1253 5503 salutem,
1269 5431 1333 5491 et.
1928 5458 1929 5467 ,

256 5537 363 5605 cundo
401 5535 539 5598 tertiove
572 5533 781 5604 commonita,
817 5532 883 5593 nisi
918 5533 1045 5595 reatum
1141 5529 1260 5593 Dilecti
1285 5527 1397 5589 alit...
1413 5522 1656 5601 praepositus...
1685 5521 1835 5588 decanus,
1850 5513 1875 5572 ct

252 229 314 290 ota
870 230 1046 293 HONORH
1068 231 1113 290 111
1134 232 1283 296 OPERA.
1795 240 1837 301 rb

1118 4617 1239 4681 saepest,
1247 4614 1292 4664 lib.
1304 4613 1368 4670 lilll,
1381 4612 1456 4675 epist.
1465 4611 1520 4662 tae.
1532 4611 1590 4660 blss.
1603 4612 1641 4661 La
1651 4612 1729 4661 Porta
1739 4609 1772 4659 dn
1781 4602 1857 4665 mail]
