3972 6204
215 341 275 403 060
829 347 1005 412 nonoan
1026 348 1073 409 111
1092 349 1241 411 orsae.
1794 351 1852 412 oro

1064 508 1205 582 dederit,
1243 508 1444 570 convertatis
1478 507 1679 582 incredulos,
1713 510 1850 586 erigatis
1972 474 1973 529 ἦ

217 505 392 584 reliquerit
415 507 586 581 secutum,
614 510 647 572 et
671 508 803 586 penitus
825 508 1006 583 abdicarit,

218 620 284 666 non
300 605 427 683 estjam
443 607 602 669 dicendus
618 606 679 679 illi,
702 608 759 685 qui
774 606 847 679 fuit,
864 624 939 670 cum
954 625 1010 670 ee-

218 705 355 778 pnratus
371 719 390 764 a
405 703 526 765 mundo
541 705 576 764 in
590 705 698 766 virum
714 704 855 766 alterum
874 706 918 767 sit
932 722 1008 766 mu-

217 800 317 860 tatus.
334 799 482 875 Denique
502 801 645 875 potestas
669 802 702 862 et
716 802 902 863 consiliarii
918 818 1007 879 prae·

218 896 298 956 dicti
325 897 537 972 prospiciant,
565 898 708 958 6161166
735 899 837 960 tautae
864 898 1008 960 civitatis

218 992 333 1053 deceat
354 993 454 1054 etiam
475 994 586 1056 hostes
603 1010 692 1066 suos,
714 996 770 1071 qui
785 997 872 1056 sicut
887 995 946 1056 alii
966 995 1007 1056 ad

218 1105 275 1150 eos
290 1090 427 1165 pacifice
441 1091 589 1162 veniunt,
615 1092 650 1152 in
672 1092 786 1153 eadem
800 1093 936 1154 civitate
951 1108 1009 1154 ca-

218 1202 307 1263 pere,
325 1203 364 1248 ac
379 1187 526 1249 detinere
540 1189 711 1265 captivos3
733 1206 807 1250 cum
834 1190 1007 1264 indignum

217 1283 339 1355 soleat,
367 1284 452 1360 quod
473 1285 547 1361 quis
569 1285 603 1345 iu
627 1285 722 1346 durno
749 1302 809 1347 sua
833 1287 1008 1348 inhoneste

216 1382 336 1443 tractet
365 1382 593 1442 adversarium
630 1383 788 1459 reputari.
822 1384 905 1455 Quia
928 1400 1008 1445 1610

219 1478 347 1554 praesnti
363 1476 493 1549 iratres,
510 1479 566 1555 qui
583 1495 656 1539 cnm
679 1479 798 1556 spiritu
818 1480 877 1542 Dei
901 1496 1008 1556 agan-

216 1574 283 1647 tur,
306 1590 372 1634 non
394 1575 471 1636 sunt
495 1574 555 1635 sub
581 1577 674 1651 lege,
706 1592 767 1637 nec
793 1577 861 1638 alio
888 1576 1010 1641 debent

218 1685 317 1746 quam
332 1671 444 1731 divino
456 1673 532 1746 jure
547 1673 688 1743 censeri,
714 1675 749 1734 et
766 1689 879 1734 eorum
895 1672 1010 1734 defen-

217 1768 267 1827 sio
284 1768 324 1826 ad
338 1783 409 1839 nos,
428 1772 462 1830 et
476 1772 658 1831 Romanam
674 1770 856 1831 Ecclesiam
867 1771 1008 1845 dignos-

217 1864 500 1941 citurpertinere;
529 1867 654 1927 eisdem
674 1869 830 1943 potestati
852 1867 1010 1930 6160161-

216 1962 324 2022 liariis
348 1962 496 2024 districte
522 1964 646 2025 nostris
677 1963 795 2025 damus
824 1964 943 2026 litteris
973 1964 1008 2025 in

216 2060 400 2136 praeceptis,
424 2061 460 2121 ut
482 2059 632 2121 eumdem
657 2060 793 2122 fratrem
814 2076 873 2138 pro
894 2061 1008 2122 divino

216 2158 326 2218 0111610
341 2159 374 2219 61
385 2159 497 2218 nostra
512 2160 700 2220 reverentia
717 2159 869 2230 liberent,
886 2160 918 2221 et
935 2175 1008 2220 cum

217 2254 377 2316 fratribus
415 2256 485 2315 suis
512 2255 653 2317 liberum
680 2257 775 2318 abire
802 2258 1007 2334 permittant.

218 2352 377 2422 Quocirca
392 2353 587 2415 discretioni
607 2354 726 2414 1061166
747 2370 806 2430 per
819 2353 1008 2429 apostoliea

218 2449 342 2523 scripta
366 2450 573 2519 mariamne,
600 2452 780 2525 quotenne,
806 2452 835 2512 si
855 2451 933 2512 dicti
950 2467 1010 2528 po-

202 2546 319 2629 testas
334 2547 367 2605 et
381 2545 565 2606 consiliarii
580 2547 770 2608 mandatum
785 2549 934 2609 nostrum
949 2564 1010 2608 ne-

215 2641 381 2715 glexerint
393 2641 583 2717 adimplere,
601 2659 660 2704 106
676 2660 732 2706 606
746 2645 787 2705 ad
804 2644 836 2704 id
854 2660 913 2722 per
924 2660 1008 2706 ceu·

218 2751 330 2795 snram
354 2736 614 2798 ecclesiasticam
638 2739 862 2816 appellatione
882 2743 1009 2801 remota

216 2833 445 2909 compescatis.
462 2835 581 2895 Datum
596 2838 710 2905 Reate,
732 2839 774 2899 lV
793 2852 899 2898 nonas
917 2837 1011 2898 octo-

216 2929 298 3001 bris,
311 2946 399 2993 anno
414 2930 553 2993 decimo.

563 3235 665 3321 XLV

251 3387 304 3445 An
322 3385 469 3459 Fratres
485 3385 740 3447 Proediccfmes
755 3386 789 3446 et
803 3388 969 3447 Minores.

499 3522 622 3580 7001011.
644 3523 723 3581 liis.

327 3655 468 3720 1811616166,
481 3655 576 3707 Βο1161.
587 3655 721 3715 Frenetes..
736 3658 757 3717 1,
766 3656 806 3716 ti,
817 3672 844 3708 n.
854 3657 906 3721 ie]

217 3791 364 3849 lfittuntur
379 3804 394 3846 a
410 3789 543 3861 pontifice
558 3790 660 3846 fratres
679 3788 892 3858 Praedicetcree,
908 3796 936 3846 et
953 3790 1006 3846 lli·

250 3893 336 3934 nores
354 3879 383 3934 in
405 3876 575 3935 lfiramolinl
599 3890 721 3950 regnum
741 3876 776 3933 od
798 3878 883 3934 fldem
904 3876 1007 3938 Christi

250 3964 488 4039 promulgandam
503 3979 569 4021 cnm
582 3965 725 4023 nonnullis
739 3965 906 4038 privilegiis.

255 4100 437 4171 Honorius,
460 4101 535 4169 616,
553 4098 711 4159 fratribus
730 4099 1007 4162 Praedicntoribue

81 4178 103 4199 ”
215 4199 247 4258 61
260 4196 456 4267 Minoribus,
468 4198 500 4257 et
512 4196 546 4256 in
559 4211 663 4271 regno
673 4196 876 4257 Miramoliui
890 4213 909 4257 a
924 4199 1008 4259 Sede

161 4365 163 4373 y
215 4295 404 4371 Apostolica
419 4293 606 4364 destinatis,
624 4292 764 4354 salutem
789 4295 822 4355 et
840 4295 1009 4371 apostoti-

216 4406 289 4452 cam
302 4390 576 4452 benedictionem.

255 4489 369 4549 Vineae
383 4487 512 4547 Domini
528 4488 681 4549 custodes
694 4487 773 4550 licet
782 4488 937 4551 immeriti
948 4504 1008 4565 po-

216 4585 283 4657 siti,
307 4586 339 4646 et
360 4584 518 4656 cultores,
539 4600 675 4647 necesse
696 4583 856 4646 habemus
876 4585 911 4646 in
933 4602 1007 4646 eam

1063 607 1184 683 lapsos,
1222 606 1414 667 sustentetis
1447 604 1583 679 debiles,
1621 607 1850 685 pusillanimes

1063 703 1290 774 consolemini,
1313 706 1348 764 et
1365 702 1468 764 fortes
1482 703 1700 765 nihilominus
1712 703 1849 765 confor-

1062 801 1151 861 tetis.
1170 801 1213 860 Ut
1227 802 1339 860 autem
1354 800 1574 861 ministerium
1588 803 1737 862 uestrum
1751 801 1853 861 contl-

1064 896 1194 957 dentius
1222 897 1472 974 exsequamini,
1498 898 1728 968 concedimus,
1756 901 1793 960 ut
1819 899 1851 958 in

1063 992 1220 1068 praedicta
1234 993 1395 1055 duntaxat
1405 993 1541 1068 regione
1553 994 1646 1053 vobis
1658 993 1759 1056 liceat
1769 1011 1854 1071 prae-
1972 1028 1973 1035 .

1063 1088 1187 1161 dicare,
1211 1088 1379 1165 baptizare
1404 1092 1588 1150 Saracenos
1609 1092 1650 1151 ad
1676 1091 1775 1151 fldem
1791 1108 1852 1153 no·
1972 1086 1973 1097 ’

1063 1185 1149 1245 viter
1166 1186 1353 1257 venientes,
1379 1188 1412 1247 et
1434 1187 1653 1248 reconciliare
1673 1190 1850 1264 apostatas,

1063 1281 1237 1357 injungere
1252 1283 1474 1359 poenitentias,
1500 1286 1533 1344 et
1552 1287 1854 1348 excommunicatos

1063 1378 1139 1440 illos
1155 1379 1339 1450 absolvere,
1358 1381 1415 1457 qui
1437 1380 1477 1441 ad
1500 1381 1618 1443 Sedem
1631 1383 1855 1458 apostolicam

1063 1476 1314 1537 commodanon
1333 1480 1472 1553 possunt
1490 1479 1671 1554 accedere,
1691 1479 1855 1556 liceatque
1972 1518 1973 1529 .

1063 1572 1157 1633 vobis
1175 1573 1209 1634 iu
1230 1575 1320 1635 terra
1342 1574 1402 1635 1116
1425 1574 1558 1646 ineos,
1583 1590 1666 1652 ques
1680 1577 1854 1639 haereticos

1064 1686 1138 1730 esse
1157 1671 1359 1742 constiterit,
1389 1672 1746 1735 excommunicationis
1774 1691 1853 1735 sen-

1064 1767 1202 1828 tentiam
1231 1768 1454 1844 promulgare.
1485 1768 1679 1830 inhibemus
1707 1785 1855 1848 quoquo,
1972 1816 1973 1819 ,

1063 1878 1106 1923 ne
1130 1863 1184 1924 cui
1208 1864 1390 1926 christiano
1417 1864 1516 1927 liceat
1536 1881 1597 1927 106
1619 1867 1661 1928 de
1682 1868 1774 1929 terra
1797 1867 1855 1929 illa
1972 1878 1973 1905 ³

1063 1960 1185 2037 eJicere
1205 1961 1379 2023 violenter.
1401 1962 1618 2039 Praecipimus
1629 1966 1743 2025 autern
1761 1965 1856 2025 robis
1972 1956 1973 1959 ’

1063 2058 1098 2117 in
1113 2059 1236 2120 virtute
1250 2063 1375 2121 sanctae
1393 2060 1601 2133 obedientiae,
1627 2064 1663 2122 nt
1675 2062 1729 2122 his
1741 2063 1856 2124 nulla·
1972 2110 1973 2125 2

1063 2156 1159 2217 tenue
1176 2158 1386 2232 praesumatis
1401 2157 1514 2233 abuti;
1537 2158 1595 2219 sed
1613 2160 1782 2235 tamquam
1799 2161 1855 2220 in-
1972 2150 1973 2191 ³

1064 2253 1278 2315 confusibiles
1298 2255 1444 2332 operarii
1464 2258 1545 2317 Jesu
1565 2256 1689 2317 Christi
1710 2257 1858 2318 itairre·

1064 2350 1333 2427 prehensibiliter
1351 2368 1411 2413 106
1429 2352 1566 2428 geratis,
1584 2353 1706 2429 quoda
1727 2370 1856 2415 summo

1064 2452 1158 2525 patre
1176 2449 1321 2510 familias
1343 2449 1570 2511 retributionis
1594 2450 1772 2511 denarium
1787 2467 1856 2511 me-

1063 2547 1217 2618 reamini,
1235 2546 1858 2623 etnosmajorauohisposslmnecom·
1972 2630 1973 2633 Ἴ

1064 2645 1194 2706 mittere
1218 2644 1432 2705 confidenter.
1458 2646 1577 2705 Datum
1605 2646 1730 2716 Reate,
1758 2647 1855 2707 nonis

1063 2737 1218 2809 octobris,
1237 2738 1448 2815 pontificatue
1467 2737 1574 2799 nostri
1588 2752 1678 2799 auno
1693 2739 1835 2802 11661110.

1397 2997 1520 3083 XLVI

1122 3149 1175 3208 Ad
1201 3149 1494 3221 archiepiscopum
1514 3150 1741 3209 Viennensem
1764 3151 1798 3210 ef

1183 3248 1352 3306 decertem
1367 3245 1737 3318 Gratianopotttonum.

1340 3374 1372 3431 ll
1388 3372 1481 3431 octob.
1500 3373 1578 3432 1⁹25.

1219 3495 1312 3561 [Gallia
1321 3495 1469 3555 christiana,
1479 3497 1546 3556 xiil,
1559 3496 1620 3547 inei.
1633 3497 1702 3563 m]

1064 3612 1113 3670 Eis
1128 3611 1244 3669 mandat
1268 3619 1307 3678 ut,
1322 3626 1410 3683 quum
1427 3612 1555 3669 nonnulli
1570 3613 1779 3673 canonicorum
1791 3629 1821 3671 66
1837 3628 1854 3671 a

1098 3701 1291 3758 blendanensi
1305 3700 1426 3757 61616616
1440 3715 1491 3771 pro
1506 3702 1735 3758 necessariorum
1748 3700 1855 3759 defectu
1972 3744 1973 3785 3

1098 3788 1250 3847 absentare
1271 3795 1427 3860 cogantur,
1455 3803 1554 3845 eorum
1580 3803 1735 3847 numerum
1763 3792 1852 3848 immi·

1098 3884 1196 3963 nuent

1102 4001 1463 4079 Honoriusepiscopus,
1471 4017 1775 4064 serrusservorum
1786 4004 1852 4075 Dei,
1972 3964 1973 3999 Τ

1062 4097 1245 4160 venerabili
1269 4096 1365 4160 116111
1391 4098 1645 4175 archiepiscopo
1674 4100 1855 4161 Viennensi
1972 4132 1973 4147 ι

1063 4198 1096 4258 61
1122 4196 1242 4256 dilecto
1269 4195 1338 4257 filio
1373 4196 1499 4256 decano
1534 4196 1853 4273 Gratianopolitano,
1972 4202 1973 4215 ¹

1063 4290 1213 4352 salutem.

1103 4386 1312 4451 Venerabilis
1340 4387 1445 4450 irater
1477 4389 1590 4449 106161
1623 4389 1802 4467 episcopus
1824 4390 1855 4450 et
1894 4430 1901 4442 -

1062 4485 1175 4547 dilecti
1191 4485 1254 4546 filii
1282 4485 1464 4561 capitulum
1485 4485 1723 4547 Maurienense
1742 4488 1854 4548 11616-

1064 4581 1165 4643 missa
1197 4581 1292 4643 nobis
1318 4581 1477 4658 petitione
1500 4585 1749 4647 monstrarunt.
1771 4582 1854 4659 quod

216 4682 348 4744 mittere
362 4681 932 4757 operarios,distribuendosingutis
943 4682 1008 4743 mi·
1062 4695 1137 4739 cum
1152 4679 1248 4740 bonae
1263 4679 1432 4739 memoriae
1444 4681 1495 4750 L.,
1511 4679 1741 4764 praedecessor
1750 4679 1854 4756 ipsius

216 4779 355 4840 nisteria
381 4779 561 4840 secundnm
585 4780 760 4848 1111111611,
786 4780 885 4855 juxta
909 4793 1011 4855 quarn
1061 4777 1221 4854 episcopi,
1232 4775 1423 4837 facultatem
1443 4777 1692 4837 Maurianensis
1706 4777 1855 4838 ecclesis

214 4876 349 4938 ualeant
393 4875 576 4938 officiosius
609 4876 752 4952 operari.
794 4876 1007 4938 effendentes
1061 4874 1224 4937 tenuitate
1239 4873 1387 4948 pensata,
1408 4872 1445 4933 in
1466 4887 1506 4934 ea
1521 4872 1636 4934 decem
1655 4874 1689 4935 et
1707 4875 1785 4935 0610
1802 4889 1853 4935 66-

215 4973 330 5048 igitur,
351 4973 437 5050 quod
457 4972 659 5048 abnegantes
684 4988 744 5032 106
767 4971 858 5048 ipsos
878 4973 1007 5034 animas
1063 4971 1259 5032 noricorum
1287 4983 1462 5030 numerum
1496 4970 1686 5042 statuisset,
1719 4971 1776 5048 qui
1800 4984 1855 5047 per

215 5072 343 5133 1661166
358 5086 418 5148 pro
433 5069 563 5131 Christo
583 5084 708 5146 ponere
727 5069 859 5145 cupitis,
875 5070 910 5132 ut
923 5070 1008 5131 lucri
1064 5068 1255 5129 continuam
1282 5066 1500 5129 residentiam
1524 5066 1611 5128 inibi
1638 5068 1853 5139 deservirent,

214 5167 348 5229 faciatis
362 5166 427 5227 sibi
440 5166 571 5227 animas
588 5167 749 5239 aliornm3
771 5182 811 5227 eo
826 5166 911 5243 quod
927 5167 1007 5227 nul·
1063 5165 1258 5241 promittens
1285 5164 1522 5227 canonicorum
1538 5165 1688 5241 ipsorum
1709 5165 1854 5227 redditus

217 5266 284 5325 lum
302 5264 502 5325 sacrificium
516 5266 582 5324 Deo
594 5265 811 5326 constatesse
826 5265 1006 5340 acceptius,
1062 5262 1174 5323 taliter
1188 5261 1350 5338 ampliare
1371 5262 1456 5339 quod
1477 5260 1598 5322 exinde
1622 5266 1759 5338 possent
1778 5277 1854 5323 con·
1972 5302 1973 5321 ,

217 5378 315 5439 quam
330 5361 458 5422 lucrum
479 5376 629 5437 quaerere
649 5361 835 5421 animarum
859 5382 866 5421 :
890 5377 950 5421 106
973 5362 1008 5421 in
1062 5374 1144 5434 grue
1157 5359 1337 5419 sustentari
1351 5361 1384 5420 et
1398 5359 1556 5420 statutum
1570 5358 1762 5436 hujusmodi
1774 5359 1854 5420 fuis·
1972 5356 1973 5447 1

216 5473 356 5534 regnum
366 5457 883 5534 MiramoliniSedisApostolicae
898 5460 1010 5520 traus—
1061 5457 1113 5517 set
1137 5470 1197 5531 per
1221 5455 1339 5515 Sedem
1363 5455 1587 5531 apostoticam
1615 5455 1850 5523 confirmatum,
1972 5454 1973 5511 i

216 5555 319 5613 mittit
344 5554 549 5625 auctoritas,
583 5555 621 5615 ut
645 5554 914 5631 evangelizantes
937 5555 1009 5616 11116
1063 5552 1142 5629 quia
1160 5552 1275 5613 eodem
1293 5552 1542 5629 praedecessore
1559 5551 1648 5613 inira
1662 5567 1852 5613 annumsn·
1972 5540 1973 5583 ³

217 5647 393 5708 Dominum
412 5652 526 5710 iesum
549 5650 732 5724 Christum,
759 5653 919 5728 quantum
938 5652 1008 5728 ipse
1063 5649 1154 5713 blato
1172 5648 1337 5711 demedio
1358 5648 1463 5727 ipsius
1476 5648 1655 5727 promissio
1670 5665 1739 5713 non
1753 5646 1851 5727 potuit
