3930 6206
72 321 134 383 745

73 477 170 539 vobis
185 476 420 548 successerint,
436 476 470 538 et
492 475 622 537 illibata
640 472 868 551 permaneant.

73 576 112 635 In
138 574 258 651 quibus
287 575 359 635 haec
387 572 539 651 propriis
570 571 725 632 duximus
752 569 868 647 expri-

73 668 195 730 menda
206 668 388 730 vocabulis.
405 669 527 728 Locum
539 667 647 743 ipsum
659 666 692 725 in
704 681 768 742 quo
784 680 871 741 pree-

72 765 180 827 131313
192 764 430 825 monasterium
442 764 541 825 situm
556 764 704 834 osteum
718 760 869 822 omnibus

72 861 287 938 pertinentiis
313 862 394 921 suis.
421 848 672 929 Possess'iones,
700 857 814 919 domos
838 857 871 918 et

71 960 184 1020 terras
200 972 282 1034 quas
306 957 436 1018 habetis
456 957 492 1017 in
509 956 630 1032 oppido
654 954 811 1034 Aquensi,
834 954 869 1014 in

70 1056 195 1132 Vylen,
216 1055 251 1115 in
263 1057 385 1130 Epona,
404 1054 440 1115 in
455 1053 591 1125 Kutten,
608 1052 696 1113 etad
713 1053 869 1113 Sanctum

69 1151 253 1213 andream.
270 1151 516 1220 possessiones,
537 1153 645 1211 terras
668 1149 701 1209 et
722 1147 870 1209 redditus

70 1263 159 1323 quos
182 1246 312 1307 habetis
328 1245 364 1305 in
380 1244 611 1315 Steinstraten',
628 1242 662 1304 in
679 1241 823 1312 Sieiden,
836 1241 870 1301 in

70 1339 256 1411 Kaeretich,
271 1340 306 1399 in
327 1338 542 1409 Adenboven,
565 1338 600 1398 in
616 1337 762 1412 Sintege,
787 1335 869 1397 etin

69 1437 254 1515 Bopardia,
271 1452 347 1497 cum
362 1435 480 1513 pratis,
495 1435 615 1506 vineis,
632 1433 742 1501 terris,
755 1448 871 1493 nemo-

70 1535 181 1606 ribus,
196 1534 347 1609 usuagiis
358 1535 391 1595 31
400 1533 543 1610 pascuis,
558 1532 703 1592 inbosco
716 1529 868 1606 etplan0,

69 1633 107 1693 in
126 1632 226 1710 aquis
241 1632 275 1692 et
288 1631 498 1702 molendinis,
509 1631 543 1690 in
563 1629 629 1690 viis
642 1631 675 1690 et
693 1628 820 1689 semitis
839 1628 871 1688 et

70 1729 231 1792 omuibus
246 1728 323 1790 aliis
339 1727 547 1789 libertatibus
564 1727 596 1787 et
606 1723 871 1786 immunitatibus

70 1828 156 1889 suis.
175 1828 263 1887 Sane
273 1824 423 1887 laborum
436 1823 623 1885 vestrorum
635 1823 676 1884 de
692 1821 872 1899 possessio·

70 1924 175 1985 nibus
192 1922 317 1984 habitis
329 1923 407 1983 ante
417 1921 599 1982 Concilium
613 1919 779 1995 generale,
799 1918 869 1979 sive

69 2022 177 2084 etiam
191 2020 372 2091 novalium,
389 2035 462 2095 quae
483 2017 627 2094 propriis
646 2016 798 2078 manibus
814 2016 872 2076 aut

71 2118 263 2195 sumptibus
289 2116 420 2188 colitis,
449 2115 489 2176 de
513 2115 633 2186 hortis,
660 2114 815 2189 virgultis
839 2115 872 2174 et

71 2214 319 2293 piscationibus
344 2214 487 2286 vestris,
521 2213 575 2274 vel
599 2212 639 2273 de
658 2211 871 2273 nutrimentis

69 2313 274 2375 animalium
293 2314 493 2383 vestrorum,
510 2310 622 2372 nullus
637 2326 657 2370 3
672 2309 766 2370 vobis
786 2309 872 2369 deci·

70 2428 147 2473 mas
168 2411 306 2486 exigere
318 2412 372 2471 vel
390 2410 590 2484 extorquere
605 2409 795 2483 praesumat.
820 2407 872 2466 Li·

69 2511 149 2570 ceat
163 2522 295 2584 quoque
309 2505 404 2567 vobis
420 2519 578 2581 personas
594 2502 716 2564 liberas
731 2503 764 2564 et
778 2501 872 2563 abso·

70 2607 163 2667 tutas
185 2621 204 2664 e
228 2602 351 2665 saeculo
374 2602 538 2677 fugientes
558 2600 598 2662 ad
620 2600 870 2661 conversionem

69 2703 238 2779 recipere,
261 2701 294 2762 et
308 2716 365 2761 eas
387 2699 510 2775 absque
526 2698 788 2759 contradictione
802 2698 869 2758 ali-

68 2816 140 2878 qua
154 2799 313 2860 retinere.
330 2797 549 2858 probibemus
563 2797 710 2871 insuper,
733 2796 769 2857 ut
786 2795 871 2856 nulli

69 2912 231 2959 sororum
245 2899 443 2965 vestrarum,
465 2896 540 2970 post
554 2893 674 2954 tactam
690 2893 724 2952 in
737 2908 872 2953 monas-

66 2995 163 3057 terio
178 2995 291 3054 vestro
306 2992 557 3069 professionem,
573 2990 678 3052 fassit
692 2989 872 3051 sineabba·

65 3093 167 3155 tissae
179 3107 250 3152 suae
262 3090 397 3150 licentia
409 3088 449 3150 de
460 3089 574 3149 eodem
590 3089 663 3148 loco
681 3087 869 3149 discedere:

65 3187 302 3250 discedentem
314 3202 393 3247 vero
408 3185 532 3262 absque
546 3185 769 3246 communium
783 3185 873 3247 litte-

67 3301 193 3348 rarum
224 3285 411 3347 vestrarum
433 3282 588 3344 cautione
609 3282 722 3343 nullus
750 3282 872 3345 audeat

66 3385 237 3447 retinere.
268 3381 353 3443 Illud
382 3380 564 3441 districtius
592 3379 804 3450 inhibentes,
829 3396 871 3441 ne

64 3487 185 3546 terras
207 3495 267 3540 seu
296 3478 464 3556 quodlibet
492 3477 690 3539 beneficium
719 3477 871 3541 ecclesiae

66 3580 198 3641 vestrae
222 3577 378 3639 collatum
402 3577 503 3637 liceat
528 3575 629 3637 alicui
651 3575 871 3652 personaliter

65 3676 159 3750 dari,
182 3676 254 3737 sive
269 3675 336 3736 alio
356 3673 452 3735 modo
470 3673 629 3743 alienari,
651 3672 775 3750 absque
790 3688 872 3733 con-

65 3790 177 3837 sensu
199 3773 301 3834 totius
325 3772 473 3848 capituli,
494 3772 548 3832 vel
572 3770 708 3847 majoris
731 3773 790 3833 aut
810 3785 870 3830 sa-

64 3872 182 3933 nioris
192 3870 298 3946 partis
308 3870 425 3945 ipsius.
439 3869 472 3929 Si
480 3884 553 3945 quae
562 3882 641 3929 vero
649 3867 871 3929 alienationes

63 3969 125 4032 vel
136 3967 337 4029 donationes
348 3965 448 4027 aliter
462 3981 561 4042 quam
576 3965 763 4029 dictumest
775 3964 870 4026 133133

64 4065 211 4137 fuerint,
229 4080 286 4125 eas
305 4063 419 4124 irritas
442 4078 514 4123 esse
529 4078 714 4123 censemus.
730 4063 872 4137 Insuper

63 4162 275 4226 auctoritate
291 4159 481 4237 Apostolica
503 4158 702 4230 inhibemus,
723 4173 764 4218 no
782 4157 870 4218 ullus

63 4261 251 4339 episcopus
272 4258 324 4319 vel
340 4256 496 4336 quaelibet
517 4256 584 4317 alia
599 4271 741 4332 persona
763 4255 803 4316 ad
820 4272 871 4332 sy·

60 4358 179 4421 nodos
197 4355 249 4417 vel
268 4356 451 4417 conventus
477 4353 628 4417 forenses
652 4368 711 4415 vos
731 4353 795 4424 ire,
816 4353 870 4413 vel

52 4454 198 4534 jndicio
221 4452 309 4513 stare
333 4451 374 4512 de
392 4451 504 4513 vestra
519 4450 654 4527 propria
670 4449 868 4521 substantia,

57 4552 120 4614 rel
146 4547 415 4628 possessionibus
436 4548 558 4609 vestris
583 4546 757 4624 subjacere
784 4563 871 4607 com·

57 4650 197 4729 pellat:
215 4663 277 4708 nec
288 4647 331 4707 ad
346 4646 461 4706 domos
476 4646 605 4705 vestras
621 4660 722 4705 causa
735 4644 869 4705 ordines

56 4743 281 4814 celebrandi,
307 4758 426 4802 causas
450 4740 636 4813 tractandi,
660 4740 713 4801 vel
739 4740 869 4816 aliquos

55 4842 257 4906 conventus
270 4838 420 4916 publicos
430 4837 646 4909 convocandi,
662 4837 777 4898 venire
789 4853 870 4913 prae·

55 4942 194 5004 sumat.
208 4939 279 4999 Nec
287 4937 475 5012 regularem
487 4936 682 4998 electionem
694 4934 869 4996 abbatissae

53 5042 194 5105 vestrae
208 5034 379 5112 impediat,
399 5035 456 5095 aut
471 5032 510 5094 de
523 5032 727 5094 instituenda
741 5031 795 5092 vel
815 5047 872 5092 re-

54 5136 160 5202 mota
191 5149 233 5194 ea
256 5148 330 5209 quae
353 5146 414 5208 pro
435 5132 583 5207 tempore
609 5129 730 5201 luerit,
754 5130 870 5190 contra

53 5236 200 5299 statuta
216 5228 448 5291 cisterciensis
464 5226 591 5288 ordinis
606 5243 642 5287 se
660 5227 870 5302 aliquatenus

52 5328 285 5397 intromittat.
315 5329 379 5387 Pro
406 5326 658 5387 consecratione
682 5323 868 5385 33333113-

693 313 922 375 EPISTOLAE.
947 313 1025 372 LIB.
1051 313 1105 371 IX.

1658 304 1720 364 tto

924 472 978 532 vel
989 470 1056 532 alio
1071 469 1178 541 modo,
1193 467 1372 545 quidquam
1382 466 1491 527 valeat
1501 465 1715 540 extorquere:

925 567 981 629 sed
996 568 1069 630 haec
1081 567 1192 628 omnia
1207 565 1312 641 gratis
1330 562 1424 625 vobis
1442 562 1617 639 episcopus
1639 559 1718 621 dioe-

925 681 1065 726 cosanus
1094 662 1272 740 impendat.
1310 662 1467 739 Alioquin
1491 660 1591 720 liceat
1623 656 1718 719 vobis

926 776 1167 839 quemcumque
1193 759 1378 820 malueritis
1402 757 1603 819 catholicum
1625 755 1718 817 adire

924 859 1118 923 antistitem,
1132 857 1276 932 gratiam
1291 859 1324 918 et
1342 856 1605 916 communionem
1618 858 1719 929 Apos-

923 957 1033 1017 tolicae
1059 955 1154 1016 Sedis
1174 954 1370 1025 habentem,
1391 953 1447 1030 qui
1476 954 1589 1013 nostra
1615 951 1717 1011 fretus

924 1048 1714 1128 auctoritate‚vobisquodpostulaturimpendat.

926 1150 1017 1222 Quod
1034 1149 1064 1209 si
1077 1148 1173 1209 sedes
1189 1148 1369 1210 dioecesani
1388 1147 1536 1223 episcopi
1559 1145 1719 1233 1331333-

925 1247 1062 1317 caverit,
1081 1246 1215 1307 interim
1231 1244 1343 1306 omnia
1356 1243 1582 1305 ecclesiastica
1603 1258 1718 1303 sacra-

925 1346 1073 1405 mentae
1092 1343 1214 1404 vicinis
1236 1341 1401 1418 episcopis
1425 1341 1592 1417 accipere,
1614 1339 1718 1400 libere

925 1443 958 1502 et
972 1440 1096 1517 absque
1106 1439 1368 1500 contradictione
1379 1437 1534 1514 possitis:
1550 1437 1598 1497 sic
1607 1438 1718 1497 tamen

926 1540 961 1600 ut
985 1554 1028 1599 ex
1050 1537 1113 1598 hoc
1136 1536 1171 1596 in
1196 1537 1364 1612 posterum
1387 1534 1530 1611 propriis
1555 1534 1718 1610 episcopis

925 1635 1052 1696 nullum
1073 1633 1303 1711 praejudicium
1325 1635 1515 1707 generetur.
1538 1632 1622 1703 Quia
1639 1646 1718 1692 vero

927 1733 1091 1793 interdum
1113 1730 1322 1807 propriorum
1342 1730 1572 1806 episcoporum
1589 1729 1720 1804 copiam

926 1845 992 1890 non
1014 1829 1155 1899 habetis,
1179 1828 1206 1887 si
1225 1844 1322 1903 quem
1341 1827 1545 1903 episcopum,
1559 1828 1718 1887 Romanas

926 1926 1021 1988 Sedis
1042 1924 1093 2004 (ut
1110 1923 1269 2003 diximus)
1287 1924 1429 2000 gratiam
1453 1924 1487 1985 et
1510 1923 1719 1986 communio-

925 2040 1001 2085 nem
1016 2022 1203 2092 habentem,
1222 2024 1255 2082 et
1274 2021 1396 2098 dequo
1419 2020 1550 2095 plenam
1566 2019 1717 2081 notitiam

926 2120 1091 2187 habeatis,
1109 2135 1168 2197 per
1178 2135 1239 2182 vos
1254 2119 1398 2181 transire
1420 2118 1605 2193 contigerit,
1626 2117 1667 2177 ab
1680 2133 1719 2177 eo

925 2216 1173 2279 benedictiones
1195 2232 1352 2278 vasorum
1374 2217 1407 2277 et
1427 2214 1582 2286 vestium,
1599 2229 1719 2274 conse·

926 2316 1092 2377 crationes
1117 2313 1291 2381 altarium,
1315 2311 1563 2373 benedictiones
1589 2311 1721 2371 monia-

925 2413 1018 2483 lium,
1033 2411 1232 2473 auctoritate
1245 2409 1444 2486 Apostolicee
1461 2407 1556 2469 Sedis
1571 2409 1719 2484 recipere

926 2509 1076 2571 valeatis.

966 2611 1070 2669 Porro
1096 2607 1125 2667 si
1163 2605 1311 2683 episcopi
1335 2604 1388 2665 vel
1415 2604 1473 2664 alii
1503 2602 1720 2664 ecclesiarum
1776 2608 1785 2619 “

926 2706 1073 2766 rectores
1096 2704 1130 2764 in
1155 2702 1393 2765 monasterium
1408 2702 1556 2763 vestrum
1568 2702 1622 2762 vel
1644 2716 1721 2776 per-

927 2818 1027 2863 sonas
1054 2800 1138 2861 inibi
1169 2800 1367 2861 constitutas
1401 2797 1642 2875 suspensionis,
1665 2813 1723 2858 ex-

926 2897 1238 2960 communicationis
1262 2897 1315 2957 vel
1346 2895 1513 2956 interdicti
1538 2895 1719 2956 sententias

927 2994 1221 3073 promulgaverint,
1242 3009 1301 3054 seu
1316 2992 1416 3055 etiam
1441 2992 1475 3052 in
1495 2992 1719 3053 mercenarios

926 3094 1067 3165 vestroe,
1087 3107 1146 3168 pro
1165 3107 1204 3152 eo
1225 3090 1310 3168 quod
1329 3090 1475 3151 decimas
1495 3088 1581 3151 sicut
1595 3089 1719 3150 dictum

926 3190 976 3253 est
1001 3206 1067 3252 non
1087 3188 1292 3267 persolvitis,
1316 3188 1387 3249 sive
1409 3188 1521 3264 aliqua
1542 3186 1719 3248 occasione

926 3304 1040 3350 eorum
1056 3303 1129 3365 quae
1146 3287 1188 3348 ab
1202 3286 1392 3363 Apostolica
1407 3285 1612 3361 benignitate
1624 3283 1718 3346 vobis

926 3385 1053 3447 indulta
1075 3386 1162 3455 sunt,
1184 3399 1243 3445 seu
1264 3382 1492 3444 benefactores
1507 3385 1645 3453 vestros,
1659 3398 1718 3458 pro

926 3499 965 3544 eo
979 3482 1063 3560 quod
1082 3482 1194 3559 aliqua
1204 3481 1299 3543 vobis
1315 3480 1477 3541 beneficia
1492 3479 1544 3541 vel
1560 3478 1719 3556 obsequia

926 3596 969 3641 ex
976 3580 1115 3641 caritate
1131 3578 1357 3655 praestiterint,
1374 3578 1427 3639 vel
1443 3578 1484 3638 ad
1501 3575 1718 3638 laborandum

926 3675 1126 3753 adjuverint,
1149 3674 1183 3734 in
1206 3674 1273 3735 illis
1298 3673 1429 3744 diebus,
1460 3674 1495 3733 in
1520 3672 1638 3749 quibus
1660 3688 1718 3733 vos

925 3773 1096 3845 laboratis,
1113 3775 1146 3833 et
1160 3772 1219 3832 alii
1231 3771 1410 3846 ferientum
1427 3770 1574 3831 eamdem
1591 3771 1720 3830 senten-

924 3871 1006 3934 tiam
1033 3869 1252 3947 protulerint,
1279 3869 1386 3945 ipsam
1411 3870 1567 3943 tanquam
1604 3868 1718 3927 contra

927 3968 1020 4029 Sedis
1035 3966 1232 4044 apostolicae
1247 3965 1375 4027 indulta
1387 3965 1549 4042 prolatam
1564 3964 1719 4024 duximus

925 4065 1133 4125 irritandam.
1148 4064 1218 4124 Neo
1233 4063 1353 4125 litterae
1368 4063 1445 4123 ullae
1461 4062 1649 4123 firmitatem
1663 4061 1720 4122 hn-

924 4161 1047 4231 beant,
1082 4176 1165 4237 quas
1192 4159 1294 4221 tacito
1328 4159 1461 4221 nomine
1490 4158 1719 4220 Cisterciensis

925 4259 1052 4320 ordinis
1081 4261 1114 4320 et
1137 4258 1253 4319 contra
1281 4258 1431 4320 tenorem
1454 4257 1719 4333 Apostolicorum

925 4356 1177 4433 privilegiorum
1204 4355 1382 4430 contigerit
1407 4354 1589 4431 impetrari.
1627 4358 1721 4415 Prae-

925 4454 1019 4514 terea
1034 4468 1107 4513 cum
1124 4467 1298 4512 commune
1312 4451 1523 4512 interdictum
1539 4453 1637 4513 terras
1653 4451 1721 4511 iue-

924 4550 988 4621 rit,
1022 4549 1123 4610 liceat
1155 4548 1251 4610 vobis
1283 4547 1501 4609 nibilominus
1536 4548 1571 4609 in
1608 4550 1718 4610 vestro

924 4647 1148 4718 monasterio,
1184 4646 1332 4707 exclusis
1367 4646 1663 4707 excommunicatis
1687 4648 1719 4705 et

924 4744 1130 4815 interdictis,
1158 4743 1270 4804 divina
1295 4742 1405 4804 3111313
1428 4742 1609 4804 celebrare.
1637 4743 1718 4803 Paci

925 4858 1054 4919 quoque
1069 4843 1102 4904 et
1123 4840 1358 4917 tranquillitati
1380 4842 1500 4902 vestrae
1523 4842 1661 4917 paterna
1682 4841 1717 4899 in

925 4940 1094 5016 posterum
1118 4938 1342 4999 sollicitudine
1364 4938 1539 5014 providere
1556 4937 1715 5009 volentes,

924 5036 1123 5099 auctoritate
1135 5034 1325 5112 Apostolica
1341 5033 1564 5112 prohibemus,
1581 5035 1616 5095 ut
1630 5033 1718 5094 infra

924 5134 1098 5195 clausuras
1113 5133 1262 5194 locorum
1284 5148 1344 5193 seu
1358 5132 1573 5207 grangiarum
1589 5134 1718 5192 vestra-

924 5246 997 5291 rum
1027 5229 1138 5290 nullus
1170 5230 1323 5305 rapinam
1351 5245 1411 5291 seu
1437 5228 1560 5289 furtum
1583 5227 1715 5300 facere,

924 5327 1036 5403 ignem
1070 5342 1248 5403 apponere,
1272 5325 1468 5400 sanguinem
1493 5324 1719 5397 1333333113-

925 5425 1045 5485 minem
1061 5428 1185 5486 temere
1208 5437 1327 5499 capere
1348 5422 1402 5484 vel
1426 5422 1629 5494 interlicere,
1658 5439 1717 5483 seu

923 5520 1717 5583 violentiamaudeatexercere.Praetereaomnes

924 5617 1096 5680 libertates
1121 5634 1140 5679 a
1170 5615 1471 5693 praedecessoribus
1494 5616 1619 5679 nostris
1646 5620 1718 5679 Ro-

49 5434 158 5495 rium
175 5440 238 5486 seu
251 5423 479 5494 ecclesiarum,
494 5423 565 5484 sive
580 5437 639 5499 pro
652 5422 726 5483 oleo
740 5422 867 5493 sancto,

47 5528 119 5593 vel
136 5522 293 5603 quolibet
313 5521 379 5583 alio
398 5522 626 5583 ecclesiastico
648 5522 867 5591 sacramento,

49 5624 227 5692 nullusa
251 5616 358 5691 vobis,
382 5619 442 5680 sub
465 5619 600 5682 obtentu
619 5617 868 5680 consuetudinis
