3886 6214
207 242 274 303 227
832 239 1007 303 ΗΟΝΟΒΙΙ
1029 240 1073 301 iil
1094 241 1242 309 oralia
1779 249 1841 309 m

216 410 305 463 nunc
328 399 479 463 bacades
500 400 659 477 ipsorum,
677 400 712 459 in
734 396 911 475 reprobum
931 414 1010 462 sen-
1064 416 1128 478 qne
1142 400 1355 464 soemitatsm
1368 402 1457 462 tuam
1465 403 1840 477 rocennaetmonemas

214 514 288 560 sum
304 498 383 570 dati,
397 514 464 560 non
479 497 586 559 solum
600 498 830 575 persecutores
844 496 884 557 de
894 495 1012 558 deien-
1063 499 1202 571 edente,
1229 500 1394 576 quatenns
1407 499 1500 560 tuum
1518 500 1649 575 jactans
1665 500 1841 566 innomine

214 594 357 666 acribus,
386 594 536 671 quinimo
561 592 784 655 destructores
815 592 1010 654 monasterii
1065 596 1258 670 cogitatum,
1282 597 1339 672 qni
1362 611 1531 673 nunquam
1554 596 1589 656 in
1615 611 1651 657 se
1681 600 1841 674 sperantes

215 693 324 770 potius
337 694 415 753 sunt
425 689 547 752 effecti.
565 690 659 751 Unde
674 705 774 767 quum
786 690 855 750 tam
870 689 1009 751 hareti-
1064 692 1248 765 contundit,
1259 693 1448 754 nullatenus
1457 693 1628 766 terrearis,
1640 694 1696 754 sed
1708 695 1740 755 te
1752 695 1841 758 torti·

214 804 329 852 corum
341 788 439 859 bona,
453 803 552 863 quam
563 787 663 849 etiam
675 786 887 851 defensorum
903 784 1011 847 tideli-
1062 790 1125 853 bue
1136 791 1340 852 adversariis
1354 789 1517 851 exhibens
1533 790 1713 863 fortiorem,
1729 794 1841 856 atrium

213 886 275 949 bus
290 884 527 962 occupantibus
544 886 613 947 sint
627 898 797 955 consessa,
811 885 845 945 et
855 880 943 960 'pars
957 884 1012 960 ip-
1063 888 1156 949 tuum
1172 888 1324 963 potenter
1338 887 1473 948 studeas
1483 887 1661 960 custodire,
1672 891 1709 949 nt
1719 889 1842 952 andem

214 999 325 1047 sorum
346 983 504 1044 haeretica
518 982 683 1060 pravitate
707 981 832 1043 iniecta
847 997 915 1042 una
935 996 1010 1042 cum
1064 986 1189 1054 omnia,
1205 1001 1279 1062 qum
1304 986 1468 1061 possides,
1484 986 1552 1046 sint
1577 986 1612 1046 in
1640 1000 1732 1062 pace,
1751 1004 1840 1063 quam

213 1082 290 1144 aliis
301 1080 467 1142 haereticis
482 1077 663 1141 adhaeserit
670 1078 867 1149 manifestis,
881 1078 963 1154 ipsis
978 1080 1012 1139 et
1032 1130 1033 1133 ,
1063 1098 1138 1144 cum
1152 1082 1305 1144 omnibns
1317 1082 1518 1154 hominibus,
1528 1082 1688 1160 quantum
1699 1084 1840 1156 exteest,

214 1193 329 1241 eorum
342 1177 527 1240 fautoribus
542 1192 582 1237 ac
596 1174 826 1239 defensoribus
841 1190 901 1252 per
915 1190 952 1236 se
970 1190 1011 1236 ac
1063 1180 1099 1241 et
1124 1181 1291 1257 precipue
1316 1195 1391 1241 cum
1420 1180 1549 1242 Latims
1578 1180 1793 1242 existentibus
1811 1183 1843 1242 in

213 1292 304 1349 suos,
320 1275 517 1353 impendens
545 1290 604 1352 pro
624 1273 753 1337 viribus
777 1273 955 1335 consilium
978 1274 1012 1336 et
1065 1277 1214 1353 partibus
1229 1277 1399 1340 Romania
1414 1277 1579 1349 volumus,
1595 1280 1630 1338 et
1651 1278 1842 1340 consulimus

211 1378 382 1452 juvamen,
400 1373 502 1434 iidem
520 1372 635 1440 abbas,
658 1373 692 1433 et
711 1372 894 1433 conventus
914 1370 1010 1432 nobis
1064 1376 1097 1435 te
1120 1389 1268 1445 servare,
1289 1390 1364 1435 eum
1383 1374 1759 1436 exdissensicnemulta
1773 1390 1844 1451 pos·

216 1470 387 1534 humiliter
412 1470 652 1547 supplicarunt,
674 1469 711 1530 ut
733 1484 850 1530 eorum
875 1482 1013 1545 compa·
1064 1471 1133 1534 sint
1156 1472 1331 1534 imminere
1347 1472 1507 1550 pericula,
1532 1473 1620 1533 sicut
1641 1488 1661 1533 e
1685 1472 1843 1533 contario

214 1570 335 1632 tientes
349 1568 452 1630 exilio
464 1566 650 1645 quitamab
662 1566 756 1643 ipsis,
768 1564 920 1643 quamab
933 1564 1010 1626 aliia
1063 1569 1317 1646 solentdepaee
1325 1570 1496 1631 commoda
1522 1569 1716 1631 multimoda
1735 1585 1844 1645 prove·

214 1665 484 1729 malefactoribus
516 1667 553 1726 in
578 1664 804 1740 contemptum
836 1662 1011 1725 catholica
1065 1667 1148 1727 nire.
1166 1668 1286 1728 Datum
1307 1666 1475 1739 Laterani,
1490 1664 1566 1727 viu
1581 1664 1741 1727 kalendas
1761 1666 1845 1727 ecto

217 1764 330 1827 iidata
349 1779 412 1825 suo
432 1763 636 1824 monasterio
660 1763 737 1823 sunt
755 1760 900 1838 expulsi,
916 1776 1012 1822 occu·
1064 1763 1145 1837 bris,
1160 1764 1373 1841 pontificatue
1386 1763 1750 1842 nostriannoseptimo.

215 1861 317 1941 pandi
334 1861 492 1938 praedicta
505 1858 605 1921 ieuda
618 1859 792 1922 licentiam
809 1857 1012 1920 concedere·

216 1975 289 2023 mus
302 1958 438 2020 eisdem.
454 1958 526 2019 Nos
544 1957 648 2032 igitur
666 1956 708 2017 de
726 1955 930 2021 cumaena
951 1956 1010 2016 tua

214 2057 347 2135 plenam
366 2055 522 2117 fiduciam
543 2053 742 2125 obtinentes,
764 2052 936 2128 negotium
958 2053 1011 2129 ip-
1433 2075 1490 2164 VI

215 2171 288 2216 sum
311 2152 372 2215 tibi
398 2152 554 2213 duximus
584 2150 832 2222 remittendum,
850 2148 1011 2211 fraterni·

215 2253 276 2316 tati
290 2251 357 2313 tuae
372 2265 431 2328 per
443 2248 633 2326 Apostolica
647 2248 779 2326 Scripta
797 2247 1008 2318 mandantes,
1064 2226 1659 2289 Adai-Samaldwai'sstiidwum
1670 2225 1843 2302 Petiliam

215 2349 390 2427 quatenns,
407 2344 567 2423 inquisita
589 2360 692 2422 snper
715 2343 898 2422 premissis
924 2342 1008 2404 dili·
1321 2354 1510 2428 campumt),
1523 2356 1604 2414 tm.

215 2444 349 2522 gentius
376 2442 528 2511 veritate,
555 2440 641 2518 quod
667 2440 865 2502 canonicum
892 2439 1007 2509 fuerit,
1088 2477 1468 2545 [augeamuvlieptum.
1481 2478 1589 2529 „w
1604 2479 1681 2530 rorte
1699 2476 1829 2543 dumet]

217 2541 440 2620 appellatione
448 2540 586 2611 remota,
600 2539 771 2610 demnas,
784 2537 910 2599 taciens
921 2538 1008 2615 quod

215 2638 402 2701 decreveris
413 2652 474 2715 per
484 2652 660 2699 censuram
674 2636 935 2698 ecclesiasticam
946 2635 1008 2697 dr·

215 2737 315 2801 miter
334 2735 517 2798 observari.
534 2735 647 2797 Testes
666 2734 867 2806 automata.
890 2733 1009 2795 Datum
1101 2736 1279 2809 Honorius,
1294 2737 1370 2809 etc,
1387 2736 1507 2798 diiecto
1528 2736 1599 2799 tilio
1615 2742 1656 2799 A.
1676 2735 1843 2798 Samatbia

219 2833 388 2906 Laterani,
403 2834 449 2895 Xl
471 2831 606 2904 kalend,
628 2829 1008 2908 octobriuponiincuus
1063 2834 1843 2910 archidiaconopetragoricen.,salutemetipo

215 2933 323 2995 nostri
334 2946 423 2994 anno
439 2930 590 3008 septimo.
839 2978 842 2982 a
1062 2931 1213 2993 stolicam
1228 2931 1504 2993 benedictionem.

1101 3030 1152 3090 Ex
1176 3028 1298 3091 litteris
1325 3028 1529 3091 venerabilis
1545 3028 1662 3091 iratris
1685 3028 1785 3091 nosui
1788 3068 1841 3088 .....

1080 2604 1114 2662 Ei
1128 2603 1259 2662 concedit
1273 2610 1304 2661 nt
1315 2602 1447 2677 quadam
1456 2603 1597 2663 banebria
1609 2605 1731 2663 retinere
1740 2602 1830 2676 possit.

1062 3125 1209 3203 episcopi
1247 3125 1498 3202 Petregoricen.
1529 3127 1732 3203 accepimus,
1765 3122 1842 3202 quod

591 3246 628 3337 V
1039 3238 1163 3300 =qunm
1195 3224 1317 3300 praeter
1350 3224 1575 3300 ruptariorum
1601 3224 1791 3286 violentiam
1812 3221 1844 3282 et

1062 3334 1259 3396 guerrarum
1281 3319 1444 3393 turbines,
1470 3319 1590 3398 quibus
1611 3316 1843 3398 ejuedioecesis

213 3402 467 3466 Adltobertmn
490 3399 739 3474 imperatorem
766 3399 1008 3462 Comicattac-
1062 3432 1150 3494 saepe
1170 3417 1369 3489 concupitur,
1397 3418 1432 3479 pn
1460 3418 1603 3495 quadam
1628 3419 1734 3497 ipsius
1758 3416 1844 3494 pm,

510 3497 713 3573 milatium·
1060 3513 1154 3576 tabes
1185 3513 1367 3575 invaluerit
1400 3513 1569 3576 haeretica
1598 3514 1788 3592 pravitatis,
1815 3514 1844 3573 et

469 3628 505 3687 24
518 3625 657 3702 uppem,
674 3627 755 3685 1222
1061 3610 1251 3688 ipsum,·qui
1265 3610 1507 3673 adtotdiversa
1519 3611 1702 3674 ctadversa
1713 3626 1777 3672 non
1786 3606 1843 3671 sni·

291 3752 429 3818 [mmd-
450 3752 518 3804 m
529 3750 589 3802 m
609 3750 712 3801 m
724 3748 857 3815 mm„
876 3749 931 3815 ,ω
1061 3708 1139 3776 licit,
1151 3707 1394 3784 oporteatalios
1402 3709 1437 3769 in
1445 3704 1845 3785 partemsnaesollioitudi-

433 3789 441 3811 ⁹
591 3787 599 3809 '
856 3786 864 3809 '
1060 3804 1113 3864 nis
1137 3820 1289 3877 evocare,
1324 3807 1460 3884 propter
1491 3807 1631 3868 multam
1660 3805 1843 3868 teummtem
1921 3825 1922 3828 ¹

240 3882 334 3954 ΒΨ*
347 3886 376 3936 ⁰¹
390 3885 488 3935 mmet
499 3884 530 3935 m
544 3876 706 3933 ”numm
719 3881 868 3944 ‘mm’
884 3872 935 3933 Μ
946 3888 979 3932 ⁸⁰
1060 3900 1645 3980 beneficiorumipsiusdimcesis,vix
1651 3901 1845 3965 conveniun-

174 4022 179 4035 ¹
299 3967 419 4025 ΨΜ
429 3962 904 4025 ‘dwm‘ifflhffltsmm'
1058 3999 1223 4076 turquiin
1237 3999 1457 4063 bisassistere
1468 3999 1533 4062 sibi
1543 4000 1663 4062 velint.
1675 4003 1778 4073 Quum
1789 4011 1845 4059 au·

252 4093 345 4156 nicet
358 4091 566 4168 inregimine
577 4090 709 4167 imperii
724 4089 828 4153 multa
845 4089 908 4153 tibi
922 4088 1007 4164 obii-
1059 4099 1138 4169 tem,
1151 4096 1239 4159 sicut
1263 4097 1299 4157 in
1320 4097 1441 4159 litteris
1464 4098 1699 4161 continebatur
1715 4095 1841 4164 eisdem

213 4186 1008 4265 mammillam,n0il1121d11³mi³mflntwl0b0t
1060 4193 1505 4270 quodamdePetragoricen.
1523 4192 1844 4257 eccleeiaearcbidia-

212 4287 470 4364 magnanimitas
492 4285 692 4363 perturbari,
720 4284 778 4346 sed
795 4300 896 4363 quum
918 4285 1005 4362 quod
1060 4292 1246 4363 conatibus,
1263 4291 1320 4368 qui
1349 4293 1427 4354 sunt
1450 4293 1588 4369 septem,
1605 4293 1764 4355 canonice
1789 4285 1843 4351 tibi

212 4399 294 4447 auro
309 4383 409 4461 ignis,
419 4382 482 4449 boc
498 4381 829 4459 taciatteatatioviro
844 4380 933 4453 torti,
949 4382 1006 4443 tua
1060 4387 1190 4463 collato,
1221 4389 1256 4450 te
1284 4388 1326 4449 ad
1346 4390 1610 4465 componendam
1625 4405 1739 4451 secum
1758 4398 1843 4448 suam

212 4482 342 4544 crescat
354 4482 463 4546 virtus
478 4479 654 4556 magnifice
668 4479 704 4540 in
714 4478 876 4550 adversis,
888 4480 924 4540 ut
936 4479 1007 4541 cla·
1060 4485 1316 4548 sollicitudinem
1328 4485 1559 4551 litteraturaet
1569 4484 1744 4549 nobilitate
1757 4496 1845 4560 gene·

211 4576 282 4639 rior
300 4577 505 4647 elucescere,
534 4576 601 4636 tuae
625 4574 728 4636 faciat
763 4572 866 4635 latius
896 4572 1006 4635 laudis
1059 4581 1110 4641 ris
1129 4580 1188 4643 tibi
1216 4581 1479 4658 suffragantibus
1500 4582 1659 4655 evocarit,
1684 4578 1844 4642 humiliter

212 4673 379 4753 praeconia
390 4672 578 4751 praedicari»
593 4672 672 4750 unia
686 4670 749 4734 etsi
763 4671 1007 4734 mirabilsssint
1059 4678 1164 4755 petiit,
1192 4679 1229 4741 ut
1254 4696 1354 4756 quum
1381 4679 1532 4742 redditus
1561 4675 1844 4741 archidiaconatus

213 4773 376 4835 elationes
386 4769 792 4855 maris,mirabilistamen
801 4768 961 4831 Dominus
969 4768 1006 4829 in
1060 4776 1208 4853 &nedem
1225 4778 1357 4839 centum
1377 4776 1503 4841 solidos
1516 4779 1684 4838 Turonen.
1701 4790 1766 4836 non
1787 4785 1845 4832 en·

213 4869 367 4941 excelsis,
376 4866 458 4949 [qui]
471 4868 498 4929 si
508 4867 651 4945 perfecte
663 4866 699 4927 in
709 4866 841 4928 Christo
853 4864 1003 4937 contidis,
1059 4872 1188 4945 cedant,
1203 4873 1368 4935 retinendi
1382 4888 1458 4935 cum
1478 4874 1552 4950 ipso
1564 4873 1716 4951 quaedam
1726 4864 1844 4932 beneti-
1922 4930 1923 4945 ¹

212 4967 311 5031 facile
324 4966 489 5029 convertit
509 4964 689 5042 procellam
703 4964 878 5035 inaurem,
893 4963 948 5040 qui
965 4963 1007 5023 ii-
1059 4970 1637 5047 ciaquaeantegeneraiedonciiium
1646 4970 1841 5034 obtinueras,

213 5065 303 5129 deles
319 5081 398 5127 suos
413 5063 535 5126 tentari
560 5078 626 5124 non
640 5062 770 5137 patiens
790 5061 879 5125 ultra
905 5077 1004 5138 quam
1058 5068 1219 5139 redditus,
1233 5083 1372 5144 quorum
1387 5083 1550 5128 summam
1565 5068 1678 5129 decem
1693 5066 1844 5128 librarum

212 5163 347 5227 valeant
372 5161 549 5231 sustinere,
576 5159 657 5221 iacit
684 5159 785 5221 etiam
806 5159 1006 5221 cumtenta·
1058 5166 1224 5226 menen.
1238 5164 1296 5225 vix
1319 5164 1497 5241 attingunt,
1522 5163 1780 5225 concederemus
1788 5154 1844 5219 tibi
1922 5156 1923 5237 i

213 5262 306 5329 tione
318 5261 526 5340 proventum.
1058 5260 1099 5322 de
1113 5262 1232 5335 gratia,
1251 5263 1289 5322 ut
1306 5265 1486 5338 assumpte
1509 5260 1743 5322 sollicitudinis
1767 5266 1843 5318 onus

252 5361 322 5421 Nos
347 5373 478 5436 quoque
503 5355 563 5417 tibi
587 5370 798 5431 nequaquam
823 5354 1002 5425 deerimus,
1058 5356 1736 5421 commodeierrevaleasfacultatemNos
1751 5352 1843 5428 igitur
1922 5380 1923 5435 i

213 5454 476 5519 sedinomnibus
485 5450 786 5531 opportunitatibus
797 5452 1002 5520 assistemus,
1058 5454 1163 5530 ipsius
1182 5456 1337 5533 precibus
1365 5458 1400 5518 et
1424 5455 1492 5517 tua
1521 5453 1696 5531 probitatis
1723 5445 1841 5532 meritis

215 5551 301 5614 sicut
314 5549 513 5629 apostolica
534 5548 629 5613 sedis
648 5548 718 5612 tilio
739 5547 887 5626 speciali.
905 5547 1003 5610 Ideo·
1057 5552 1221 5624 inclinati,
1229 5553 1442 5635 praesentum
1452 5552 1513 5615 tibi
1528 5549 1727 5614 anctoritate
1739 5556 1843 5607 conce·
