3930 6206
680 343 909 406 nrrsroum.
932 343 1011 403 crs.
1035 340 1122 401 viu.
1183 406 1192 417 ‚

382 513 564 602 CCXLIX

205 669 255 728 Ad
273 665 459 740 capitatam
478 664 742 727 Arccoattaacm.

383 796 396 852 t
411 795 472 869 julii
486 794 564 853 issi.

235 918 368 984 [Sarscini
391 918 486 970 Notitie
502 918 635 969 d'llncona
648 916 716 981 las]

93 1039 122 1096 lii
142 1035 340 1094 duodenarium
371 1035 574 1093 canonicorum
601 1047 762 1102 numerum,
785 1045 870 1104 quern

122 1125 309 1184 anconitanus
320 1123 509 1197 episcopusin
524 1138 623 1180 eorum
632 1121 754 1179 ecclesia
762 1120 869 1189 statuit,

121 1213 272 1272 confirmat.

124 1338 283 1400 Honorius
294 1338 483 1415 episcopus,
492 1353 610 1399 servus
619 1335 869 1403 servorumbei,

91 1435 206 1498 dilectis
220 1435 300 1496 filiis
324 1434 469 1513 capitulo
494 1433 712 1505 anconitano,
729 1432 871 1494 salutem

91 1532 342 1610 etlpostolicam
357 1530 632 1595 benedictionem.

124 1629 339 1691 Ecclesiarum
349 1628 496 1697 utilitati,
507 1626 743 1705 tranquillitati
755 1641 872 1687 consu·

93 1726 172 1798 fitur,
199 1743 272 1787 cum
300 1742 458 1787 numerus
485 1741 702 1803 personarum
731 1724 871 1785 Domino

92 1823 311 1885 famulantium
326 1839 400 1885 cum
416 1823 540 1884 eisdem
562 1819 773 1883 facultatibus
788 1835 869 1897 pro-

91 1921 157 1983 vide
165 1922 345 1998 coaptatur.
356 1923 461 1993 Quum
469 1934 550 1995 ergo
560 1917 760 1981 venerabilis
769 1916 872 1979 frater

91 2015 872 2094 nosterllnconitanusepiscopuseeclesiaeves-

92 2118 143 2176 aa
176 2114 388 2177 facultatibus
430 2113 567 2192 provida
605 2112 871 2174 consideratione

91 2213 235 2288 pensatis,
266 2212 507 2273 duodenarium
538 2210 773 2272 canonicorum
803 2226 870 2269 nu·

91 2324 204 2370 merum
217 2310 372 2372 statuerit
385 2309 420 2369 in
432 2308 546 2370 eadem
560 2307 714 2379 eeclesia,
727 2323 787 2367 nos
796 2322 873 2382 pre-

92 2405 175 2467 cibus
188 2407 308 2468 vestris
321 2405 502 2482 benignum
517 2405 744 2482 impendentes
755 2418 872 2465 assen-

91 2517 165 2575 sum,
178 2506 347 2575 statutum,
363 2504 449 2581 quod
465 2519 566 2579 super
579 2502 643 2563 hoc
665 2501 753 2563 idem
778 2501 871 2578 epis-

89 2615 180 2677 copus
193 2601 281 2674 fecit,
298 2600 436 2677 provide
446 2597 567 2661 factum
579 2615 663 2672 esse,
674 2598 871 2660 auctoritate

90 2698 266 2774 apostoliea
281 2698 526 2770 confirmamus,
540 2700 573 2759 et
582 2696 755 2774 praesentis
765 2676 872 2773 scrip-

88 2794 310 2872 tipatrocinio
336 2795 588 2863 communimus,
619 2793 811 2866 statuentes,
836 2798 872 2854 ut

89 2890 171 2954 salvo
184 2892 384 2970 apostolicae
403 2891 499 2954 Sedis
517 2891 684 2960 mandato,
701 2889 813 2951 nullus
829 2890 870 2950 ad

89 2989 238 3055 minorem
264 3006 440 3051 numerum
455 2988 654 3066 compellere
679 3004 739 3049 vos
768 2988 872 3066 possit

90 3084 210 3161 invitos,
233 3087 301 3150 nisi
315 3089 351 3150 ut
366 3089 598 3148 excrescerent
607 3086 711 3163 ipsius
722 3085 870 3146 ecclesiae

89 3180 262 3258 facultates,
275 3184 362 3262 quod
376 3185 410 3246 in
426 3200 466 3246 ea
478 3198 696 3261 personarum
713 3197 871 3243 numerus

88 3280 246 3344 videretur
278 3282 396 3343 merito
422 3280 643 3359 ampliandus.
674 3280 766 3341 Nulli
792 3295 871 3355 ergo

89 3375 165 3440 hanc
193 3381 350 3457 paginam
386 3380 509 3440 nostrae
542 3377 804 3440 confirmationis
838 3377 872 3438 et

89 3476 323 3539 constitutionis
339 3475 532 3551 infringere,
549 3475 605 3537 vel
616 3475 647 3536 ei
662 3490 747 3535 ausu
766 3477 872 3535 teme-

88 3573 167 3635 rario
182 3575 361 3635 contraire.
380 3574 414 3635 Si
425 3573 500 3650 quis
511 3576 621 3656 autem
632 3573 695 3633 boc
707 3572 871 3633 attentare

88 3672 335 3749 praesumpserit,
353 3670 614 3747 indignationem
636 3670 871 3747 omnipotentis

88 3765 139 3828 Dei
151 3769 183 3830 et
195 3768 370 3831 beatorum
385 3768 475 3829 Petri
490 3768 523 3829 et
534 3767 632 3828 Pauli
647 3766 871 3843 apostolorum

88 3863 151 3938 eius
169 3881 204 3927 se
220 3866 353 3928 noverit
377 3866 599 3926 incursurum.
630 3867 748 3925 batum
773 3867 872 3927 Late-

87 3961 869 4042 rani,kalendisjulii‚pontificatusannooctavo.

429 4249 521 4336 CCL

86 4398 131 4457 Ad
143 4403 326 4462 universos
340 4402 476 4463 abbates
490 4400 525 4462 et
540 4400 728 4463 conbeatae
739 4401 875 4460 ordiaris

351 4497 599 4560 cirterciensis.

386 4628 404 4685 s
408 4627 563 4702 jovillari.

111 4746 211 4813 [ilarlct
221 4751 320 4802 Cartul.
331 4751 361 4802 de
369 4751 445 4802 l'abb.
457 4751 583 4881 &vaux
595 4751 626 4801 de
634 4751 744 4816 Cernuy,
757 4751 776 4811 l,
785 4751 840 4810 237,

423 4845 449 4880 n.
511 4832 528 4896 ·]

83 4941 218 5005 lloco'rius
239 4962 312 5020 papa
338 4947 526 5007 conventibus
544 4948 742 5005 Cisteroiensis
766 4947 874 5005 ordinis

114 5032 252 5109 indulget,
264 5051 300 5092 ne
314 5036 485 5109 Apostolicoe
499 5035 580 5094 Sedis
594 5037 681 5110 legati
693 5037 874 5109 pecuniarias

113 5125 329 5197 procurationes
343 5124 378 5181 ab
393 5125 447 5182 illis
457 5124 585 5198 exigant.

117 5259 286 5320 Honorius
294 5260 479 5337 episcopus,
491 5276 607 5321 servus
616 5276 789 5321 servorum
800 5262 871 5332 Dei,

81 5352 205 5418 dilectis
217 5357 297 5417 filiis
313 5357 479 5418 universis
492 5357 665 5419 abbatibus
679 5360 712 5419 et
726 5374 875 5419 conven-

81 5450 164 5512 tibus
175 5454 305 5514 ordinis
317 5455 561 5525 cisterciensis,
578 5455 719 5517 salutem
732 5456 876 5532 etApos·

80 5549 210 5611 tolioam
223 5551 500 5614 benedictionem.

117 5648 197 5707 Cum
228 5651 351 5725 praeter
373 5664 554 5726 pauperem
582 5648 705 5711 victum
728 5653 874 5712 vestrum

1660 334 1721 395 682

924 499 1037 562 omnia
1052 498 1138 559 bona
1158 497 1268 561 vestra
1282 492 1503 572 hospitalitati
1516 494 1550 555 et
1563 493 1640 555 aliis
1655 492 1719 569 piis

925 595 1081 673 operibus
1100 594 1345 656 officiosissime
1360 593 1427 655 sint
1452 591 1615 668 exposita,
1636 589 1718 650 satis

924 693 1107 754 inhumane
1122 691 1197 752 aliis
1213 691 1338 752 auferri
1351 690 1482 751 videtur
1494 688 1609 765 egenis
1622 687 1719 763 quic·

925 790 1003 867 quid
1019 806 1039 851 a
1052 790 1145 850 vobis
1159 788 1318 849 violentia
1330 787 1384 849 vel
1396 786 1531 862 ingenio
1546 786 1720 861 extorque·

925 892 990 949 tur.
1006 889 1077 949 Nec
1089 887 1167 964 quia
1183 885 1341 947 Dominus
1353 900 1510 945 manuum
1529 884 1717 944 vestrarum

926 984 1081 1060 operibus
1105 982 1316 1054 benedicens,
1339 982 1497 1044 viaticum
1523 980 1719 1057 peregrina·

925 1081 1026 1142 tionis
1044 1081 1165 1142 vestrae
1187 1080 1309 1156 quanto
1332 1079 1437 1154 magis
1462 1077 1541 1138 illud
1571 1076 1719 1139 fraterna

926 1178 1065 1239 caritate
1073 1178 1108 1238 in
1122 1193 1202 1238 usus
1213 1191 1395 1253 pauperum
1405 1174 1612 1246 distribuitis,
1626 1173 1719 1235 tanto
1755 1248 1759 1257 ⁸

925 1275 1031 1350 magis
1052 1274 1198 1336 coelestis
1223 1274 1393 1334 alluvione
1413 1272 1620 1349 multiplicat,
1636 1271 1719 1333 estis

925 1371 1101 1432 deterioris
1129 1371 1329 1432 conditionis
1353 1369 1496 1431 habendi
1525 1369 1583 1429 sed
1608 1367 1719 1445 potius

925 1468 1084 1540 melioris,
1093 1484 1167 1529 cum
1182 1467 1322 1529 nonnisi
1336 1467 1426 1529 vasis
1436 1464 1562 1543 paratis
1574 1464 1719 1527 coelestis

925 1566 1041 1641 gratiae
1056 1565 1164 1626 oleum
1175 1565 1370 1627 infundatur
1381 1565 1468 1642 quod
1483 1563 1639 1642 pauperis
1648 1578 1721 1623 mu·

926 1662 1018 1723 lieris
1045 1661 1273 1723 deficientibus
1286 1663 1376 1723 vasis
1391 1663 1499 1738 stetit3
1514 1662 1593 1723 licet
1604 1660 1717 1737 igitur,

925 1760 1088 1836 largiente
1109 1759 1259 1849 Domino,
1283 1760 1486 1821 monasteria
1507 1759 1617 1820 vestra
1644 1757 1719 1835 plus

926 1855 1023 1918 solito
1040 1855 1272 1932 temporalium
1295 1855 1436 1917 floreant
1461 1854 1623 1920 ubertate,
1639 1854 1719 1930 quia

925 1954 1036 2014 tamen
1048 1952 1168 2015 exinde
1188 1953 1389 2031 pauperibus
1404 1952 1540 2014 uberius
1556 1950 1718 2012 subveni·
1823 1948 1834 1960 ’

925 2053 990 2122 tur,
1007 2067 1068 2113 nos
1081 2051 1230 2112 volentes
1245 2066 1285 2112 eo
1299 2066 1359 2112 vos
1383 2050 1423 2111 de
1447 2049 1583 2127 speciali
1610 2049 1719 2125 gratia

927 2146 1141 2211 favorabilius
1157 2148 1345 2221 confovere,
1358 2163 1422 2224 quo
1437 2147 1557 2208 exinde
1573 2146 1623 2207 illi
1635 2160 1717 2224 pro·

927 2245 1060 2322 pensius
1076 2245 1283 2321 complacere
1294 2262 1354 2306 vos
1366 2245 1543 2316 credimus,
1561 2243 1617 2320 qui
1633 2242 1719 2319 quod

927 2344 985 2403 uni
996 2359 1040 2404 ex
1053 2343 1201 2403 minimis
1215 2343 1286 2403 suis
1302 2344 1338 2405 tlt
1353 2342 1416 2403 sibi
1431 2343 1563 2418 reputat
1575 2355 1647 2403 esse
1657 2339 1722 2400 fac·

925 2440 1007 2511 tum,
1024 2440 1210 2502 devotionis
1230 2442 1349 2503 vestrae
1380 2438 1535 2516 precibus
1556 2438 1718 2509 inclinati,

926 2538 1125 2599 auctoritate
1140 2537 1234 2599 vobis
1261 2538 1476 2614 praesentium
1497 2535 1718 2610 indulgemus,

927 2651 969 2696 ne
997 2635 1196 2712 Apostolicae
1224 2634 1318 2696 Sedis
1350 2634 1451 2710 legati
1467 2632 1720 2710 procurationes

926 2733 1138 2810 pecuniarias
1167 2748 1187 2793 a
1209 2732 1422 2794 monasteriis
1443 2731 1562 2792 vestris
1585 2729 1721 2806 exigere

926 2830 979 2891 vel
992 2832 1189 2906 extorquere
1204 2831 1419 2906 praesumant,
1436 2827 1494 2889 sed
1514 2826 1645 2889 eumad
1661 2827 1722 2887 do-

926 2944 997 2988 mos
1013 2928 1141 2988 vestras
1162 2927 1365 2988 accesserint
1386 2926 1458 2986 sine
1477 2924 1628 2985 carnium
1648 2940 1721 2999 esu,

926 3024 1009 3086 cibis
1035 3024 1245 3100 regularibus
1263 3024 1330 3086 sint
1354 3022 1514 3084 contenti.
1530 3021 1623 3083 Nulli
1638 3035 1721 3097 ergo

927 3121 1061 3183 omnino
1074 3121 1245 3182 bominum
1260 3120 1360 3181 liceat
1375 3120 1460 3180 banc
1473 3119 1640 3196 paginam,
1656 3120 1721 3179 etc.

926 3220 1044 3281 batum
1059 3218 1227 3286 Laterani,
1237 3219 1283 3279 Ill
1293 3216 1498 3294 nonasjirlii,
1509 3215 1722 3294 pontificatus

927 3317 1032 3381 nostri
1043 3332 1130 3378 anno
1146 3317 1276 3378 octavo.

1269 3584 1380 3671 cccl

954 3728 1008 3788 Ad
1018 3725 1174 3787 abbatem
1184 3726 1447 3787 cisterciensem
1463 3726 1696 3787 etantoersos

1228 3821 1415 3883 coabbates.

1227 3952 1245 4009 i
1257 3951 1323 4024 julii
1337 3950 1416 4009 atsi.

951 4074 1057 4139 [balet
1067 4075 1162 4128 cartul.
1178 4075 1209 4126 tle
1217 4074 1294 4126 l’sbb.
1308 4074 1354 4125 des
1363 4077 1436 4127 Vsus
1448 4074 1596 4140 decernay,
1607 4074 1628 4138 1,
1639 4073 1696 4134 238,

1272 4170 1297 4206 n.
1309 4155 1376 4220 ssa]

927 4264 969 4320 lie
983 4261 1426 4337 decimissupernovalibuspost
1435 4261 1590 4321 Concilium
1604 4262 1719 4320 Latera·

944 4366 1034 4409 nense
1050 4351 1410 4410 afratribusCistereiensis
1425 4349 1533 4408 ordinis
1546 4350 1702 4423 acquisitis.

967 4487 1135 4553 Honorius
1144 4486 1330 4564 episcopus,
1341 4486 1458 4549 s'ervus
1467 4503 1639 4548 servorum
1650 4486 1732 4559 Dei,

928 4584 1057 4647 dilectis
1072 4585 1151 4645 filiis
1164 4584 1275 4646 abbati
1291 4584 1503 4645 cisterciensi
1514 4585 1546 4645 et
1556 4583 1723 4645 universis

928 4682 1144 4744 coabbatibus
1155 4684 1228 4759 eius
1244 4683 1276 4742 et
1291 4681 1450 4743 fratribus
1465 4681 1527 4742 sub
1542 4681 1656 4743 eodem
1672 4695 1735 4741 or·-

928 4776 1006 4836 dine
1022 4779 1089 4837 Deo
1110 4774 1343 4848 servientibus,
1360 4775 1502 4837 salutem
1521 4765 1555 4836 e't
1577 4775 1721 4851 Aposto-

928 4873 1026 4934 licam
1041 4873 1317 4935 benedictionem.

969 4971 1136 5046 Contingit
1154 4971 1321 5032 interdum
1346 4970 1432 5047 quod
1460 4958 1625 5041 nonnulli,
1640 4983 1728 5045 pro-

929 5068 1011 5144 priis
1030 5067 1259 5129 incumbentes
1271 5068 1456 5139 affectibus,
1474 5067 1550 5127 dum
1571 5066 1724 5127 sanctio-

930 5181 1007 5224 num
1023 5181 1157 5226 seusum
1178 5165 1361 5240 legitimum
1374 5165 1415 5225 ad
1428 5166 1505 5226 vota
1518 5180 1583 5225 non
1598 5162 1730 5225 babent.

929 5263 1188 5335 accommodum,
1199 5263 1460 5339 superinducunt
1475 5261 1664 5322 adulterum
1675 5262 1725 5321 in-

930 5359 1096 5420 tellectum
1108 5360 1328 5435 intemporali
1343 5359 1549 5433 compendio,
1563 5361 1726 5419 aeternum

930 5457 1138 5532 dispendium
1153 5457 1392 5517 nontirnentes.
1411 5461 1497 5515 Saue
1523 5456 1612 5532 quia,
1639 5457 1728 5518 sicut

930 5555 1129 5627 audivimus,
1151 5554 1295 5632 quidam,
1321 5553 1420 5613 niniis
1436 5568 1496 5613 suo
1522 5554 1727 5616 inhaerentes

930 5651 1078 5727 ingenio,
1094 5652 1298 5727 nimiumque
1312 5650 1493 5713 voluntarii
1507 5650 1647 5714 concilii
1662 5666 1732 5729 ge*
