3886 6214
193 324 252 389 sea
809 328 987 393 nouonn
1007 330 1054 393 ιιι
1074 330 1224 395 ornan.
1779 339 1838 400 sse
1940 420 1941 437 .

192 482 319 563 scripta
346 483 556 559 mandamus,
594 485 758 563 qnatenus
794 485 985 567 hujusmodi
1039 490 1335 556 intercessionibus
1369 508 1431 572 pro
1460 489 1577 557 eodem
1613 493 1733 570 electo,
1774 513 1837 576 per
1940 472 1941 559 ἶ

194 582 377 645 sententias
397 582 432 644 in
447 581 598 645 iiaudem
625 584 876 662 privilegiorum
906 603 987 649 nos
1040 604 1138 666 quem
1158 591 1269 668 potius
1284 607 1383 668 quam
1397 592 1574 670 paralium
1588 594 1749 671 predicta
1764 611 1837 673 spe-
1940 584 1941 587 '

189 679 318 741 trorum
329 679 369 742 de
385 680 504 742 caetero
516 696 583 742 non
599 679 727 755 ieratis,
743 683 821 759 quia
837 684 867 744 si
886 699 987 761 super
1040 688 1135 749 ratur
1151 688 1293 750 ecclesia
1308 689 1344 750 in
1357 690 1596 767 temporalibus
1618 692 1652 753 et
1673 692 1837 769 spiritua-

192 774 257 837 hoc
270 776 312 838 ad
327 792 388 839 nos
402 777 511 838 denuo
538 777 664 840 clamor
692 780 891 849 ascenderit,
914 797 985 843 non
1040 783 1127 845 libus
1140 786 1292 862 recipere
1313 786 1531 854 incrementa,
1556 787 1652 850 nobis
1666 805 1742 850 cum
1763 791 1838 851 ins-

191 873 375 950 poterimus
385 874 639 937 conniventibus
648 876 754 938 oculis
764 878 983 953 pertransire,
1039 881 1146 944 tantia
1166 883 1407 960 supplicarunt.
1432 886 1501 946 Nos
1526 900 1607 946 uero
1630 885 1835 950 fraternitati

194 970 273 1046 quia
300 971 566 1048 promulgatores
591 971 709 1035 talium
744 974 984 1037 sententiarum
1040 979 1157 1040 tuaain
1172 979 1236 1042 troc
1249 981 1284 1042 et
1302 980 1390 1053 aliis,
1407 983 1567 1059 quantum
1582 998 1657 1044 cum
1671 985 1741 1045 Deo
1756 1000 1838 1062 pos-

192 1067 371 1130 seseritate
385 1067 496 1130 debita
511 1069 722 1145 castigemus.
735 1072 854 1133 Datum
865 1071 984 1145 matri,
1041 1091 1167 1148 sumus,
1184 1075 1485 1150 deferreroleutes,
1499 1077 1674 1156 praeiatnm
1692 1081 1836 1142 electum
1940 1084 1941 1123 l

193 1164 340 1225 secundo
353 1180 460 1227 nonas
470 1166 570 1245 junii,
587 1181 676 1228 anno
688 1170 804 1237 sexto,
1041 1171 1084 1233 ad
1098 1174 1131 1234 te
1146 1188 1221 1234 cum
1234 1173 1342 1249 gratia
1357 1176 1473 1237 nostra
1485 1176 1643 1237 duximus
1659 1178 1838 1239 remitten-

1041 1269 1131 1341 dum,
1145 1271 1404 1349 perApostolica
1416 1271 1477 1334 tibi
1489 1273 1613 1350 scripta
1623 1275 1834 1349 mandantes,

1041 1368 1204 1445 quatenus
1235 1385 1337 1446 quum
1360 1369 1424 1432 hoc
1456 1369 1626 1433 deserendi
1649 1371 1711 1434 tibi
1733 1388 1838 1435 causa
1940 1426 1941 1433 ,

1041 1463 1218 1527 fecerimus
1237 1480 1318 1543 erga
1332 1466 1476 1529 electum
1488 1468 1609 1546 ipsum,
1635 1469 1665 1530 si
1679 1468 1766 1530 alias
1784 1474 1838 1533 est
1940 1444 1941 1489 ³

522 1557 659 1645 CCVII
1041 1561 1192 1635 idoneus,
1209 1564 1366 1640 praedicta
1378 1565 1507 1626 macula
1518 1581 1585 1627 non
1598 1565 1750 1629 obstante
1761 1569 1837 1629 sine
1940 1548 1941 1573 ¹

192 1706 246 1767 Aa
263 1708 429 1783 doricum
446 1710 743 1783 crcbtcpiscopum
759 1711 996 1778 colocensem.¹
1041 1658 1075 1720 di
1078 1657 1247 1734 ‘fimum’
1257 1662 1356 1737 pr⁰¹¹t
1365 1661 1407 1723 ad
1418 1663 1512 1724 tuum
1520 1662 1664 1739 Pertinet
1673 1662 1834 1737 Officium,

492 1843 594 1918 ajunil
610 1845 689 1903 ¹²²²
1041 1853 1255 1930 pontificatus
1270 1854 1376 1917 nostri
1386 1870 1473 1917 anno
1486 1856 1593 1917 sexto.

336 1975 428 2042 [Fejen
438 1974 500 2028 eoo.
511 1976 631 2042 diplom,
645 1977 687 2036 lll,
702 1991 720 2037 l,
733 1992 759 2043 p.
774 1976 842 2043 388]

217 2110 264 2181 lit,
279 2108 484 2167 nonobstante
502 2109 576 2167 oculi
598 2110 722 2181 macula,
735 2111 857 2170 electum
871 2112 972 2172 Ultra·-

365 2197 515 2271 sylvanum
530 2197 700 2256 conilrmare
714 2201 813 2272 possit
1330 2254 1335 2264 .
1358 2177 1516 2265 CCVIII

236 2333 404 2395 Honorius
440 2333 629 2411 episcopus,
668 2349 785 2396 servus
815 2351 995 2399 servorum·
1120 2327 1182 2387 M
1196 2327 1407 2403 martimum
1426 2329 1462 2390 θΐ
1474 2328 1608 2402 fraires*
1621 2331 1757 2391 Ordinis

194 2428 267 2501 Del,
285 2428 472 2491 venerabili
486 2429 620 2492 iratri...
649 2430 899 2510 archiepiscopo
925 2435 990 2496 Go-
1289 2426 1580 2488 Proedicaiorum

195 2525 335 2600 locensi,
350 2526 538 2589 salutemet
555 2527 769 2605 apostolicam
784 2529 1001 2597 benedictio*
1341 2553 1442 2628 ejunii
1453 2555 1532 2613 1222.

194 2636 284 2684 nem.

237 2720 387 2796 Benigne
404 2737 512 2799 nuper
528 2722 726 2800 recepimus
744 2722 874 2787 litteras
898 2727 986 2796 tuas,
1941 2778 1942 2799 ,

81 2870 85 2877 ,
196 2834 281 2896 quas
297 2834 372 2880 cum
392 2819 512 2882 dilecto
533 2819 603 2881 fflio
623 2823 675 2893 R„
702 2818 880 2898 praepossto
905 2825 989 2885 Μ,
1042 2801 1200 2861 Ecclesium
1214 2802 1243 2861 S.
1266 2800 1378 2862 sabine
1401 2802 1438 2860 ad
1460 2802 1662 2861 celebrandum
1685 2811 1716 2863 et
1734 2803 1839 2862 domos

194 2916 356 2988 radiensi,
364 2916 404 2978 ad
412 2916 588 2979 ecclesiam
595 2916 984 2996 Ultrasylranamelecto,
1183 2889 1220 2947 ⁰⁶
1233 2888 1449 2949 iflh⁸¹³¹¹⁸¹¹d⁰ffl
1463 2891 1507 2948 ⁰⁵⁸
1519 2891 1660 2949 ⁰⁰¹¹00dli·

1100 2674 1217 2741 [aipein
1229 2676 1370 2728 Bullatium
1379 2678 1523 2739 Praedicat,
1536 2679 1556 2737 l,
1568 2688 1596 2729 n·
1606 2678 1646 2748 29,
1659 2692 1717 2744 pag.
1731 2680 1784 2745 la]

195 3013 238 3075 ad
252 3013 370 3076 sedem
382 3013 612 3091 apostolicam·
629 3015 858 3078 transmisisti.
884 3017 988 3079 intel·
1081 3016 1249 3077 Honorius
1287 3017 1475 3094 episcopus,
1511 3032 1627 3079 seruus
1659 3033 1839 3081 serrorum

194 3108 996 3189 lenimusautemexpraedictarumserielittera·
1041 3111 1113 3184 Dei,
1140 3112 1271 3175 dilectis
1297 3112 1377 3173 tiliis
1411 3113 1583 3190 magistro,
1614 3114 1646 3175 et
1673 3113 1836 3177 iratribus

193 3220 279 3279 rum,
303 3207 401 3284 quod,
428 3208 662 3285 Ultrasylvana
690 3209 833 3272 ecclesia
857 3211 989 3274 nouiter
1043 3210 1169 3271 ordinis
1193 3209 1465 3283 Praedicatorum‚
1482 3211 1623 3273 salutem
1643 3213 1676 3274 et
1693 3214 1839 3290 aposto-

191 3303 350 3365 destituta
371 3305 515 3381 pastore,
532 3305 639 3382 ipsius
658 3305 724 3369 loci
748 3307 929 3384 capitulum
944 3309 985 3370 ad
1042 3307 1148 3368 licam
1159 3306 1435 3369 benedictionem.

194 3399 392 3462 electionem
421 3401 568 3479 episcopi
592 3403 823 3479 procedentes,
847 3406 989 3482 praedic-
1035 3482 1038 3489 .
1082 3405 1166 3477 Quia
1179 3405 1331 3466 omnibus
1349 3420 1393 3466 ex
1411 3404 1522 3467 officio
1535 3407 1659 3479 nostro,
1675 3405 1756 3469 licet
1770 3407 1839 3469 im-

193 3496 264 3558 tum
277 3497 492 3574 prepositum
505 3512 580 3559 cum
595 3497 757 3562 electione
765 3500 934 3563 celebrata
947 3502 988 3564 de
1042 3502 1164 3574 meriti,
1180 3517 1380 3586 praesumus,
1395 3501 1514 3564 merito
1528 3502 1634 3576 vobis,
1652 3503 1709 3580 qui
1724 3504 1838 3566 vestro

194 3593 268 3671 ipso
291 3593 352 3656 tibi
380 3595 549 3672 umquam
571 3596 828 3674 metropolitano
852 3599 987 3676 proprio
1042 3598 1227 3660 ministerio
1242 3598 1404 3676 proficere
1414 3599 1535 3676 cupitis
1545 3600 1724 3673 universis,
1744 3616 1839 3663 com-

194 3693 450 3768 praesentarunt,
483 3692 675 3754 confirmari
709 3709 784 3756 eam
817 3694 989 3758 humiliter
1041 3696 1150 3769 moda,
1182 3712 1282 3773 quum
1318 3698 1483 3770 convenit,
1525 3698 1767 3771 ministramus,
1800 3700 1839 3761 ut

194 3787 412 3865 postulantes.
428 3791 478 3850 Tu
491 3790 602 3851 autem
614 3788 656 3851 de
671 3791 838 3853 universis
862 3794 987 3870 negotii
1042 3793 1091 3854 sic
1120 3793 1263 3855 ministri
1279 3793 1402 3855 Christi
1419 3795 1453 3856 et
1477 3792 1725 3871 dispensatores
1745 3811 1840 3873 mys·

194 3886 456 3948 circumstantiis
468 3887 646 3963 diligenter
655 3887 840 3965 inquirens,
855 3905 990 3967 compe-
1041 3890 1202 3951 teriorum
1231 3890 1290 3951 Dei
1327 3905 1387 3967 per
1420 3892 1572 3952 nostrum
1610 3891 1836 3953 ministerium

193 3982 271 4044 nisti
288 3983 488 4045 electionem
499 3984 649 4046 eamdem
663 3986 824 4047 canonice
839 3987 990 4049 celebra·
1042 3983 1257 4046 honorentur.
1270 3986 1374 4056 Quum
1383 3984 1491 4061 igitur
1513 3986 1639 4047 certum
1654 3985 1838 4063 hospitium

62 4078 70 4086 '
194 4080 275 4153 tam,
296 4081 570 4143 concurrentibus
598 4082 639 4143 ad
661 4085 735 4159 ejus
762 4084 990 4147 confirmatio-
1043 4096 1110 4142 non
1132 4080 1300 4143 haberetis
1322 4082 1358 4143 in
1382 4082 1477 4154 urbe,
1491 4081 1548 4143 ubi
1568 4097 1608 4143 eo
1627 4082 1741 4144 forsan
1761 4083 1838 4160 plus

193 4191 272 4239 nem
284 4177 431 4254 ejusdem
451 4178 549 4240 electi
563 4180 763 4256 competenti
785 4180 986 4252 litteratura,
1042 4177 1201 4255 prodesse
1227 4179 1377 4255 potestis,
1407 4194 1473 4257 quo
1497 4179 1543 4240 ibi
1569 4182 1638 4243 tam
1658 4179 1836 4257 indigena,

194 4273 368 4337 honestate
381 4290 510 4337 morum
524 4278 558 4338 et
572 4291 705 4352 genere,
719 4293 759 4339 ao
784 4277 928 4341 iaciente
945 4279 988 4340 ad
1042 4291 1141 4353 quam
1178 4277 1332 4338 extranei
1369 4279 1635 4354 congregantur;
1674 4293 1737 4339 nos
1767 4279 1838 4340 mm

193 4370 258 4433 hoc
272 4368 359 4449 qnod
385 4371 426 4435 de
452 4373 580 4449 grermo
608 4375 659 4436 est
686 4374 840 4437 ecclesiae
865 4391 987 4438 memo·
1042 4373 1148 4446 robis,
1173 4390 1274 4451 quam
1296 4373 1486 4436 muliorum.
1500 4375 1637 4437 utilitati
1660 4375 1838 4438 consulere

192 4470 276 4532 ratae
291 4491 299 4530 ε
315 4469 372 4532 sed
388 4470 467 4548 quia
487 4470 529 4532 ob
545 4470 608 4532 troc
623 4471 780 4535 dubitasti
800 4474 986 4548 dumtaxat,
1043 4471 1226 4546 cupientes,
1252 4470 1429 4535 ecclesiam
1459 4472 1492 4532 S.
1510 4471 1643 4533 Sabinae
1671 4472 1712 4532 ad
1743 4473 1838 4534 cele·

194 4566 282 4645 quod
298 4567 331 4628 in
347 4567 452 4629 altem
467 4583 603 4629 suorum
630 4569 727 4630 oculo
746 4569 898 4646 quaedam
913 4587 988 4633 ma-
1041 4567 1216 4641 hrandum,
1244 4569 1278 4630 et
1303 4567 1419 4629 domos
1438 4567 1479 4628 ad
1501 4567 1759 4630 inhabitandum
1783 4570 1838 4631 si·

194 4664 271 4727 cula
291 4664 479 4737 videbatur,
497 4665 627 4741 elegisti
649 4666 760 4742 potins
779 4666 821 4728 ad
849 4682 909 4728 nos
930 4668 987 4744 ip-
1043 4664 1092 4726 lut
1114 4664 1294 4726 saeculares
1316 4664 1431 4726 clerici
1450 4663 1649 4737 habuerunt,
1680 4665 1721 4727 de
1752 4681 1838 4728 con·

194 4776 270 4823 sum
296 4762 540 4839 inspiciendum
567 4763 805 4835 transmittere,
827 4764 987 4841 quemad
1043 4777 1144 4823 seusu
1174 4761 1315 4823 tratrum
1346 4763 1547 4835 nostrorum,
1580 4763 1614 4823 et
1644 4763 1839 4839 specialiter

194 4859 667 4922 confirmandamelectionem
690 4859 786 4922 nobis
809 4861 988 4937 procedere
1042 4858 1156 4921 dilecti
1179 4859 1241 4920 tilii
1265 4860 1370 4920 nostri
1393 4859 1483 4921 tituli
1512 4859 1660 4936 ejusdem
1684 4860 1839 4923 ecclesiae

193 4957 406 5019 inconsultis.
418 4959 542 5019 Verum
553 4957 909 5035 humiliterpostulasti
921 4975 989 5021 ma·
1043 4956 1229 5034 presbyteri
1252 4956 1445 5029 cardinalis,
1470 4956 1738 5018 vobisduximus
1752 4974 1839 5020 con-

161 5122 164 5129 ,
193 5055 299 5130 gistro
312 5056 354 5115 N.
370 5054 494 5116 clerico
509 5054 578 5126 tuo,
603 5055 644 5116 ad
659 5056 807 5117 nostram
832 5071 985 5132 praesen·
1041 5053 1236 5126 cedendam,
1253 5053 1349 5115 domo
1363 5053 1421 5115 ubi
1442 5054 1492 5116 est
1515 5053 1749 5131 baptisterium
1764 5071 1839 5117 cum

194 5152 276 5214 tiam
291 5152 468 5223 destinato,
484 5152 531 5223 ut,
548 5150 577 5212 si
592 5152 741 5227 ejusdem
764 5152 990 5215 ecclesiaeve-
1044 5151 1140 5213 horto
1166 5151 1319 5228 proximo
1347 5152 1381 5213 et
1405 5151 1590 5213 reclusorio
1619 5167 1680 5229 pro
1709 5152 1839 5214 duobus

193 5251 238 5312 tis
261 5250 297 5312 in
323 5249 387 5311 hoc
405 5246 566 5311 vellemus
581 5264 742 5321 annuere,
758 5250 988 5313 confirmatio-
1043 5249 1176 5311 clericis
1188 5249 1373 5321 reservato,
1387 5248 1443 5326 qui
1466 5249 1506 5310 de
1524 5249 1697 5327 parochia,
1713 5252 1749 5313 et
1762 5267 1840 5327 pos-

196 5362 273 5409 nem
322 5346 498 5409 electionis
537 5346 686 5423 ejusdem
726 5346 788 5409 tibi
820 5349 990 5411 remittere
1044 5342 1250 5409 sessionibus
1264 5346 1370 5424 ipsius
1380 5346 1545 5417 ecclesiae,
1558 5346 1657 5423 prout
1670 5349 1837 5424 expediet,

197 5443 425 5535 dignaremur.
447 5445 609 5506 Caeterum
628 5444 795 5505 carissimi
808 5445 845 5506 in
858 5446 990 5507 Christo
1044 5453 1159 5505 curam
1181 5444 1311 5521 gerent,
1330 5446 1409 5521 jure
1428 5443 1609 5505 cardinalis
1632 5443 1669 5513 iu
1683 5444 1838 5506 omnibus

194 5541 256 5602 dlii
270 5542 415 5603 nomi...
429 5557 491 5604 rex
515 5542 584 5604 et...
608 5542 728 5618 regina
754 5545 990 5619 Hungarorum
1044 5541 1173 5619 integre
1188 5541 1396 5603 conservato.
1412 5540 1507 5603 Nulli
1526 5555 1618 5617 ergo,
1633 5540 1698 5603 etc.
1719 5543 1838 5604 Datum

194 5638 355 5710 illustres,
392 5639 621 5716 multiplicatis
649 5639 863 5718 prelatorum
891 5642 990 5703 terrae
1044 5641 1169 5713 Romae,
1183 5640 1282 5701 nonis
1292 5638 1392 5717 iunii,
1405 5639 1495 5716 pont.
1507 5638 1612 5701 nostri
1627 5653 1717 5701 anno
1729 5640 1835 5702 sexto.

1042 1756 1249 1833 exsequaris.
1267 1758 1385 1819 Datum
1406 1757 1525 1830 alani,
1553 1760 1599 1819 lll
1613 1774 1719 1821 nonas
1730 1761 1834 1838 junii,
1941 1836 1942 1855 χ
