<?xml version="1.0" encoding="UTF-8"?>
<!DOCTYPE html PUBLIC "-//W3C//DTD XHTML 1.0 Transitional//EN"
    "http://www.w3.org/TR/xhtml1/DTD/xhtml1-transitional.dtd">
<html xmlns="http://www.w3.org/1999/xhtml" xml:lang="en" lang="en">
 <head>
  <title>
</title>
<meta http-equiv="Content-Type" content="text/html;charset=utf-8" />
  <meta name='ocr-system' content='tesseract 3.04.00' />
  <meta name='ocr-capabilities' content='ocr_page ocr_carea ocr_par ocr_line ocrx_word'/>
</head>
<body>
  <div class='ocr_page' id='page_1' title='image "./mediiaevibiblio04bottgoog_0383.png"; bbox 0 0 3930 6206; ppageno 0'>
   <div class='ocr_carea' id='block_1_1' title="bbox 250 293 1950 371">
    <p class='ocr_par' dir='ltr' id='par_1_1' title="bbox 250 293 1950 371">
     <span class='ocr_line' id='line_1_1' title="bbox 250 293 1950 371; baseline 0.008 -23"><span class='ocrx_word' id='word_1_1' title='bbox 250 298 307 361; x_wconf 79' lang='lat'>731</span> <span class='ocrx_word' id='word_1_2' title='bbox 864 293 1038 354; x_wconf 85' lang='lat' dir='ltr'>HONORll</span> <span class='ocrx_word' id='word_1_3' title='bbox 1060 293 1103 352; x_wconf 91' lang='lat'>111</span> <span class='ocrx_word' id='word_1_4' title='bbox 1125 294 1274 357; x_wconf 77' lang='lat' dir='ltr'>OPERA.</span> <span class='ocrx_word' id='word_1_5' title='bbox 1827 311 1875 371; x_wconf 69' lang='lat'>73⁶3</span> <span class='ocrx_word' id='word_1_6' title='bbox 1949 310 1950 331; x_wconf 46' lang='lat' dir='ltr'>i</span> 
     </span>
    </p>
   </div>
   <div class='ocr_carea' id='block_1_2' title="bbox 249 450 1874 532">
    <p class='ocr_par' dir='ltr' id='par_1_2' title="bbox 249 416 1950 532">
     <span class='ocr_line' id='line_1_2' title="bbox 249 450 1874 532; baseline 0.003 -12"><span class='ocrx_word' id='word_1_7' title='bbox 249 459 315 530; x_wconf 88' lang='lat' dir='ltr'>tus,</span> <span class='ocrx_word' id='word_1_8' title='bbox 332 456 366 519; x_wconf 89' lang='lat' dir='ltr'>et</span> <span class='ocrx_word' id='word_1_9' title='bbox 379 469 480 532; x_wconf 88' lang='lat' dir='ltr'>supra</span> <span class='ocrx_word' id='word_1_10' title='bbox 495 460 531 515; x_wconf 88' lang='lat' dir='ltr'>se</span> <span class='ocrx_word' id='word_1_11' title='bbox 547 450 669 515; x_wconf 87' lang='lat' dir='ltr'>dicitur</span> <span class='ocrx_word' id='word_1_12' title='bbox 683 452 785 515; x_wconf 89' lang='lat' dir='ltr'>etiam</span> <span class='ocrx_word' id='word_1_13' title='bbox 801 450 983 514; x_wconf 88' lang='lat' dir='ltr'>ambulare.</span> <span class='ocrx_word' id='word_1_14' title='bbox 998 455 1044 514; x_wconf 88' lang='lat' dir='ltr'>De</span> <span class='ocrx_word' id='word_1_15' title='bbox 1097 452 1171 515; x_wconf 86' lang='lat' dir='ltr'>titia</span> <span class='ocrx_word' id='word_1_16' title='bbox 1187 454 1420 518; x_wconf 87' lang='lat' dir='ltr'>meritumnon</span> <span class='ocrx_word' id='word_1_17' title='bbox 1434 458 1575 521; x_wconf 85' lang='lat' dir='ltr'>amittat.</span> <span class='ocrx_word' id='word_1_18' title='bbox 1588 461 1676 522; x_wconf 87' lang='lat' dir='ltr'>Sane</span> <span class='ocrx_word' id='word_1_19' title='bbox 1691 464 1874 529; x_wconf 85' lang='lat' dir='ltr'>venerahilis</span> 
     </span>
    </p>
   </div>
   <div class='ocr_carea' id='block_1_3' title="bbox 248 542 1950 636">
    <p class='ocr_par' dir='ltr' id='par_1_3' title="bbox 248 542 1950 636">
     <span class='ocr_line' id='line_1_3' title="bbox 248 542 1950 636; baseline 0.004 -19"><span class='ocrx_word' id='word_1_20' title='bbox 248 554 308 617; x_wconf 92' lang='lat' dir='ltr'>illo</span> <span class='ocrx_word' id='word_1_21' title='bbox 321 552 514 615; x_wconf 83' lang='lat' dir='ltr'>carissimus</span> <span class='ocrx_word' id='word_1_22' title='bbox 524 551 559 612; x_wconf 92' lang='lat' dir='ltr'>in</span> <span class='ocrx_word' id='word_1_23' title='bbox 570 550 700 611; x_wconf 86' lang='lat' dir='ltr'>Christo</span> <span class='ocrx_word' id='word_1_24' title='bbox 709 548 798 609; x_wconf 84' lang='lat' dir='ltr'>tilius</span> <span class='ocrx_word' id='word_1_25' title='bbox 809 551 934 622; x_wconf 87' lang='lat' dir='ltr'>noster,</span> <span class='ocrx_word' id='word_1_26' title='bbox 948 550 1045 610; x_wconf 90' lang='lat' dir='ltr'>illus·</span> <span class='ocrx_word' id='word_1_27' title='bbox 1098 549 1203 612; x_wconf 86' lang='lat' dir='ltr'>frater</span> <span class='ocrx_word' id='word_1_28' title='bbox 1217 555 1331 615; x_wconf 68' lang='lat' dir='ltr'>nomer</span> <span class='ocrx_word' id='word_1_29' title='bbox 1346 555 1512 616; x_wconf 87' lang='lat' dir='ltr'>Tullensis</span> <span class='ocrx_word' id='word_1_30' title='bbox 1526 557 1704 636; x_wconf 85' lang='lat' dir='ltr'>episcopus</span> <span class='ocrx_word' id='word_1_31' title='bbox 1718 560 1812 621; x_wconf 89' lang='lat' dir='ltr'>nobis</span> <span class='ocrx_word' id='word_1_32' title='bbox 1822 578 1875 624; x_wconf 82' lang='lat' dir='ltr'>ex·</span> <span class='ocrx_word' id='word_1_33' title='bbox 1949 542 1950 565; x_wconf 55' lang='lat'><em>³</em></span> 
     </span>
    </p>
   </div>
   <div class='ocr_carea' id='block_1_4' title="bbox 218 646 1950 828">
    <p class='ocr_par' dir='ltr' id='par_1_4' title="bbox 218 646 1950 828">
     <span class='ocr_line' id='line_1_4' title="bbox 248 646 1950 732; baseline 0.004 -19"><span class='ocrx_word' id='word_1_34' title='bbox 248 653 311 714; x_wconf 89' lang='lat' dir='ltr'>tris</span> <span class='ocrx_word' id='word_1_35' title='bbox 326 667 387 711; x_wconf 82' lang='lat' dir='ltr'>rex</span> <span class='ocrx_word' id='word_1_36' title='bbox 398 648 589 724; x_wconf 81' lang='lat' dir='ltr'>Hungariae,</span> <span class='ocrx_word' id='word_1_37' title='bbox 606 663 666 723; x_wconf 91' lang='lat' dir='ltr'>per</span> <span class='ocrx_word' id='word_1_38' title='bbox 677 646 833 708; x_wconf 88' lang='lat' dir='ltr'>dilectum</span> <span class='ocrx_word' id='word_1_39' title='bbox 847 647 951 708; x_wconf 85' lang='lat' dir='ltr'>tilium</span> <span class='ocrx_word' id='word_1_40' title='bbox 967 663 1043 708; x_wconf 87' lang='lat' dir='ltr'>ma·</span> <span class='ocrx_word' id='word_1_41' title='bbox 1098 648 1208 722; x_wconf 90' lang='lat' dir='ltr'>posuit</span> <span class='ocrx_word' id='word_1_42' title='bbox 1219 650 1367 724; x_wconf 76' lang='lat' dir='ltr'>graviter</span> <span class='ocrx_word' id='word_1_43' title='bbox 1382 653 1626 728; x_wconf 88' lang='lat' dir='ltr'>conquerendo,</span> <span class='ocrx_word' id='word_1_44' title='bbox 1646 656 1735 732; x_wconf 86' lang='lat' dir='ltr'>quod</span> <span class='ocrx_word' id='word_1_45' title='bbox 1755 672 1877 720; x_wconf 83' lang='lat' dir='ltr'>venera·</span> <span class='ocrx_word' id='word_1_46' title='bbox 1949 652 1950 729; x_wconf 79' lang='lat' dir='ltr'>J</span> 
     </span>
     <span class='ocr_line' id='line_1_5' title="bbox 218 741 1950 828; baseline 0.002 -19"><span class='ocrx_word' id='word_1_47' title='bbox 218 749 390 824; x_wconf 58' lang='lat' dir='ltr'>&gt;gistrum</span> <span class='ocrx_word' id='word_1_48' title='bbox 409 746 648 817; x_wconf 78' lang='lat' dir='ltr'>Florentinum,</span> <span class='ocrx_word' id='word_1_49' title='bbox 679 745 848 806; x_wconf 80' lang='lat' dir='ltr'>custodem</span> <span class='ocrx_word' id='word_1_50' title='bbox 876 745 1043 806; x_wconf 89' lang='lat' dir='ltr'>Orodien-</span> <span class='ocrx_word' id='word_1_51' title='bbox 1096 741 1173 801; x_wconf 85' lang='lat' dir='ltr'>hilis</span> <span class='ocrx_word' id='word_1_52' title='bbox 1188 742 1293 805; x_wconf 88' lang='lat' dir='ltr'>frater</span> <span class='ocrx_word' id='word_1_53' title='bbox 1310 746 1424 807; x_wconf 89' lang='lat' dir='ltr'>nostor</span> <span class='ocrx_word' id='word_1_54' title='bbox 1442 747 1651 809; x_wconf 70' lang='lat' dir='ltr'>trevirensis</span> <span class='ocrx_word' id='word_1_55' title='bbox 1663 750 1875 828; x_wconf 80' lang='lat' dir='ltr'>archiepisco·</span> <span class='ocrx_word' id='word_1_56' title='bbox 1949 794 1950 823; x_wconf 54' lang='lat'>2</span> 
     </span>
    </p>
   </div>
   <div class='ocr_carea' id='block_1_5' title="bbox 250 843 1877 925">
    <p class='ocr_par' dir='ltr' id='par_1_5' title="bbox 250 843 1877 925">
     <span class='ocr_line' id='line_1_6' title="bbox 250 843 1877 925; baseline 0.002 -19"><span class='ocrx_word' id='word_1_57' title='bbox 250 861 330 916; x_wconf 90' lang='lat' dir='ltr'>sem,</span> <span class='ocrx_word' id='word_1_58' title='bbox 348 845 501 904; x_wconf 90' lang='lat' dir='ltr'>nuntium</span> <span class='ocrx_word' id='word_1_59' title='bbox 516 859 623 914; x_wconf 91' lang='lat' dir='ltr'>snum,</span> <span class='ocrx_word' id='word_1_60' title='bbox 638 843 787 918; x_wconf 80' lang='lat' dir='ltr'>graviter</span> <span class='ocrx_word' id='word_1_61' title='bbox 808 843 859 904; x_wconf 90' lang='lat' dir='ltr'>est</span> <span class='ocrx_word' id='word_1_62' title='bbox 881 857 1044 923; x_wconf 84' lang='lat' dir='ltr'>conques-</span> <span class='ocrx_word' id='word_1_63' title='bbox 1097 855 1170 915; x_wconf 87' lang='lat' dir='ltr'>pus,</span> <span class='ocrx_word' id='word_1_64' title='bbox 1187 843 1461 918; x_wconf 85' lang='lat' dir='ltr'>metropolitanus</span> <span class='ocrx_word' id='word_1_65' title='bbox 1480 860 1572 917; x_wconf 87' lang='lat' dir='ltr'>suus,</span> <span class='ocrx_word' id='word_1_66' title='bbox 1596 847 1684 923; x_wconf 89' lang='lat' dir='ltr'>apud</span> <span class='ocrx_word' id='word_1_67' title='bbox 1707 863 1804 924; x_wconf 84' lang='lat' dir='ltr'>quem</span> <span class='ocrx_word' id='word_1_68' title='bbox 1817 850 1877 925; x_wconf 89' lang='lat' dir='ltr'>plus</span> 
     </span>
    </p>
   </div>
   <div class='ocr_carea' id='block_1_6' title="bbox 248 936 1950 1212">
    <p class='ocr_par' dir='ltr' id='par_1_6' title="bbox 248 936 1950 1212">
     <span class='ocr_line' id='line_1_7' title="bbox 248 936 1950 1019; baseline -0.001 -16"><span class='ocrx_word' id='word_1_69' title='bbox 248 943 313 1013; x_wconf 88' lang='lat' dir='ltr'>tus,</span> <span class='ocrx_word' id='word_1_70' title='bbox 331 941 416 1017; x_wconf 87' lang='lat' dir='ltr'>quod</span> <span class='ocrx_word' id='word_1_71' title='bbox 434 940 522 1000; x_wconf 91' lang='lat' dir='ltr'>idem</span> <span class='ocrx_word' id='word_1_72' title='bbox 544 940 654 1002; x_wconf 89' lang='lat' dir='ltr'>metiri</span> <span class='ocrx_word' id='word_1_73' title='bbox 670 956 705 1000; x_wconf 89' lang='lat' dir='ltr'>se</span> <span class='ocrx_word' id='word_1_74' title='bbox 730 939 896 1010; x_wconf 91' lang='lat' dir='ltr'>nesciens,</span> <span class='ocrx_word' id='word_1_75' title='bbox 912 940 947 999; x_wconf 93' lang='lat' dir='ltr'>in</span> <span class='ocrx_word' id='word_1_76' title='bbox 963 940 1042 1001; x_wconf 89' lang='lat' dir='ltr'>tan·</span> <span class='ocrx_word' id='word_1_77' title='bbox 1096 936 1209 998; x_wconf 81' lang='lat' dir='ltr'>valere</span> <span class='ocrx_word' id='word_1_78' title='bbox 1225 937 1360 1001; x_wconf 90' lang='lat' dir='ltr'>deberet</span> <span class='ocrx_word' id='word_1_79' title='bbox 1373 940 1460 1001; x_wconf 90' lang='lat' dir='ltr'>ratio</span> <span class='ocrx_word' id='word_1_80' title='bbox 1486 956 1584 1018; x_wconf 87' lang='lat' dir='ltr'>quam</span> <span class='ocrx_word' id='word_1_81' title='bbox 1612 945 1771 1019; x_wconf 88' lang='lat' dir='ltr'>potestas,</span> <span class='ocrx_word' id='word_1_82' title='bbox 1786 944 1877 1007; x_wconf 87' lang='lat' dir='ltr'>inter·</span> <span class='ocrx_word' id='word_1_83' title='bbox 1949 960 1950 1001; x_wconf 75' lang='lat' dir='ltr'>i</span> 
     </span>
     <span class='ocr_line' id='line_1_8' title="bbox 249 1032 1950 1115; baseline 0.001 -15"><span class='ocrx_word' id='word_1_84' title='bbox 249 1040 315 1100; x_wconf 91' lang='lat' dir='ltr'>tam</span> <span class='ocrx_word' id='word_1_85' title='bbox 331 1039 483 1115; x_wconf 81' lang='lat' dir='ltr'>prorupit</span> <span class='ocrx_word' id='word_1_86' title='bbox 508 1036 681 1099; x_wconf 84' lang='lat' dir='ltr'>audaciam</span> <span class='ocrx_word' id='word_1_87' title='bbox 710 1039 743 1098; x_wconf 90' lang='lat' dir='ltr'>et</span> <span class='ocrx_word' id='word_1_88' title='bbox 771 1035 927 1108; x_wconf 88' lang='lat' dir='ltr'>furorem,</span> <span class='ocrx_word' id='word_1_89' title='bbox 956 1037 1041 1113; x_wconf 87' lang='lat' dir='ltr'>quod</span> <span class='ocrx_word' id='word_1_90' title='bbox 1096 1032 1271 1111; x_wconf 89' lang='lat' dir='ltr'>dumjuris</span> <span class='ocrx_word' id='word_1_91' title='bbox 1286 1036 1878 1114; x_wconf 80' lang='lat' dir='ltr'>ordinepraetermisso,excomrnuni-</span> <span class='ocrx_word' id='word_1_92' title='bbox 1949 1080 1950 1083; x_wconf 56' lang='lat'><em>=</em></span> 
     </span>
     <span class='ocr_line' id='line_1_9' title="bbox 248 1129 1950 1212; baseline 0.001 -16"><span class='ocrx_word' id='word_1_93' title='bbox 248 1151 360 1212; x_wconf 79' lang='lat' dir='ltr'>regem</span> <span class='ocrx_word' id='word_1_94' title='bbox 377 1134 538 1206; x_wconf 89' lang='lat' dir='ltr'>eumdem,</span> <span class='ocrx_word' id='word_1_95' title='bbox 556 1135 671 1196; x_wconf 86' lang='lat' dir='ltr'>contra</span> <span class='ocrx_word' id='word_1_96' title='bbox 686 1150 783 1210; x_wconf 80' lang='lat' dir='ltr'>quem</span> <span class='ocrx_word' id='word_1_97' title='bbox 805 1133 1042 1194; x_wconf 86' lang='lat' dir='ltr'>contumeliose</span> <span class='ocrx_word' id='word_1_98' title='bbox 1096 1129 1237 1190; x_wconf 87' lang='lat' dir='ltr'>cationis</span> <span class='ocrx_word' id='word_1_99' title='bbox 1265 1132 1462 1193; x_wconf 87' lang='lat' dir='ltr'>sententiam</span> <span class='ocrx_word' id='word_1_100' title='bbox 1489 1132 1643 1196; x_wconf 79' lang='lat' dir='ltr'>fulminat</span> <span class='ocrx_word' id='word_1_101' title='bbox 1667 1137 1704 1197; x_wconf 91' lang='lat' dir='ltr'>in</span> <span class='ocrx_word' id='word_1_102' title='bbox 1728 1137 1876 1207; x_wconf 88' lang='lat' dir='ltr'>eumden,</span> <span class='ocrx_word' id='word_1_103' title='bbox 1949 1138 1950 1189; x_wconf 76' lang='grc' dir='ltr'>ἐ</span> 
     </span>
    </p>
   </div>
   <div class='ocr_carea' id='block_1_7' title="bbox 249 1228 1878 1311">
    <p class='ocr_par' dir='ltr' id='par_1_7' title="bbox 249 1228 1878 1311">
     <span class='ocr_line' id='line_1_10' title="bbox 249 1228 1878 1311; baseline 0.002 -17"><span class='ocrx_word' id='word_1_104' title='bbox 249 1234 406 1304; x_wconf 80' lang='lat' dir='ltr'>surrexit,</span> <span class='ocrx_word' id='word_1_105' title='bbox 423 1233 580 1309; x_wconf 78' lang='lat' dir='ltr'>gravibus</span> <span class='ocrx_word' id='word_1_106' title='bbox 594 1232 729 1309; x_wconf 89' lang='lat' dir='ltr'>injuriis</span> <span class='ocrx_word' id='word_1_107' title='bbox 743 1231 921 1303; x_wconf 82' lang='lat' dir='ltr'>lacessivit,</span> <span class='ocrx_word' id='word_1_108' title='bbox 936 1231 970 1292; x_wconf 92' lang='lat' dir='ltr'>in</span> <span class='ocrx_word' id='word_1_109' title='bbox 984 1231 1043 1292; x_wconf 89' lang='lat' dir='ltr'>de-</span> <span class='ocrx_word' id='word_1_110' title='bbox 1096 1228 1385 1303; x_wconf 88' lang='lat' dir='ltr'>appellationihus,</span> <span class='ocrx_word' id='word_1_111' title='bbox 1414 1246 1497 1307; x_wconf 85' lang='lat' dir='ltr'>quas</span> <span class='ocrx_word' id='word_1_112' title='bbox 1530 1231 1620 1293; x_wconf 86' lang='lat' dir='ltr'>idern</span> <span class='ocrx_word' id='word_1_113' title='bbox 1647 1234 1822 1311; x_wconf 85' lang='lat' dir='ltr'>episcopus</span> <span class='ocrx_word' id='word_1_114' title='bbox 1844 1236 1878 1297; x_wconf 85' lang='lat' dir='ltr'>ad</span> 
     </span>
    </p>
   </div>
   <div class='ocr_carea' id='block_1_8' title="bbox 246 1324 1950 1504">
    <p class='ocr_par' dir='ltr' id='par_1_8' title="bbox 246 1324 1950 1521">
     <span class='ocr_line' id='line_1_11' title="bbox 248 1324 1950 1423; baseline 0.002 -32"><span class='ocrx_word' id='word_1_115' title='bbox 248 1345 408 1406; x_wconf 76' lang='lat' dir='ltr'>rogamen</span> <span class='ocrx_word' id='word_1_116' title='bbox 421 1330 535 1407; x_wconf 91' lang='lat' dir='ltr'>utique</span> <span class='ocrx_word' id='word_1_117' title='bbox 549 1330 650 1403; x_wconf 81' lang='lat' dir='ltr'>regiae</span> <span class='ocrx_word' id='word_1_118' title='bbox 665 1329 848 1405; x_wconf 82' lang='lat' dir='ltr'>dignitatis,</span> <span class='ocrx_word' id='word_1_119' title='bbox 871 1330 904 1390; x_wconf 85' lang='lat' dir='ltr'>et</span> <span class='ocrx_word' id='word_1_120' title='bbox 916 1329 1042 1389; x_wconf 89' lang='lat' dir='ltr'>ordinis</span> <span class='ocrx_word' id='word_1_121' title='bbox 1097 1324 1213 1385; x_wconf 87' lang='lat' dir='ltr'>Sedem</span> <span class='ocrx_word' id='word_1_122' title='bbox 1228 1326 1452 1402; x_wconf 77' lang='lat' dir='ltr'>apostolicam</span> <span class='ocrx_word' id='word_1_123' title='bbox 1463 1328 1611 1403; x_wconf 80' lang='lat' dir='ltr'>legitime</span> <span class='ocrx_word' id='word_1_124' title='bbox 1626 1329 1819 1407; x_wconf 85' lang='lat' dir='ltr'>interponit,</span> <span class='ocrx_word' id='word_1_125' title='bbox 1830 1348 1877 1408; x_wconf 84' lang='lat' dir='ltr'>pro</span> <span class='ocrx_word' id='word_1_126' title='bbox 1949 1342 1950 1423; x_wconf 37' lang='grc' dir='ltr'>ζ</span> 
     </span>
     <span class='ocr_line' id='line_1_12' title="bbox 246 1422 1878 1504; baseline 0 -14"><span class='ocrx_word' id='word_1_127' title='bbox 246 1444 288 1490; x_wconf 82' lang='lat' dir='ltr'>ac</span> <span class='ocrx_word' id='word_1_128' title='bbox 301 1427 400 1488; x_wconf 86' lang='lat' dir='ltr'>officii</span> <span class='ocrx_word' id='word_1_129' title='bbox 416 1427 585 1504; x_wconf 74' lang='lat' dir='ltr'>praepositi</span> <span class='ocrx_word' id='word_1_130' title='bbox 599 1427 783 1488; x_wconf 91' lang='lat' dir='ltr'>memorati.</span> <span class='ocrx_word' id='word_1_131' title='bbox 800 1429 922 1487; x_wconf 88' lang='lat' dir='ltr'>Verum</span> <span class='ocrx_word' id='word_1_132' title='bbox 947 1427 976 1486; x_wconf 87' lang='lat' dir='ltr'>si</span> <span class='ocrx_word' id='word_1_133' title='bbox 990 1430 1043 1488; x_wconf 89' lang='lat' dir='ltr'>at·</span> <span class='ocrx_word' id='word_1_134' title='bbox 1096 1434 1156 1483; x_wconf 91' lang='lat' dir='ltr'>suo</span> <span class='ocrx_word' id='word_1_135' title='bbox 1170 1422 1309 1484; x_wconf 87' lang='lat' dir='ltr'>arbitrio</span> <span class='ocrx_word' id='word_1_136' title='bbox 1322 1440 1399 1484; x_wconf 90' lang='lat' dir='ltr'>raro</span> <span class='ocrx_word' id='word_1_137' title='bbox 1410 1425 1528 1497; x_wconf 87' lang='lat' dir='ltr'>defert,</span> <span class='ocrx_word' id='word_1_138' title='bbox 1540 1428 1573 1487; x_wconf 90' lang='lat' dir='ltr'>et</span> <span class='ocrx_word' id='word_1_139' title='bbox 1587 1427 1694 1503; x_wconf 89' lang='lat' dir='ltr'>ipsius</span> <span class='ocrx_word' id='word_1_140' title='bbox 1709 1430 1878 1490; x_wconf 85' lang='lat' dir='ltr'>sententias</span> 
     </span>
    </p>
   </div>
   <div class='ocr_carea' id='block_1_9' title="bbox 246 1520 1878 1602">
    <p class='ocr_par' dir='ltr' id='par_1_9' title="bbox 246 1520 1878 1602">
     <span class='ocr_line' id='line_1_13' title="bbox 246 1520 1878 1602; baseline -0.001 -15"><span class='ocrx_word' id='word_1_141' title='bbox 246 1524 409 1587; x_wconf 88' lang='lat' dir='ltr'>tendisset</span> <span class='ocrx_word' id='word_1_142' title='bbox 430 1524 497 1595; x_wconf 88' lang='lat' dir='ltr'>ille,</span> <span class='ocrx_word' id='word_1_143' title='bbox 519 1524 645 1602; x_wconf 87' lang='lat' dir='ltr'>quiain</span> <span class='ocrx_word' id='word_1_144' title='bbox 661 1524 734 1600; x_wconf 81' lang='lat' dir='ltr'>lege</span> <span class='ocrx_word' id='word_1_145' title='bbox 749 1524 862 1585; x_wconf 82' lang='lat' dir='ltr'>divina</span> <span class='ocrx_word' id='word_1_146' title='bbox 887 1523 1043 1600; x_wconf 81' lang='lat' dir='ltr'>praecipi-</span> <span class='ocrx_word' id='word_1_147' title='bbox 1094 1520 1340 1582; x_wconf 86' lang='lat' dir='ltr'>rationabiliter</span> <span class='ocrx_word' id='word_1_148' title='bbox 1351 1524 1579 1599; x_wconf 84' lang='lat' dir='ltr'>promulgatas</span> <span class='ocrx_word' id='word_1_149' title='bbox 1602 1525 1677 1585; x_wconf 89' lang='lat' dir='ltr'>sine</span> <span class='ocrx_word' id='word_1_150' title='bbox 1699 1527 1878 1602; x_wconf 82' lang='lat' dir='ltr'>cognitione</span> 
     </span>
    </p>
   </div>
   <div class='ocr_carea' id='block_1_10' title="bbox 246 1620 1950 1894">
    <p class='ocr_par' dir='ltr' id='par_1_10' title="bbox 246 1602 1950 1894">
     <span class='ocr_line' id='line_1_14' title="bbox 247 1620 1877 1699; baseline 0.001 -16"><span class='ocrx_word' id='word_1_151' title='bbox 247 1623 303 1684; x_wconf 89' lang='lat' dir='ltr'>tur</span> <span class='ocrx_word' id='word_1_152' title='bbox 319 1643 327 1681; x_wconf 73' lang='grc' dir='ltr'><strong><em>ε</em></strong></span> <span class='ocrx_word' id='word_1_153' title='bbox 343 1622 533 1698; x_wconf 84' lang='lat' dir='ltr'>Prtncipem</span> <span class='ocrx_word' id='word_1_154' title='bbox 555 1622 668 1699; x_wconf 87' lang='lat' dir='ltr'>populi</span> <span class='ocrx_word' id='word_1_155' title='bbox 687 1623 737 1683; x_wconf 87' lang='lat' dir='ltr'>tui</span> <span class='ocrx_word' id='word_1_156' title='bbox 759 1637 826 1683; x_wconf 90' lang='lat' dir='ltr'>non</span> <span class='ocrx_word' id='word_1_157' title='bbox 846 1621 1038 1697; x_wconf 82' lang='lat' dir='ltr'>maledices3</span> <span class='ocrx_word' id='word_1_158' title='bbox 1095 1632 1206 1679; x_wconf 84' lang='lat' dir='ltr'>causae</span> <span class='ocrx_word' id='word_1_159' title='bbox 1230 1622 1366 1681; x_wconf 80' lang='lat' dir='ltr'>reuocat</span> <span class='ocrx_word' id='word_1_160' title='bbox 1398 1620 1432 1680; x_wconf 90' lang='lat' dir='ltr'>et</span> <span class='ocrx_word' id='word_1_161' title='bbox 1461 1620 1636 1683; x_wconf 87' lang='lat' dir='ltr'>denuntiat</span> <span class='ocrx_word' id='word_1_162' title='bbox 1660 1638 1729 1683; x_wconf 93' lang='lat' dir='ltr'>non</span> <span class='ocrx_word' id='word_1_163' title='bbox 1766 1626 1877 1685; x_wconf 85' lang='lat' dir='ltr'>tenere.</span> 
     </span>
     <span class='ocr_line' id='line_1_15' title="bbox 246 1715 1950 1803; baseline 0.001 -22"><span class='ocrx_word' id='word_1_164' title='bbox 246 1719 282 1781; x_wconf 89' lang='lat' dir='ltr'>et</span> <span class='ocrx_word' id='word_1_165' title='bbox 295 1719 379 1796; x_wconf 91' lang='lat' dir='ltr'>quod</span> <span class='ocrx_word' id='word_1_166' title='bbox 395 1718 436 1780; x_wconf 88' lang='lat' dir='ltr'>ab</span> <span class='ocrx_word' id='word_1_167' title='bbox 451 1721 608 1796; x_wconf 83' lang='lat' dir='ltr'>Apostolo</span> <span class='ocrx_word' id='word_1_168' title='bbox 625 1722 729 1780; x_wconf 88' lang='lat' dir='ltr'>Paulo</span> <span class='ocrx_word' id='word_1_169' title='bbox 754 1719 876 1781; x_wconf 87' lang='lat' dir='ltr'>dicitur</span> <span class='ocrx_word' id='word_1_170' title='bbox 893 1741 901 1778; x_wconf 90' lang='lat'>:</span> <span class='ocrx_word' id='word_1_171' title='bbox 918 1721 1040 1795; x_wconf 78' lang='lat' dir='ltr'>Regem</span> <span class='ocrx_word' id='word_1_172' title='bbox 1096 1715 1189 1777; x_wconf 90' lang='lat' dir='ltr'>Unde</span> <span class='ocrx_word' id='word_1_173' title='bbox 1205 1715 1476 1792; x_wconf 84' lang='lat' dir='ltr'>jurisdictionem</span> <span class='ocrx_word' id='word_1_174' title='bbox 1490 1719 1718 1795; x_wconf 88' lang='lat' dir='ltr'>episcopalem</span> <span class='ocrx_word' id='word_1_175' title='bbox 1737 1723 1879 1782; x_wconf 83' lang='lat' dir='ltr'>enervari</span> <span class='ocrx_word' id='word_1_176' title='bbox 1949 1726 1950 1803; x_wconf 41' lang='lat'>3</span> 
     </span>
     <span class='ocr_line' id='line_1_16' title="bbox 248 1813 1950 1894; baseline 0.002 -19"><span class='ocrx_word' id='word_1_177' title='bbox 248 1815 480 1890; x_wconf 80' lang='lat' dir='ltr'>honorificat03</span> <span class='ocrx_word' id='word_1_178' title='bbox 495 1833 562 1877; x_wconf 91' lang='lat' dir='ltr'>non</span> <span class='ocrx_word' id='word_1_179' title='bbox 586 1817 633 1878; x_wconf 86' lang='lat' dir='ltr'>ita</span> <span class='ocrx_word' id='word_1_180' title='bbox 648 1816 766 1879; x_wconf 85' lang='lat' dir='ltr'>fuisset</span> <span class='ocrx_word' id='word_1_181' title='bbox 788 1816 948 1889; x_wconf 90' lang='lat' dir='ltr'>insolens,</span> <span class='ocrx_word' id='word_1_182' title='bbox 974 1832 1041 1877; x_wconf 92' lang='lat' dir='ltr'>non</span> <span class='ocrx_word' id='word_1_183' title='bbox 1095 1813 1269 1887; x_wconf 81' lang='lat' dir='ltr'>contingit,</span> <span class='ocrx_word' id='word_1_184' title='bbox 1282 1815 1316 1875; x_wconf 89' lang='lat' dir='ltr'>et</span> <span class='ocrx_word' id='word_1_185' title='bbox 1327 1814 1478 1876; x_wconf 87' lang='lat' dir='ltr'>subditos</span> <span class='ocrx_word' id='word_1_186' title='bbox 1494 1831 1573 1876; x_wconf 87' lang='lat' dir='ltr'>suos</span> <span class='ocrx_word' id='word_1_187' title='bbox 1584 1816 1669 1889; x_wconf 87' lang='lat' dir='ltr'>fieri,</span> <span class='ocrx_word' id='word_1_188' title='bbox 1682 1817 1766 1878; x_wconf 88' lang='lat' dir='ltr'>dum</span> <span class='ocrx_word' id='word_1_189' title='bbox 1779 1834 1880 1894; x_wconf 84' lang='lat' dir='ltr'>pamm</span> <span class='ocrx_word' id='word_1_190' title='bbox 1949 1868 1950 1879; x_wconf 70' lang='grc'>,</span> 
     </span>
    </p>
   </div>
   <div class='ocr_carea' id='block_1_11' title="bbox 246 1909 1879 1992">
    <p class='ocr_par' dir='ltr' id='par_1_11' title="bbox 246 1909 1879 1992">
     <span class='ocr_line' id='line_1_17' title="bbox 246 1909 1879 1992; baseline 0 -17"><span class='ocrx_word' id='word_1_191' title='bbox 246 1915 293 1976; x_wconf 88' lang='lat' dir='ltr'>ita</span> <span class='ocrx_word' id='word_1_192' title='bbox 308 1913 457 1976; x_wconf 81' lang='lat' dir='ltr'>laxasset</span> <span class='ocrx_word' id='word_1_193' title='bbox 468 1930 505 1976; x_wconf 89' lang='lat' dir='ltr'>os</span> <span class='ocrx_word' id='word_1_194' title='bbox 516 1931 624 1987; x_wconf 91' lang='lat' dir='ltr'>suum,</span> <span class='ocrx_word' id='word_1_195' title='bbox 638 1931 700 1976; x_wconf 89' lang='lat' dir='ltr'>nec</span> <span class='ocrx_word' id='word_1_196' title='bbox 713 1916 761 1976; x_wconf 86' lang='lat' dir='ltr'>sic</span> <span class='ocrx_word' id='word_1_197' title='bbox 771 1915 1040 1976; x_wconf 89' lang='lat' dir='ltr'>incircumcisum</span> <span class='ocrx_word' id='word_1_198' title='bbox 1094 1909 1148 1970; x_wconf 79' lang='lat' dir='ltr'>uel</span> <span class='ocrx_word' id='word_1_199' title='bbox 1163 1909 1248 1970; x_wconf 88' lang='lat' dir='ltr'>nihil</span> <span class='ocrx_word' id='word_1_200' title='bbox 1263 1911 1294 1971; x_wconf 90' lang='lat' dir='ltr'>ei</span> <span class='ocrx_word' id='word_1_201' title='bbox 1309 1910 1475 1983; x_wconf 87' lang='lat' dir='ltr'>deferunt,</span> <span class='ocrx_word' id='word_1_202' title='bbox 1489 1912 1671 1975; x_wconf 85' lang='lat' dir='ltr'>insolentes</span> <span class='ocrx_word' id='word_1_203' title='bbox 1685 1936 1694 1973; x_wconf 73' lang='grc' dir='ltr'><strong><em>ι</em></strong></span> <span class='ocrx_word' id='word_1_204' title='bbox 1710 1930 1816 1991; x_wconf 89' lang='lat' dir='ltr'>super</span> <span class='ocrx_word' id='word_1_205' title='bbox 1827 1931 1879 1992; x_wconf 79' lang='lat' dir='ltr'>quo</span> 
     </span>
    </p>
   </div>
   <div class='ocr_carea' id='block_1_12' title="bbox 245 2005 1950 2089">
    <p class='ocr_par' dir='ltr' id='par_1_12' title="bbox 245 2005 1950 2089">
     <span class='ocr_line' id='line_1_18' title="bbox 245 2005 1950 2089; baseline 0.001 -18"><span class='ocrx_word' id='word_1_206' title='bbox 245 2011 371 2072; x_wconf 90' lang='lat' dir='ltr'>labium</span> <span class='ocrx_word' id='word_1_207' title='bbox 386 2012 567 2074; x_wconf 85' lang='lat' dir='ltr'>habuisset.</span> <span class='ocrx_word' id='word_1_208' title='bbox 585 2015 689 2084; x_wconf 87' lang='lat' dir='ltr'>Quum</span> <span class='ocrx_word' id='word_1_209' title='bbox 709 2013 812 2089; x_wconf 79' lang='lat' dir='ltr'>igitur</span> <span class='ocrx_word' id='word_1_210' title='bbox 828 2014 957 2074; x_wconf 87' lang='lat' dir='ltr'>tantum</span> <span class='ocrx_word' id='word_1_211' title='bbox 974 2012 1041 2072; x_wconf 90' lang='lat' dir='ltr'>lln-</span> <span class='ocrx_word' id='word_1_212' title='bbox 1094 2005 1201 2067; x_wconf 89' lang='lat' dir='ltr'>dictus</span> <span class='ocrx_word' id='word_1_213' title='bbox 1231 2008 1407 2086; x_wconf 87' lang='lat' dir='ltr'>episcopus</span> <span class='ocrx_word' id='word_1_214' title='bbox 1443 2010 1672 2086; x_wconf 71' lang='lat' dir='ltr'>apostolicum</span> <span class='ocrx_word' id='word_1_215' title='bbox 1706 2012 1880 2073; x_wconf 87' lang='lat' dir='ltr'>remedium</span> <span class='ocrx_word' id='word_1_216' title='bbox 1949 2084 1950 2087; x_wconf 8' lang='grc' dir='ltr'><strong>Ἴ</strong></span> 
     </span>
    </p>
   </div>
   <div class='ocr_carea' id='block_1_13' title="bbox 245 2103 1879 2188">
    <p class='ocr_par' dir='ltr' id='par_1_13' title="bbox 245 2103 1879 2188">
     <span class='ocr_line' id='line_1_19' title="bbox 245 2103 1879 2188; baseline 0.005 -18"><span class='ocrx_word' id='word_1_217' title='bbox 245 2124 320 2186; x_wconf 72' lang='lat' dir='ltr'>guae</span> <span class='ocrx_word' id='word_1_218' title='bbox 332 2109 496 2170; x_wconf 88' lang='lat' dir='ltr'>lubricum</span> <span class='ocrx_word' id='word_1_219' title='bbox 509 2126 575 2170; x_wconf 91' lang='lat' dir='ltr'>non</span> <span class='ocrx_word' id='word_1_220' title='bbox 591 2111 635 2171; x_wconf 90' lang='lat' dir='ltr'>sit</span> <span class='ocrx_word' id='word_1_221' title='bbox 649 2110 683 2171; x_wconf 92' lang='lat' dir='ltr'>in</span> <span class='ocrx_word' id='word_1_222' title='bbox 694 2112 871 2188; x_wconf 88' lang='lat' dir='ltr'>praeposito</span> <span class='ocrx_word' id='word_1_223' title='bbox 883 2109 1039 2188; x_wconf 87' lang='lat' dir='ltr'>praedicto</span> <span class='ocrx_word' id='word_1_224' title='bbox 1093 2103 1294 2180; x_wconf 71' lang='lat' dir='ltr'>imploravit·</span> <span class='ocrx_word' id='word_1_225' title='bbox 1311 2106 1394 2178; x_wconf 74' lang='lat' dir='ltr'>Quia</span> <span class='ocrx_word' id='word_1_226' title='bbox 1408 2122 1490 2169; x_wconf 67' lang='lat' dir='ltr'>vero</span> <span class='ocrx_word' id='word_1_227' title='bbox 1503 2108 1561 2184; x_wconf 77' lang='lat' dir='ltr'>&lt;lui</span> <span class='ocrx_word' id='word_1_228' title='bbox 1576 2123 1612 2169; x_wconf 73' lang='lat'>⁸0</span> <span class='ocrx_word' id='word_1_229' title='bbox 1627 2109 1692 2171; x_wconf 68' lang='lat' dir='ltr'>Stil</span> <span class='ocrx_word' id='word_1_230' title='bbox 1719 2110 1801 2171; x_wconf 78' lang='lat' dir='ltr'>aliis</span> <span class='ocrx_word' id='word_1_231' title='bbox 1818 2125 1879 2170; x_wconf 73' lang='lat' dir='ltr'>esse</span> 
     </span>
    </p>
   </div>
   <div class='ocr_carea' id='block_1_14' title="bbox 245 2200 1950 2284">
    <p class='ocr_par' dir='ltr' id='par_1_14' title="bbox 245 2200 1950 2284">
     <span class='ocr_line' id='line_1_20' title="bbox 245 2200 1950 2284; baseline 0.002 -17"><span class='ocrx_word' id='word_1_232' title='bbox 245 2207 460 2284; x_wconf 87' lang='lat' dir='ltr'>palpandum,</span> <span class='ocrx_word' id='word_1_233' title='bbox 478 2223 538 2270; x_wconf 91' lang='lat' dir='ltr'>nos</span> <span class='ocrx_word' id='word_1_234' title='bbox 553 2224 618 2269; x_wconf 92' lang='lat' dir='ltr'>non</span> <span class='ocrx_word' id='word_1_235' title='bbox 642 2208 685 2269; x_wconf 87' lang='lat' dir='ltr'>ab</span> <span class='ocrx_word' id='word_1_236' title='bbox 707 2209 785 2279; x_wconf 90' lang='lat' dir='ltr'>alio,</span> <span class='ocrx_word' id='word_1_237' title='bbox 815 2208 872 2269; x_wconf 88' lang='lat' dir='ltr'>sed</span> <span class='ocrx_word' id='word_1_238' title='bbox 897 2224 917 2269; x_wconf 88' lang='lat' dir='ltr'>a</span> <span class='ocrx_word' id='word_1_239' title='bbox 942 2207 1038 2268; x_wconf 88' lang='lat' dir='ltr'>nohis</span> <span class='ocrx_word' id='word_1_240' title='bbox 1093 2202 1307 2279; x_wconf 79' lang='lat' dir='ltr'>praepositum</span> <span class='ocrx_word' id='word_1_241' title='bbox 1322 2205 1370 2265; x_wconf 89' lang='lat' dir='ltr'>sic</span> <span class='ocrx_word' id='word_1_242' title='bbox 1385 2203 1482 2267; x_wconf 89' lang='lat' dir='ltr'>dehet</span> <span class='ocrx_word' id='word_1_243' title='bbox 1500 2221 1645 2282; x_wconf 86' lang='lat' dir='ltr'>praeesse</span> <span class='ocrx_word' id='word_1_244' title='bbox 1667 2207 1880 2284; x_wconf 66' lang='lat' dir='ltr'>subjacuere</span> <span class='ocrx_word' id='word_1_245' title='bbox 1949 2200 1950 2221; x_wconf 63' lang='lat'>¹</span> 
     </span>
    </p>
   </div>
   <div class='ocr_carea' id='block_1_15' title="bbox 232 2300 1880 3160">
    <p class='ocr_par' dir='ltr' id='par_1_15' title="bbox 232 2300 1880 3160">
     <span class='ocr_line' id='line_1_21' title="bbox 244 2300 1878 2381; baseline 0.001 -16"><span class='ocrx_word' id='word_1_246' title='bbox 244 2305 358 2380; x_wconf 84' lang='lat' dir='ltr'>puniri</span> <span class='ocrx_word' id='word_1_247' title='bbox 372 2305 522 2367; x_wconf 87' lang='lat' dir='ltr'>volentes</span> <span class='ocrx_word' id='word_1_248' title='bbox 536 2307 605 2366; x_wconf 88' lang='lat' dir='ltr'>tam</span> <span class='ocrx_word' id='word_1_249' title='bbox 619 2306 757 2381; x_wconf 81' lang='lat' dir='ltr'>grandis</span> <span class='ocrx_word' id='word_1_250' title='bbox 769 2306 966 2367; x_wconf 86' lang='lat' dir='ltr'>temeritatis</span> <span class='ocrx_word' id='word_1_251' title='bbox 979 2321 1041 2366; x_wconf 81' lang='lat' dir='ltr'>ex·</span> <span class='ocrx_word' id='word_1_252' title='bbox 1093 2300 1255 2375; x_wconf 86' lang='lat' dir='ltr'>permissa</span> <span class='ocrx_word' id='word_1_253' title='bbox 1270 2301 1334 2361; x_wconf 90' lang='lat' dir='ltr'>sibi</span> <span class='ocrx_word' id='word_1_254' title='bbox 1349 2303 1510 2378; x_wconf 83' lang='lat' dir='ltr'>potestate</span> <span class='ocrx_word' id='word_1_255' title='bbox 1533 2319 1601 2364; x_wconf 92' lang='lat' dir='ltr'>non</span> <span class='ocrx_word' id='word_1_256' title='bbox 1616 2303 1878 2376; x_wconf 71' lang='lat' dir='ltr'>videaturaut,</span> 
     </span>
     <span class='ocr_line' id='line_1_22' title="bbox 245 2396 1879 2482; baseline 0 -19"><span class='ocrx_word' id='word_1_257' title='bbox 245 2416 387 2475; x_wconf 85' lang='lat' dir='ltr'>cessum,</span> <span class='ocrx_word' id='word_1_258' title='bbox 409 2403 603 2464; x_wconf 89' lang='lat' dir='ltr'>discretioni</span> <span class='ocrx_word' id='word_1_259' title='bbox 627 2405 746 2465; x_wconf 85' lang='lat' dir='ltr'>vestrae</span> <span class='ocrx_word' id='word_1_260' title='bbox 771 2419 830 2482; x_wconf 88' lang='lat' dir='ltr'>per</span> <span class='ocrx_word' id='word_1_261' title='bbox 847 2403 1039 2479; x_wconf 79' lang='lat' dir='ltr'>apostolica</span> <span class='ocrx_word' id='word_1_262' title='bbox 1093 2396 1286 2461; x_wconf 83' lang='lat' dir='ltr'>discretioni</span> <span class='ocrx_word' id='word_1_263' title='bbox 1317 2400 1438 2462; x_wconf 76' lang='lat' dir='ltr'>restrae</span> <span class='ocrx_word' id='word_1_264' title='bbox 1464 2416 1524 2477; x_wconf 85' lang='lat' dir='ltr'>per</span> <span class='ocrx_word' id='word_1_265' title='bbox 1548 2401 1743 2477; x_wconf 80' lang='lat' dir='ltr'>apostolica</span> <span class='ocrx_word' id='word_1_266' title='bbox 1769 2404 1879 2480; x_wconf 85' lang='lat' dir='ltr'>scripta</span> 
     </span>
     <span class='ocr_line' id='line_1_23' title="bbox 245 2495 1879 2577; baseline 0.002 -18"><span class='ocrx_word' id='word_1_267' title='bbox 245 2499 368 2576; x_wconf 88' lang='lat' dir='ltr'>scripta</span> <span class='ocrx_word' id='word_1_268' title='bbox 377 2500 585 2572; x_wconf 85' lang='lat' dir='ltr'>mandamns,</span> <span class='ocrx_word' id='word_1_269' title='bbox 600 2502 775 2577; x_wconf 89' lang='lat' dir='ltr'>quatenus,</span> <span class='ocrx_word' id='word_1_270' title='bbox 788 2501 929 2562; x_wconf 84' lang='lat' dir='ltr'>veritate</span> <span class='ocrx_word' id='word_1_271' title='bbox 939 2516 1039 2577; x_wconf 89' lang='lat' dir='ltr'>super</span> <span class='ocrx_word' id='word_1_272' title='bbox 1093 2495 1300 2568; x_wconf 87' lang='lat' dir='ltr'>mandamus,</span> <span class='ocrx_word' id='word_1_273' title='bbox 1316 2499 1490 2574; x_wconf 86' lang='lat' dir='ltr'>quatenus,</span> <span class='ocrx_word' id='word_1_274' title='bbox 1518 2498 1668 2574; x_wconf 86' lang='lat' dir='ltr'>partibus</span> <span class='ocrx_word' id='word_1_275' title='bbox 1685 2502 1879 2574; x_wconf 83' lang='lat' dir='ltr'>convocatis,</span> 
     </span>
     <span class='ocr_line' id='line_1_24' title="bbox 243 2593 1880 2676; baseline 0.003 -21"><span class='ocrx_word' id='word_1_276' title='bbox 243 2596 308 2658; x_wconf 91' lang='lat' dir='ltr'>hoc</span> <span class='ocrx_word' id='word_1_277' title='bbox 322 2596 514 2673; x_wconf 80' lang='lat' dir='ltr'>diligentius</span> <span class='ocrx_word' id='word_1_278' title='bbox 527 2598 698 2675; x_wconf 89' lang='lat' dir='ltr'>inquisita,</span> <span class='ocrx_word' id='word_1_279' title='bbox 715 2598 821 2670; x_wconf 88' lang='lat' dir='ltr'>nobis,</span> <span class='ocrx_word' id='word_1_280' title='bbox 836 2597 923 2676; x_wconf 88' lang='lat' dir='ltr'>quod</span> <span class='ocrx_word' id='word_1_281' title='bbox 938 2599 1038 2659; x_wconf 79' lang='lat' dir='ltr'>inue-</span> <span class='ocrx_word' id='word_1_282' title='bbox 1093 2596 1126 2654; x_wconf 87' lang='lat' dir='ltr'>et</span> <span class='ocrx_word' id='word_1_283' title='bbox 1139 2593 1263 2655; x_wconf 90' lang='lat' dir='ltr'>auditis</span> <span class='ocrx_word' id='word_1_284' title='bbox 1278 2595 1449 2659; x_wconf 87' lang='lat' dir='ltr'>hincinde</span> <span class='ocrx_word' id='word_1_285' title='bbox 1465 2597 1657 2673; x_wconf 87' lang='lat' dir='ltr'>propositis,</span> <span class='ocrx_word' id='word_1_286' title='bbox 1679 2614 1818 2660; x_wconf 87' lang='lat' dir='ltr'>causam</span> <span class='ocrx_word' id='word_1_287' title='bbox 1831 2615 1880 2660; x_wconf 88' lang='lat' dir='ltr'>re·</span> 
     </span>
     <span class='ocr_line' id='line_1_25' title="bbox 243 2691 1879 2775; baseline 0.002 -21"><span class='ocrx_word' id='word_1_288' title='bbox 243 2694 373 2765; x_wconf 87' lang='lat' dir='ltr'>neritis,</span> <span class='ocrx_word' id='word_1_289' title='bbox 388 2710 448 2772; x_wconf 90' lang='lat' dir='ltr'>per</span> <span class='ocrx_word' id='word_1_290' title='bbox 460 2695 588 2756; x_wconf 87' lang='lat' dir='ltr'>litteras</span> <span class='ocrx_word' id='word_1_291' title='bbox 602 2696 731 2757; x_wconf 85' lang='lat' dir='ltr'>vestras</span> <span class='ocrx_word' id='word_1_292' title='bbox 742 2696 885 2757; x_wconf 90' lang='lat' dir='ltr'>fideliter</span> <span class='ocrx_word' id='word_1_293' title='bbox 895 2708 1039 2773; x_wconf 79' lang='lat' dir='ltr'>expone·</span> <span class='ocrx_word' id='word_1_294' title='bbox 1092 2691 1229 2775; x_wconf 84' lang='lat' dir='ltr'>mittatis</span> <span class='ocrx_word' id='word_1_295' title='bbox 1263 2691 1305 2753; x_wconf 88' lang='lat' dir='ltr'>ad</span> <span class='ocrx_word' id='word_1_296' title='bbox 1333 2707 1394 2753; x_wconf 90' lang='lat' dir='ltr'>nos</span> <span class='ocrx_word' id='word_1_297' title='bbox 1420 2692 1638 2763; x_wconf 67' lang='lat' dir='ltr'>,sufficienter</span> <span class='ocrx_word' id='word_1_298' title='bbox 1680 2696 1879 2767; x_wconf 85' lang='lat' dir='ltr'>instructanr,</span> 
     </span>
     <span class='ocr_line' id='line_1_26' title="bbox 242 2782 1880 2870; baseline 0.001 -18"><span class='ocrx_word' id='word_1_299' title='bbox 242 2792 287 2852; x_wconf 89' lang='lat' dir='ltr'>tis</span> <span class='ocrx_word' id='word_1_300' title='bbox 299 2813 306 2850; x_wconf 73' lang='grc' dir='ltr'><strong>ε</strong></span> <span class='ocrx_word' id='word_1_301' title='bbox 319 2792 356 2853; x_wconf 91' lang='lat' dir='ltr'>ut</span> <span class='ocrx_word' id='word_1_302' title='bbox 367 2792 396 2852; x_wconf 92' lang='lat' dir='ltr'>si</span> <span class='ocrx_word' id='word_1_303' title='bbox 411 2791 580 2853; x_wconf 87' lang='lat' dir='ltr'>fueritille</span> <span class='ocrx_word' id='word_1_304' title='bbox 592 2790 778 2869; x_wconf 88' lang='lat' dir='ltr'>culpabilis,</span> <span class='ocrx_word' id='word_1_305' title='bbox 790 2808 888 2869; x_wconf 82' lang='lat' dir='ltr'>poena</span> <span class='ocrx_word' id='word_1_306' title='bbox 899 2793 1038 2854; x_wconf 86' lang='lat' dir='ltr'>decente</span> <span class='ocrx_word' id='word_1_307' title='bbox 1091 2782 1474 2866; x_wconf 78' lang='lat' dir='ltr'>praefigentes&#39;partibus</span> <span class='ocrx_word' id='word_1_308' title='bbox 1497 2790 1677 2853; x_wconf 89' lang='lat' dir='ltr'>terminum</span> <span class='ocrx_word' id='word_1_309' title='bbox 1696 2794 1880 2870; x_wconf 81' lang='lat' dir='ltr'>competen-</span> 
     </span>
     <span class='ocr_line' id='line_1_27' title="bbox 245 2886 1880 2967; baseline 0.002 -19"><span class='ocrx_word' id='word_1_310' title='bbox 245 2888 378 2966; x_wconf 90' lang='lat' dir='ltr'>plenius</span> <span class='ocrx_word' id='word_1_311' title='bbox 397 2890 591 2962; x_wconf 84' lang='lat' dir='ltr'>instruatur,</span> <span class='ocrx_word' id='word_1_312' title='bbox 615 2906 714 2967; x_wconf 85' lang='lat' dir='ltr'>quam</span> <span class='ocrx_word' id='word_1_313' title='bbox 734 2906 835 2967; x_wconf 84' lang='lat' dir='ltr'>grave</span> <span class='ocrx_word' id='word_1_314' title='bbox 859 2891 913 2963; x_wconf 88' lang='lat' dir='ltr'>sit,</span> <span class='ocrx_word' id='word_1_315' title='bbox 929 2890 1039 2951; x_wconf 91' lang='lat' dir='ltr'>homi·</span> <span class='ocrx_word' id='word_1_316' title='bbox 1090 2886 1169 2956; x_wconf 88' lang='lat' dir='ltr'>tem,</span> <span class='ocrx_word' id='word_1_317' title='bbox 1186 2902 1251 2963; x_wconf 84' lang='lat' dir='ltr'>quo</span> <span class='ocrx_word' id='word_1_318' title='bbox 1266 2901 1326 2962; x_wconf 88' lang='lat' dir='ltr'>per</span> <span class='ocrx_word' id='word_1_319' title='bbox 1349 2902 1386 2948; x_wconf 91' lang='lat' dir='ltr'>se</span> <span class='ocrx_word' id='word_1_320' title='bbox 1411 2887 1465 2948; x_wconf 80' lang='lat' dir='ltr'>rel</span> <span class='ocrx_word' id='word_1_321' title='bbox 1486 2902 1547 2964; x_wconf 88' lang='lat' dir='ltr'>per</span> <span class='ocrx_word' id='word_1_322' title='bbox 1567 2892 1806 2964; x_wconf 80' lang='lat' dir='ltr'>procuratores</span> <span class='ocrx_word' id='word_1_323' title='bbox 1820 2889 1880 2951; x_wconf 91' lang='lat' dir='ltr'>ido-</span> 
     </span>
     <span class='ocr_line' id='line_1_28' title="bbox 243 2984 1879 3064; baseline 0.006 -18"><span class='ocrx_word' id='word_1_324' title='bbox 243 2987 385 3047; x_wconf 89' lang='lat' dir='ltr'>nemsui</span> <span class='ocrx_word' id='word_1_325' title='bbox 399 2986 526 3047; x_wconf 88' lang='lat' dir='ltr'>ordinis</span> <span class='ocrx_word' id='word_1_326' title='bbox 550 2989 583 3048; x_wconf 90' lang='lat' dir='ltr'>et</span> <span class='ocrx_word' id='word_1_327' title='bbox 606 2986 719 3058; x_wconf 87' lang='lat' dir='ltr'>oflicii,</span> <span class='ocrx_word' id='word_1_328' title='bbox 736 2988 893 3064; x_wconf 87' lang='lat' dir='ltr'>tanquam</span> <span class='ocrx_word' id='word_1_329' title='bbox 907 2987 1040 3049; x_wconf 87' lang='lat' dir='ltr'>modes-</span> <span class='ocrx_word' id='word_1_330' title='bbox 1092 2997 1173 3047; x_wconf 82' lang='lat' dir='ltr'>neos</span> <span class='ocrx_word' id='word_1_331' title='bbox 1197 2984 1313 3044; x_wconf 90' lang='lat' dir='ltr'>nostro</span> <span class='ocrx_word' id='word_1_332' title='bbox 1341 2999 1379 3045; x_wconf 87' lang='lat' dir='ltr'>se</span> <span class='ocrx_word' id='word_1_333' title='bbox 1414 2985 1606 3060; x_wconf 89' lang='lat' dir='ltr'>conspectui</span> <span class='ocrx_word' id='word_1_334' title='bbox 1635 2988 1879 3062; x_wconf 64' lang='lat' dir='ltr'>representari,</span> 
     </span>
     <span class='ocr_line' id='line_1_29' title="bbox 232 3072 1877 3160; baseline 0.005 -15"><span class='ocrx_word' id='word_1_335' title='bbox 232 3072 298 3145; x_wconf 85' lang='lat' dir='ltr'>&#39;tiae</span> <span class='ocrx_word' id='word_1_336' title='bbox 313 3083 473 3155; x_wconf 89' lang='lat' dir='ltr'>nescium,</span> <span class='ocrx_word' id='word_1_337' title='bbox 491 3078 523 3147; x_wconf 84' lang='lat' dir='ltr'>et</span> <span class='ocrx_word' id='word_1_338' title='bbox 546 3084 682 3160; x_wconf 88' lang='lat' dir='ltr'>pudoris</span> <span class='ocrx_word' id='word_1_339' title='bbox 703 3085 868 3160; x_wconf 84' lang='lat' dir='ltr'>ignarum,</span> <span class='ocrx_word' id='word_1_340' title='bbox 894 3086 936 3145; x_wconf 91' lang='lat' dir='ltr'>ad</span> <span class='ocrx_word' id='word_1_341' title='bbox 952 3100 1036 3145; x_wconf 88' lang='lat' dir='ltr'>con·</span> <span class='ocrx_word' id='word_1_342' title='bbox 1088 3080 1224 3155; x_wconf 83' lang='lat' dir='ltr'>justam,</span> <span class='ocrx_word' id='word_1_343' title='bbox 1241 3080 1377 3142; x_wconf 67' lang='lat' dir='ltr'>auctore</span> <span class='ocrx_word' id='word_1_344' title='bbox 1393 3081 1543 3153; x_wconf 72' lang='lat' dir='ltr'>Domino,</span> <span class='ocrx_word' id='word_1_345' title='bbox 1560 3083 1764 3145; x_wconf 65' lang='lat' dir='ltr'>Sententiam</span> <span class='ocrx_word' id='word_1_346' title='bbox 1780 3099 1877 3159; x_wconf 69' lang='lat' dir='ltr'>recor</span> 
     </span>
    </p>
   </div>
   <div class='ocr_carea' id='block_1_16' title="bbox 243 3177 1950 3254">
    <p class='ocr_par' dir='ltr' id='par_1_16' title="bbox 243 3177 1950 3254">
     <span class='ocr_line' id='line_1_30' title="bbox 243 3177 1950 3254; baseline 0.002 -12"><span class='ocrx_word' id='word_1_347' title='bbox 243 3178 434 3242; x_wconf 84' lang='lat' dir='ltr'>violandum</span> <span class='ocrx_word' id='word_1_348' title='bbox 458 3196 532 3242; x_wconf 90' lang='lat' dir='ltr'>esse</span> <span class='ocrx_word' id='word_1_349' title='bbox 554 3184 622 3242; x_wconf 85' lang='lat' dir='ltr'>tam</span> <span class='ocrx_word' id='word_1_350' title='bbox 654 3181 796 3254; x_wconf 80' lang='lat' dir='ltr'>facilem,</span> <span class='ocrx_word' id='word_1_351' title='bbox 827 3184 860 3243; x_wconf 88' lang='lat' dir='ltr'>et</span> <span class='ocrx_word' id='word_1_352' title='bbox 879 3198 918 3243; x_wconf 88' lang='lat' dir='ltr'>os</span> <span class='ocrx_word' id='word_1_353' title='bbox 940 3197 1037 3242; x_wconf 87' lang='lat' dir='ltr'>suum</span> <span class='ocrx_word' id='word_1_354' title='bbox 1091 3177 1169 3237; x_wconf 89' lang='lat' dir='ltr'>turi.</span> <span class='ocrx_word' id='word_1_355' title='bbox 1184 3178 1303 3238; x_wconf 86' lang='lat' dir='ltr'>Datum</span> <span class='ocrx_word' id='word_1_356' title='bbox 1318 3178 1487 3250; x_wconf 86' lang='lat' dir='ltr'>Laterani,</span> <span class='ocrx_word' id='word_1_357' title='bbox 1510 3180 1662 3241; x_wconf 82' lang='lat' dir='ltr'>linones</span> <span class='ocrx_word' id='word_1_358' title='bbox 1688 3180 1879 3249; x_wconf 86' lang='lat' dir='ltr'>decembris,</span> <span class='ocrx_word' id='word_1_359' title='bbox 1949 3240 1950 3245; x_wconf 75' lang='grc'>,</span> 
     </span>
    </p>
   </div>
   <div class='ocr_carea' id='block_1_17' title="bbox 242 3276 1294 3532">
    <p class='ocr_par' dir='ltr' id='par_1_17' title="bbox 242 3276 1294 3532">
     <span class='ocr_line' id='line_1_31' title="bbox 242 3276 1294 3350; baseline -0.005 -13"><span class='ocrx_word' id='word_1_360' title='bbox 242 3276 453 3338; x_wconf 80' lang='lat' dir='ltr'>assuefacere</span> <span class='ocrx_word' id='word_1_361' title='bbox 468 3277 665 3339; x_wconf 86' lang='lat' dir='ltr'>maledictis.</span> <span class='ocrx_word' id='word_1_362' title='bbox 682 3281 801 3340; x_wconf 88' lang='lat' dir='ltr'>Datum</span> <span class='ocrx_word' id='word_1_363' title='bbox 814 3279 982 3350; x_wconf 87' lang='lat' dir='ltr'>Laterani,</span> <span class='ocrx_word' id='word_1_364' title='bbox 1007 3281 1037 3339; x_wconf 94' lang='lat' dir='ltr'>Il</span> <span class='ocrx_word' id='word_1_365' title='bbox 1090 3288 1179 3334; x_wconf 86' lang='lat' dir='ltr'>anno</span> <span class='ocrx_word' id='word_1_366' title='bbox 1194 3288 1294 3335; x_wconf 89' lang='lat' dir='ltr'>nono.</span> 
     </span>
     <span class='ocr_line' id='line_1_32' title="bbox 242 3374 1271 3451; baseline 0.002 -17"><span class='ocrx_word' id='word_1_367' title='bbox 242 3388 348 3435; x_wconf 88' lang='lat' dir='ltr'>nonas</span> <span class='ocrx_word' id='word_1_368' title='bbox 372 3374 568 3447; x_wconf 88' lang='lat' dir='ltr'>decembris,</span> <span class='ocrx_word' id='word_1_369' title='bbox 594 3375 804 3451; x_wconf 87' lang='lat' dir='ltr'>pontificatus</span> <span class='ocrx_word' id='word_1_370' title='bbox 826 3377 933 3437; x_wconf 87' lang='lat' dir='ltr'>nostri</span> <span class='ocrx_word' id='word_1_371' title='bbox 948 3391 1036 3437; x_wconf 92' lang='lat' dir='ltr'>anno</span> <span class='ocrx_word' id='word_1_372' title='bbox 1269 3380 1271 3384; x_wconf 82' lang='grc'><strong>“</strong></span> 
     </span>
     <span class='ocr_line' id='line_1_33' title="bbox 242 3485 341 3532; baseline -0.01 -1"><span class='ocrx_word' id='word_1_373' title='bbox 242 3485 341 3532; x_wconf 89' lang='lat' dir='ltr'>nono.</span> 
     </span>
    </p>
   </div>
   <div class='ocr_carea' id='block_1_18' title="bbox 1441 3595 1530 3682">
    <p class='ocr_par' dir='ltr' id='par_1_18' title="bbox 1441 3595 1530 3682">
     <span class='ocr_line' id='line_1_34' title="bbox 1441 3595 1530 3682; baseline 0.011 -1"><span class='ocrx_word' id='word_1_374' title='bbox 1441 3595 1530 3682; x_wconf 88' lang='lat' dir='ltr'>XLI</span> 
     </span>
    </p>
   </div>
   <div class='ocr_carea' id='block_1_19' title="bbox 240 3716 1865 3958">
    <p class='ocr_par' dir='ltr' id='par_1_19' title="bbox 240 3716 1865 3958">
     <span class='ocr_line' id='line_1_35' title="bbox 604 3716 1865 3831; baseline -0.003 -9"><span class='ocrx_word' id='word_1_375' title='bbox 604 3716 670 3801; x_wconf 72' lang='lat' dir='ltr'>XL</span> <span class='ocrx_word' id='word_1_376' title='bbox 1101 3755 1154 3813; x_wconf 80' lang='lat' dir='ltr'>Ad</span> <span class='ocrx_word' id='word_1_377' title='bbox 1176 3754 1365 3831; x_wconf 79' lang='lat' dir='ltr'>maptstros</span> <span class='ocrx_word' id='word_1_378' title='bbox 1381 3757 1413 3815; x_wconf 80' lang='lat' dir='ltr'>J.</span> <span class='ocrx_word' id='word_1_379' title='bbox 1434 3754 1468 3816; x_wconf 83' lang='lat' dir='ltr'>ef</span> <span class='ocrx_word' id='word_1_380' title='bbox 1491 3758 1531 3816; x_wconf 80' lang='lat' dir='ltr'>R.</span> <span class='ocrx_word' id='word_1_381' title='bbox 1551 3758 1814 3819; x_wconf 76' lang='lat' dir='ltr'>archidiaconos</span> <span class='ocrx_word' id='word_1_382' title='bbox 1835 3757 1865 3818; x_wconf 82' lang='lat' dir='ltr'>a</span> 
     </span>
     <span class='ocr_line' id='line_1_36' title="bbox 240 3851 1842 3958; baseline -0.007 -15"><span class='ocrx_word' id='word_1_383' title='bbox 240 3885 292 3943; x_wconf 78' lang='lat' dir='ltr'>aa</span> <span class='ocrx_word' id='word_1_384' title='bbox 316 3883 526 3958; x_wconf 70' lang='lat' dir='ltr'>mapparum</span> <span class='ocrx_word' id='word_1_385' title='bbox 546 3886 577 3944; x_wconf 81' lang='lat' dir='ltr'>J.</span> <span class='ocrx_word' id='word_1_386' title='bbox 601 3886 635 3945; x_wconf 80' lang='lat' dir='ltr'>er</span> <span class='ocrx_word' id='word_1_387' title='bbox 658 3887 698 3946; x_wconf 83' lang='lat' dir='ltr'>a.</span> <span class='ocrx_word' id='word_1_388' title='bbox 723 3889 981 3947; x_wconf 65' lang='lat' dir='ltr'>arcitenentes</span> <span class='ocrx_word' id='word_1_389' title='bbox 1001 3889 1034 3948; x_wconf 79' lang='lat' dir='ltr'>a</span> <span class='ocrx_word' id='word_1_390' title='bbox 1130 3851 1316 3912; x_wconf 68' lang='lat' dir='ltr'>carenam</span> <span class='ocrx_word' id='word_1_391' title='bbox 1328 3854 1842 3917; x_wconf 62' lang='lat' dir='ltr'>maoaaamcataauaemm</span> 
     </span>
    </p>
   </div>
   <div class='ocr_carea' id='block_1_20' title="bbox 279 3982 1734 4188">
    <p class='ocr_par' dir='ltr' id='par_1_20' title="bbox 279 3982 1734 4188">
     <span class='ocr_line' id='line_1_37' title="bbox 279 3982 1617 4049; baseline -0.005 -10"><span class='ocrx_word' id='word_1_392' title='bbox 279 3982 463 4042; x_wconf 77' lang='lat' dir='ltr'>Rioberara</span> <span class='ocrx_word' id='word_1_393' title='bbox 477 3984 682 4042; x_wconf 78' lang='lat' dir='ltr'>canonicam</span> <span class='ocrx_word' id='word_1_394' title='bbox 694 3982 992 4044; x_wconf 77' lang='lat' dir='ltr'>catalaunensem.</span> <span class='ocrx_word' id='word_1_395' title='bbox 1362 3989 1519 4048; x_wconf 62' lang='lat' dir='ltr'>pdoeemp</span> <span class='ocrx_word' id='word_1_396' title='bbox 1537 3992 1617 4049; x_wconf 55' lang='grc' dir='ltr'>Μ,</span> 
     </span>
     <span class='ocr_line' id='line_1_38' title="bbox 509 4112 1734 4188; baseline -0.009 -11"><span class='ocrx_word' id='word_1_397' title='bbox 509 4129 526 4186; x_wconf 77' lang='grc'>4</span> <span class='ocrx_word' id='word_1_398' title='bbox 538 4127 666 4187; x_wconf 70' lang='lat' dir='ltr'>decemb,</span> <span class='ocrx_word' id='word_1_399' title='bbox 685 4130 763 4188; x_wconf 71' lang='lat'>1224,</span> <span class='ocrx_word' id='word_1_400' title='bbox 1243 4112 1352 4176; x_wconf 81' lang='lat' dir='ltr'>[Notices</span> <span class='ocrx_word' id='word_1_401' title='bbox 1364 4119 1390 4164; x_wconf 89' lang='lat' dir='ltr'>et</span> <span class='ocrx_word' id='word_1_402' title='bbox 1401 4113 1524 4173; x_wconf 80' lang='lat' dir='ltr'>Extraits,</span> <span class='ocrx_word' id='word_1_403' title='bbox 1536 4115 1604 4171; x_wconf 82' lang='lat' dir='ltr'>XXI,</span> <span class='ocrx_word' id='word_1_404' title='bbox 1618 4130 1648 4173; x_wconf 86' lang='lat'>11,</span> <span class='ocrx_word' id='word_1_405' title='bbox 1662 4116 1734 4182; x_wconf 65' lang='lat' dir='ltr'>{bb}</span> 
     </span>
    </p>
   </div>
   <div class='ocr_carea' id='block_1_21' title="bbox 239 4236 1878 4814">
    <p class='ocr_par' dir='ltr' id='par_1_21' title="bbox 239 4236 1878 4814">
     <span class='ocr_line' id='line_1_39' title="bbox 396 4236 1863 4338; baseline 0.009 -52"><span class='ocrx_word' id='word_1_406' title='bbox 396 4270 506 4333; x_wconf 56' lang='lat' dir='ltr'>[mm</span> <span class='ocrx_word' id='word_1_407' title='bbox 518 4277 543 4319; x_wconf 82' lang='lat' dir='ltr'>a</span> <span class='ocrx_word' id='word_1_408' title='bbox 554 4270 667 4321; x_wconf 70' lang='lat' dir='ltr'>mtiairs</span> <span class='ocrx_word' id='word_1_409' title='bbox 689 4272 747 4323; x_wconf 64' lang='lat' dir='ltr'>xx,</span> <span class='ocrx_word' id='word_1_410' title='bbox 769 4274 792 4323; x_wconf 87' lang='lat'>11</span> <span class='ocrx_word' id='word_1_411' title='bbox 811 4273 856 4323; x_wconf 62' lang='lat'>,90</span> <span class='ocrx_word' id='word_1_412' title='bbox 867 4273 878 4338; x_wconf 89' lang='lat'>]</span> <span class='ocrx_word' id='word_1_413' title='bbox 1087 4236 1136 4293; x_wconf 79' lang='lat' dir='ltr'>llis</span> <span class='ocrx_word' id='word_1_414' title='bbox 1154 4236 1314 4295; x_wconf 81' lang='lat' dir='ltr'>mandatur</span> <span class='ocrx_word' id='word_1_415' title='bbox 1328 4239 1464 4296; x_wconf 76' lang='lat' dir='ltr'>(larinum</span> <span class='ocrx_word' id='word_1_416' title='bbox 1479 4238 1611 4297; x_wconf 87' lang='lat' dir='ltr'>abbatem</span> <span class='ocrx_word' id='word_1_417' title='bbox 1631 4241 1660 4299; x_wconf 87' lang='lat' dir='ltr'>S.</span> <span class='ocrx_word' id='word_1_418' title='bbox 1676 4242 1749 4314; x_wconf 79' lang='lat' dir='ltr'>Apri</span> <span class='ocrx_word' id='word_1_419' title='bbox 1768 4249 1800 4299; x_wconf 88' lang='lat' dir='ltr'>et</span> <span class='ocrx_word' id='word_1_420' title='bbox 1821 4256 1863 4298; x_wconf 86' lang='lat' dir='ltr'>mo</span> 
     </span>
     <span class='ocr_line' id='line_1_40' title="bbox 669 4309 1877 4399; baseline 0.009 -23"><span class='ocrx_word' id='word_1_421' title='bbox 669 4309 676 4329; x_wconf 93' lang='lat'><em>&#39;</em></span> <span class='ocrx_word' id='word_1_422' title='bbox 749 4310 756 4331; x_wconf 90' lang='lat'><strong><em>’</em></strong></span> <span class='ocrx_word' id='word_1_423' title='bbox 793 4309 800 4332; x_wconf 85' lang='lat'>’</span> <span class='ocrx_word' id='word_1_424' title='bbox 859 4312 865 4324; x_wconf 80' lang='lat'>&#39;</span> <span class='ocrx_word' id='word_1_425' title='bbox 1122 4324 1231 4381; x_wconf 91' lang='lat' dir='ltr'>nachos</span> <span class='ocrx_word' id='word_1_426' title='bbox 1256 4324 1319 4397; x_wconf 82' lang='lat' dir='ltr'>ejus</span> <span class='ocrx_word' id='word_1_427' title='bbox 1345 4327 1502 4394; x_wconf 76' lang='lat' dir='ltr'>iulienses,</span> <span class='ocrx_word' id='word_1_428' title='bbox 1529 4328 1578 4399; x_wconf 82' lang='lat' dir='ltr'>qui</span> <span class='ocrx_word' id='word_1_429' title='bbox 1605 4343 1706 4386; x_wconf 86' lang='lat' dir='ltr'>coram</span> <span class='ocrx_word' id='word_1_430' title='bbox 1735 4326 1877 4387; x_wconf 81' lang='lat' dir='ltr'>Parmensi</span> 
     </span>
     <span class='ocr_line' id='line_1_41' title="bbox 239 4402 1878 4489; baseline 0.006 -27"><span class='ocrx_word' id='word_1_431' title='bbox 239 4403 289 4462; x_wconf 85' lang='lat' dir='ltr'>Eis</span> <span class='ocrx_word' id='word_1_432' title='bbox 299 4402 415 4460; x_wconf 84' lang='lat' dir='ltr'>mandat</span> <span class='ocrx_word' id='word_1_433' title='bbox 429 4410 460 4460; x_wconf 84' lang='lat' dir='ltr'>ut</span> <span class='ocrx_word' id='word_1_434' title='bbox 474 4418 558 4476; x_wconf 86' lang='lat' dir='ltr'>super</span> <span class='ocrx_word' id='word_1_435' title='bbox 573 4407 875 4464; x_wconf 85' lang='lat' dir='ltr'>excommunicationis</span> <span class='ocrx_word' id='word_1_436' title='bbox 891 4410 1032 4467; x_wconf 86' lang='lat' dir='ltr'>sententia</span> <span class='ocrx_word' id='word_1_437' title='bbox 1121 4414 1267 4486; x_wconf 87' lang='lat' dir='ltr'>episcopo,</span> <span class='ocrx_word' id='word_1_438' title='bbox 1282 4414 1454 4487; x_wconf 66' lang='lat' dir='ltr'>apostolicae</span> <span class='ocrx_word' id='word_1_439' title='bbox 1476 4414 1558 4472; x_wconf 86' lang='lat' dir='ltr'>Sedis</span> <span class='ocrx_word' id='word_1_440' title='bbox 1578 4415 1687 4489; x_wconf 82' lang='lat' dir='ltr'>legato,</span> <span class='ocrx_word' id='word_1_441' title='bbox 1703 4417 1834 4476; x_wconf 80' lang='lat' dir='ltr'>odonem</span> <span class='ocrx_word' id='word_1_442' title='bbox 1846 4416 1878 4473; x_wconf 85' lang='lat' dir='ltr'>de</span> 
     </span>
     <span class='ocr_line' id='line_1_42' title="bbox 273 4491 1876 4577; baseline 0.007 -30"><span class='ocrx_word' id='word_1_443' title='bbox 273 4493 302 4548; x_wconf 91' lang='lat' dir='ltr'>in</span> <span class='ocrx_word' id='word_1_444' title='bbox 322 4491 450 4550; x_wconf 82' lang='lat' dir='ltr'>Odonern</span> <span class='ocrx_word' id='word_1_445' title='bbox 470 4492 506 4549; x_wconf 89' lang='lat' dir='ltr'>de</span> <span class='ocrx_word' id='word_1_446' title='bbox 521 4494 619 4567; x_wconf 85' lang='lat' dir='ltr'>Sorcy,</span> <span class='ocrx_word' id='word_1_447' title='bbox 644 4496 808 4567; x_wconf 88' lang='lat' dir='ltr'>episcopam</span> <span class='ocrx_word' id='word_1_448' title='bbox 829 4496 1032 4567; x_wconf 85' lang='lat' dir='ltr'>Tullensem,a</span> <span class='ocrx_word' id='word_1_449' title='bbox 1120 4502 1209 4575; x_wconf 82' lang='lat' dir='ltr'>Sorcy</span> <span class='ocrx_word' id='word_1_450' title='bbox 1228 4516 1245 4558; x_wconf 91' lang='lat' dir='ltr'>a</span> <span class='ocrx_word' id='word_1_451' title='bbox 1265 4500 1333 4558; x_wconf 86' lang='lat' dir='ltr'>sede</span> <span class='ocrx_word' id='word_1_452' title='bbox 1353 4502 1466 4575; x_wconf 88' lang='lat' dir='ltr'>propria</span> <span class='ocrx_word' id='word_1_453' title='bbox 1483 4504 1662 4577; x_wconf 85' lang='lat' dir='ltr'>expulerant,</span> <span class='ocrx_word' id='word_1_454' title='bbox 1686 4505 1876 4564; x_wconf 84' lang='lat' dir='ltr'>exeommuni-</span> 
     </span>
     <span class='ocr_line' id='line_1_43' title="bbox 273 4579 1486 4662; baseline 0.007 -24"><span class='ocrx_word' id='word_1_455' title='bbox 273 4579 448 4638; x_wconf 85' lang='lat' dir='ltr'>Theoderico</span> <span class='ocrx_word' id='word_1_456' title='bbox 464 4580 678 4655; x_wconf 85' lang='lat' dir='ltr'>archiepiscopo</span> <span class='ocrx_word' id='word_1_457' title='bbox 691 4585 851 4640; x_wconf 82' lang='lat' dir='ltr'>Trevirensi</span> <span class='ocrx_word' id='word_1_458' title='bbox 862 4585 930 4653; x_wconf 89' lang='lat' dir='ltr'>lata,</span> <span class='ocrx_word' id='word_1_459' title='bbox 944 4586 1032 4658; x_wconf 83' lang='lat' dir='ltr'>inqui·</span> <span class='ocrx_word' id='word_1_460' title='bbox 1120 4597 1200 4646; x_wconf 88' lang='lat' dir='ltr'>catos</span> <span class='ocrx_word' id='word_1_461' title='bbox 1213 4589 1325 4662; x_wconf 90' lang='lat' dir='ltr'>publice</span> <span class='ocrx_word' id='word_1_462' title='bbox 1345 4592 1486 4647; x_wconf 87' lang='lat' dir='ltr'>nuntient.</span> 
     </span>
     <span class='ocr_line' id='line_1_44' title="bbox 273 4667 1031 4744; baseline 0.008 -22"><span class='ocrx_word' id='word_1_463' title='bbox 273 4673 345 4734; x_wconf 85' lang='lat' dir='ltr'>rant,</span> <span class='ocrx_word' id='word_1_464' title='bbox 359 4673 515 4724; x_wconf 78' lang='lat' dir='ltr'>etecusam</span> <span class='ocrx_word' id='word_1_465' title='bbox 525 4667 699 4725; x_wconf 84' lang='lat' dir='ltr'>sufficienter</span> <span class='ocrx_word' id='word_1_466' title='bbox 714 4669 880 4727; x_wconf 83' lang='lat' dir='ltr'>instructam</span> <span class='ocrx_word' id='word_1_467' title='bbox 894 4670 929 4727; x_wconf 90' lang='lat' dir='ltr'>ad</span> <span class='ocrx_word' id='word_1_468' title='bbox 941 4671 1031 4744; x_wconf 82' lang='lat' dir='ltr'>Apos-</span> 
     </span>
     <span class='ocr_line' id='line_1_45' title="bbox 273 4754 672 4814; baseline 0.005 -2"><span class='ocrx_word' id='word_1_469' title='bbox 273 4756 387 4812; x_wconf 81' lang='lat' dir='ltr'>raficam</span> <span class='ocrx_word' id='word_1_470' title='bbox 400 4754 503 4812; x_wconf 89' lang='lat' dir='ltr'>Sedem</span> <span class='ocrx_word' id='word_1_471' title='bbox 518 4756 672 4814; x_wconf 85' lang='lat' dir='ltr'>remittant.</span> 
     </span>
    </p>
   </div>
   <div class='ocr_carea' id='block_1_22' title="bbox 233 4700 1878 5666">
    <p class='ocr_par' dir='ltr' id='par_1_22' title="bbox 1085 4700 1878 4890">
     <span class='ocr_line' id='line_1_46' title="bbox 1124 4700 1875 4794; baseline 0.004 -18"><span class='ocrx_word' id='word_1_472' title='bbox 1124 4700 1875 4794; x_wconf 57' lang='lat' dir='ltr'>Honorius&#39;episcopusservasservorumhei,</span> 
     </span>
     <span class='ocr_line' id='line_1_47' title="bbox 1085 4813 1878 4890; baseline 0.004 -18"><span class='ocrx_word' id='word_1_473' title='bbox 1085 4813 1215 4874; x_wconf 89' lang='lat' dir='ltr'>dilectis</span> <span class='ocrx_word' id='word_1_474' title='bbox 1229 4813 1308 4874; x_wconf 85' lang='lat' dir='ltr'>filiis</span> <span class='ocrx_word' id='word_1_475' title='bbox 1321 4814 1490 4890; x_wconf 79' lang='lat' dir='ltr'>magistris</span> <span class='ocrx_word' id='word_1_476' title='bbox 1504 4817 1534 4877; x_wconf 88' lang='lat' dir='ltr'>J.</span> <span class='ocrx_word' id='word_1_477' title='bbox 1551 4818 1585 4876; x_wconf 89' lang='lat' dir='ltr'>et</span> <span class='ocrx_word' id='word_1_478' title='bbox 1600 4819 1638 4877; x_wconf 87' lang='lat' dir='ltr'>R.</span> <span class='ocrx_word' id='word_1_479' title='bbox 1655 4818 1750 4879; x_wconf 87' lang='lat' dir='ltr'>arch.</span> <span class='ocrx_word' id='word_1_480' title='bbox 1765 4820 1801 4879; x_wconf 88' lang='lat' dir='ltr'>et</span> <span class='ocrx_word' id='word_1_481' title='bbox 1819 4817 1878 4879; x_wconf 86' lang='lat' dir='ltr'>Ri-</span> 
     </span>
    </p>

    <p class='ocr_par' dir='ltr' id='par_1_23' title="bbox 233 4899 1877 5276">
     <span class='ocr_line' id='line_1_48' title="bbox 276 4899 1877 4985; baseline 0.007 -25"><span class='ocrx_word' id='word_1_482' title='bbox 276 4899 443 4960; x_wconf 87' lang='lat' dir='ltr'>Honorius</span> <span class='ocrx_word' id='word_1_483' title='bbox 454 4899 641 4976; x_wconf 87' lang='lat' dir='ltr'>episcopus,</span> <span class='ocrx_word' id='word_1_484' title='bbox 652 4916 769 4962; x_wconf 81' lang='lat' dir='ltr'>servus</span> <span class='ocrx_word' id='word_1_485' title='bbox 778 4904 1030 4979; x_wconf 83' lang='lat' dir='ltr'>servorumnei,</span> <span class='ocrx_word' id='word_1_486' title='bbox 1085 4910 1185 4971; x_wconf 86' lang='lat' dir='ltr'>chero</span> <span class='ocrx_word' id='word_1_487' title='bbox 1207 4910 1368 4972; x_wconf 86' lang='lat' dir='ltr'>canonico</span> <span class='ocrx_word' id='word_1_488' title='bbox 1404 4911 1653 4985; x_wconf 78' lang='lat' dir='ltr'>catalaunensi,</span> <span class='ocrx_word' id='word_1_489' title='bbox 1682 4912 1877 4976; x_wconf 88' lang='lat' dir='ltr'>salutemet</span> 
     </span>
     <span class='ocr_line' id='line_1_49' title="bbox 237 4995 1599 5083; baseline 0.009 -27"><span class='ocrx_word' id='word_1_490' title='bbox 237 4995 366 5059; x_wconf 88' lang='lat' dir='ltr'>dilectis</span> <span class='ocrx_word' id='word_1_491' title='bbox 388 4995 468 5057; x_wconf 85' lang='lat' dir='ltr'>filiis</span> <span class='ocrx_word' id='word_1_492' title='bbox 483 4997 651 5072; x_wconf 82' lang='lat' dir='ltr'>magistris</span> <span class='ocrx_word' id='word_1_493' title='bbox 665 5001 695 5060; x_wconf 85' lang='lat' dir='ltr'>J.</span> <span class='ocrx_word' id='word_1_494' title='bbox 715 5000 748 5060; x_wconf 91' lang='lat' dir='ltr'>et</span> <span class='ocrx_word' id='word_1_495' title='bbox 763 5001 801 5061; x_wconf 87' lang='lat' dir='ltr'>R.</span> <span class='ocrx_word' id='word_1_496' title='bbox 820 5001 1033 5064; x_wconf 88' lang='lat' dir='ltr'>archidiaco·</span> <span class='ocrx_word' id='word_1_497' title='bbox 1083 5007 1309 5083; x_wconf 79' lang='lat' dir='ltr'>apostolicam</span> <span class='ocrx_word' id='word_1_498' title='bbox 1324 5005 1599 5071; x_wconf 86' lang='lat' dir='ltr'>benedictionem.</span> 
     </span>
     <span class='ocr_line' id='line_1_50' title="bbox 235 5088 1876 5183; baseline 0.009 -28"><span class='ocrx_word' id='word_1_499' title='bbox 235 5094 289 5155; x_wconf 88' lang='lat' dir='ltr'>nis</span> <span class='ocrx_word' id='word_1_500' title='bbox 299 5097 331 5156; x_wconf 87' lang='lat' dir='ltr'>et</span> <span class='ocrx_word' id='word_1_501' title='bbox 342 5093 496 5167; x_wconf 88' lang='lat' dir='ltr'>Richero,</span> <span class='ocrx_word' id='word_1_502' title='bbox 508 5092 669 5156; x_wconf 89' lang='lat' dir='ltr'>canonico</span> <span class='ocrx_word' id='word_1_503' title='bbox 680 5096 928 5168; x_wconf 75' lang='lat' dir='ltr'>catalaunensi,</span> <span class='ocrx_word' id='word_1_504' title='bbox 938 5099 1032 5161; x_wconf 87' lang='lat' dir='ltr'>saln-</span> <span class='ocrx_word' id='word_1_505' title='bbox 1117 5088 1240 5177; x_wconf 79' lang='lat' dir='ltr'>Qualis</span> <span class='ocrx_word' id='word_1_506' title='bbox 1251 5105 1288 5166; x_wconf 90' lang='lat' dir='ltr'>in</span> <span class='ocrx_word' id='word_1_507' title='bbox 1300 5105 1349 5165; x_wconf 88' lang='lat' dir='ltr'>eis</span> <span class='ocrx_word' id='word_1_508' title='bbox 1365 5105 1421 5183; x_wconf 88' lang='lat' dir='ltr'>qui</span> <span class='ocrx_word' id='word_1_509' title='bbox 1436 5107 1577 5183; x_wconf 90' lang='lat' dir='ltr'>peccant</span> <span class='ocrx_word' id='word_1_510' title='bbox 1588 5106 1624 5166; x_wconf 91' lang='lat' dir='ltr'>in</span> <span class='ocrx_word' id='word_1_511' title='bbox 1638 5107 1750 5183; x_wconf 86' lang='lat' dir='ltr'>patres</span> <span class='ocrx_word' id='word_1_512' title='bbox 1763 5107 1876 5169; x_wconf 80' lang='lat' dir='ltr'>viaea-</span> 
     </span>
     <span class='ocr_line' id='line_1_51' title="bbox 233 5190 1874 5276; baseline 0.007 -22"><span class='ocrx_word' id='word_1_513' title='bbox 233 5191 301 5255; x_wconf 76' lang='lat' dir='ltr'>tem</span> <span class='ocrx_word' id='word_1_514' title='bbox 316 5192 350 5252; x_wconf 86' lang='lat' dir='ltr'>et</span> <span class='ocrx_word' id='word_1_515' title='bbox 363 5190 586 5268; x_wconf 86' lang='lat' dir='ltr'>Apostolicam</span> <span class='ocrx_word' id='word_1_516' title='bbox 602 5190 893 5257; x_wconf 80' lang='lat' dir='ltr'>benedictionem·</span> <span class='ocrx_word' id='word_1_517' title='bbox 1082 5201 1137 5261; x_wconf 88' lang='lat' dir='ltr'>tur</span> <span class='ocrx_word' id='word_1_518' title='bbox 1160 5202 1329 5264; x_wconf 87' lang='lat' dir='ltr'>damnatio</span> <span class='ocrx_word' id='word_1_519' title='bbox 1355 5201 1541 5275; x_wconf 89' lang='lat' dir='ltr'>imminere,</span> <span class='ocrx_word' id='word_1_520' title='bbox 1562 5203 1678 5276; x_wconf 88' lang='lat' dir='ltr'>Cham,</span> <span class='ocrx_word' id='word_1_521' title='bbox 1703 5204 1765 5265; x_wconf 84' lang='lat' dir='ltr'>filii</span> <span class='ocrx_word' id='word_1_522' title='bbox 1794 5206 1874 5273; x_wconf 79' lang='lat' dir='ltr'>Noe.</span> 
     </span>
    </p>

    <p class='ocr_par' dir='ltr' id='par_1_24' title="bbox 233 5282 1876 5666">
     <span class='ocr_line' id='line_1_52' title="bbox 274 5282 1876 5378; baseline 0.007 -29"><span class='ocrx_word' id='word_1_523' title='bbox 274 5290 314 5350; x_wconf 88' lang='lat' dir='ltr'>Et</span> <span class='ocrx_word' id='word_1_524' title='bbox 328 5288 357 5348; x_wconf 88' lang='lat' dir='ltr'>si</span> <span class='ocrx_word' id='word_1_525' title='bbox 372 5302 439 5349; x_wconf 88' lang='lat' dir='ltr'>non</span> <span class='ocrx_word' id='word_1_526' title='bbox 462 5287 505 5349; x_wconf 92' lang='lat' dir='ltr'>sit</span> <span class='ocrx_word' id='word_1_527' title='bbox 528 5287 563 5350; x_wconf 90' lang='lat' dir='ltr'>in</span> <span class='ocrx_word' id='word_1_528' title='bbox 585 5288 712 5350; x_wconf 89' lang='lat' dir='ltr'>honore</span> <span class='ocrx_word' id='word_1_529' title='bbox 724 5291 812 5367; x_wconf 88' lang='lat' dir='ltr'>patri</span> <span class='ocrx_word' id='word_1_530' title='bbox 833 5291 923 5354; x_wconf 84' lang='lat' dir='ltr'>filius</span> <span class='ocrx_word' id='word_1_531' title='bbox 934 5292 1028 5356; x_wconf 72' lang='lat' dir='ltr'>adae·</span> <span class='ocrx_word' id='word_1_532' title='bbox 1083 5313 1180 5374; x_wconf 89' lang='lat' dir='ltr'>poena</span> <span class='ocrx_word' id='word_1_533' title='bbox 1195 5300 1345 5360; x_wconf 86' lang='lat' dir='ltr'>testatur.</span> <span class='ocrx_word' id='word_1_534' title='bbox 1361 5300 1397 5360; x_wconf 87' lang='lat' dir='ltr'>Si</span> <span class='ocrx_word' id='word_1_535' title='bbox 1414 5282 1525 5360; x_wconf 78' lang='lat' dir='ltr'>autem</span> <span class='ocrx_word' id='word_1_536' title='bbox 1537 5299 1607 5372; x_wconf 85' lang='lat' dir='ltr'>ille,</span> <span class='ocrx_word' id='word_1_537' title='bbox 1629 5301 1708 5377; x_wconf 85' lang='lat' dir='ltr'>quia</span> <span class='ocrx_word' id='word_1_538' title='bbox 1725 5299 1876 5378; x_wconf 86' lang='lat' dir='ltr'>pudenda</span> 
     </span>
     <span class='ocr_line' id='line_1_53' title="bbox 234 5385 1875 5473; baseline 0.007 -28"><span class='ocrx_word' id='word_1_539' title='bbox 234 5385 396 5463; x_wconf 84' lang='lat' dir='ltr'>quandus,</span> <span class='ocrx_word' id='word_1_540' title='bbox 419 5385 750 5463; x_wconf 87' lang='lat' dir='ltr'>parentibustamen,</span> <span class='ocrx_word' id='word_1_541' title='bbox 774 5404 849 5449; x_wconf 90' lang='lat' dir='ltr'>cum</span> <span class='ocrx_word' id='word_1_542' title='bbox 873 5389 1028 5452; x_wconf 88' lang='lat' dir='ltr'>innitun-</span> <span class='ocrx_word' id='word_1_543' title='bbox 1083 5396 1187 5470; x_wconf 89' lang='lat' dir='ltr'>patris</span> <span class='ocrx_word' id='word_1_544' title='bbox 1201 5396 1347 5457; x_wconf 85' lang='lat' dir='ltr'>carnalis</span> <span class='ocrx_word' id='word_1_545' title='bbox 1362 5411 1430 5457; x_wconf 90' lang='lat' dir='ltr'>non</span> <span class='ocrx_word' id='word_1_546' title='bbox 1455 5396 1597 5473; x_wconf 90' lang='lat' dir='ltr'>operuit,</span> <span class='ocrx_word' id='word_1_547' title='bbox 1623 5398 1752 5459; x_wconf 83' lang='lat' dir='ltr'>exstitit</span> <span class='ocrx_word' id='word_1_548' title='bbox 1763 5397 1875 5458; x_wconf 87' lang='lat' dir='ltr'>male·</span> 
     </span>
     <span class='ocr_line' id='line_1_54' title="bbox 233 5482 1876 5570; baseline 0.004 -27"><span class='ocrx_word' id='word_1_549' title='bbox 233 5484 290 5543; x_wconf 90' lang='lat' dir='ltr'>tur</span> <span class='ocrx_word' id='word_1_550' title='bbox 302 5482 437 5551; x_wconf 88' lang='lat' dir='ltr'>rationi,</span> <span class='ocrx_word' id='word_1_551' title='bbox 451 5482 511 5544; x_wconf 87' lang='lat' dir='ltr'>filii</span> <span class='ocrx_word' id='word_1_552' title='bbox 527 5485 766 5560; x_wconf 83' lang='lat' dir='ltr'>praeponuntur</span> <span class='ocrx_word' id='word_1_553' title='bbox 780 5507 788 5544; x_wconf 75' lang='grc' dir='ltr'><strong>ι</strong></span> <span class='ocrx_word' id='word_1_554' title='bbox 804 5486 852 5547; x_wconf 88' lang='lat' dir='ltr'>sic</span> <span class='ocrx_word' id='word_1_555' title='bbox 864 5487 954 5551; x_wconf 87' lang='lat' dir='ltr'>enim</span> <span class='ocrx_word' id='word_1_556' title='bbox 966 5489 1029 5550; x_wconf 90' lang='lat' dir='ltr'>tri·</span> <span class='ocrx_word' id='word_1_557' title='bbox 1082 5491 1202 5565; x_wconf 91' lang='lat' dir='ltr'>dictus,</span> <span class='ocrx_word' id='word_1_558' title='bbox 1226 5508 1291 5570; x_wconf 85' lang='lat' dir='ltr'>qua</span> <span class='ocrx_word' id='word_1_559' title='bbox 1317 5493 1593 5555; x_wconf 88' lang='lat' dir='ltr'>condemnatione</span> <span class='ocrx_word' id='word_1_560' title='bbox 1615 5496 1695 5556; x_wconf 88' lang='lat' dir='ltr'>sunt</span> <span class='ocrx_word' id='word_1_561' title='bbox 1713 5493 1806 5570; x_wconf 81' lang='lat' dir='ltr'>digni</span> <span class='ocrx_word' id='word_1_562' title='bbox 1822 5491 1876 5569; x_wconf 80' lang='lat' dir='ltr'>qui</span> 
     </span>
     <span class='ocr_line' id='line_1_55' title="bbox 234 5577 1876 5666; baseline 0.006 -29"><span class='ocrx_word' id='word_1_563' title='bbox 234 5577 383 5640; x_wconf 85' lang='lat' dir='ltr'>buendus</span> <span class='ocrx_word' id='word_1_564' title='bbox 398 5579 448 5641; x_wconf 91' lang='lat' dir='ltr'>est</span> <span class='ocrx_word' id='word_1_565' title='bbox 469 5578 578 5640; x_wconf 90' lang='lat' dir='ltr'>honor</span> <span class='ocrx_word' id='word_1_566' title='bbox 589 5579 750 5656; x_wconf 87' lang='lat' dir='ltr'>patribus,</span> <span class='ocrx_word' id='word_1_567' title='bbox 767 5582 803 5643; x_wconf 91' lang='lat' dir='ltr'>nt</span> <span class='ocrx_word' id='word_1_568' title='bbox 817 5586 929 5645; x_wconf 89' lang='lat' dir='ltr'>tamen</span> <span class='ocrx_word' id='word_1_569' title='bbox 948 5588 1027 5662; x_wconf 85' lang='lat' dir='ltr'>jus·</span> <span class='ocrx_word' id='word_1_570' title='bbox 1082 5590 1299 5651; x_wconf 84' lang='lat' dir='ltr'>contumelias</span> <span class='ocrx_word' id='word_1_571' title='bbox 1320 5590 1467 5651; x_wconf 89' lang='lat' dir='ltr'>inferunt</span> <span class='ocrx_word' id='word_1_572' title='bbox 1497 5589 1646 5666; x_wconf 88' lang='lat' dir='ltr'>patribus</span> <span class='ocrx_word' id='word_1_573' title='bbox 1668 5589 1876 5651; x_wconf 75' lang='lat' dir='ltr'>animarum!</span> 
     </span>
    </p>
   </div>
   <div class='ocr_carea' id='block_1_23' title="bbox 0 0 1970 6199">
    <p class='ocr_par' dir='ltr' id='par_1_25' title="bbox 0 0 1970 6199">
     <span class='ocr_line' id='line_1_56' title="bbox 0 0 1970 6199; baseline 0 0"><span class='ocrx_word' id='word_1_574' title='bbox 0 0 1970 6199; x_wconf 95' lang='lat' dir='ltr'> </span> 
     </span>
    </p>
   </div>
  </div>
 </body>
</html>
