3916 6204
204 334 264 397 5⁸23
823 334 998 397 HONORII
1022 337 1066 397 111
1088 336 1235 397 OPERA·
1693 416 1701 423 .
1778 340 1828 402 52⁴

204 493 356 556 omnibus
368 488 575 570 pertinentiis
586 494 672 567 suls3
689 490 865 557 ecclesiam
878 498 910 557 S.
929 496 996 557 bla-
1049 499 1164 559 Amen.
1180 499 1297 560 Datum
1312 497 1484 568 Laterani,
1499 512 1559 573 per
1570 512 1704 557 manum
1716 499 1830 574 magis

203 593 298 662 rinae,
311 607 386 652 cum
401 589 553 651 omnibus
567 592 777 667 pertinentiis
790 592 877 667 suis;
894 593 996 654 eccle-
1050 596 1093 655 tri
1113 594 1284 661 (luidonis,
1299 593 1423 656 domini
1440 609 1535 671 papae
1545 593 1828 664 notariivllllia·

203 689 287 749 siam
304 690 336 749 S.
346 688 446 759 Tircl,
456 687 993 764 curnomnibuspertinentiissuis;
1050 691 1164 752 lendas
1178 691 1348 762 februarii,
1364 690 1544 752 indictione
1558 692 1615 762 XI,
1633 692 1831 754 lncamatio-

203 785 377 847 ecclesiam
394 787 427 845 S.
443 784 578 845 Martini
596 785 637 845 de
653 785 777 854 Graial,
794 801 868 846 cum
884 787 994 846 omni·
1050 789 1103 849 nis
1123 790 1302 850 Dominicae
1325 804 1413 849 anno
1431 790 1525 859 1223,
1542 787 1829 865 pontificatusveru

201 883 262 944 bus
286 883 496 960 pertinentiis
520 882 605 957 suis3
633 883 746 943 villam
768 882 809 944 de
828 882 992 955 Cambria,

201 980 438 1041 crrnromnibus
459 980 668 1057 pertinentiis
693 980 782 1053 suis3
806 980 938 1042 domum
953 980 994 1040 de

201 1077 354 1154 Pradeja,
382 1093 456 1138 cum
485 1076 635 1138 omnibus
662 1077 871 1153 pertinentiis
901 1076 992 1150 suis3

200 1177 315 1237 domos
325 1192 407 1252 quas
422 1174 551 1236 bebetis
562 1175 596 1234 in
612 1174 762 1245 Carrion,
776 1178 809 1235 et
824 1174 860 1234 iu
874 1175 992 1249 Burgis

199 1275 234 1335 in
260 1273 387 1335 duobus
413 1273 494 1334 locis
518 1288 594 1333 cum
617 1270 768 1333 omnibus
783 1272 992 1347 pertinentiis

199 1371 289 1445 suis3
317 1370 506 1431 molendina
531 1370 571 1430 de
599 1368 784 1430 Palaciolos
799 1369 994 1430 cumdomi-

198 1467 271 1539 bus,
293 1468 410 1539 bortis,
433 1467 553 1537 vineis,
581 1466 707 1542 campis
732 1467 766 1527 ei
788 1466 865 1527 aliis
889 1466 994 1542 perti-

198 1564 413 1639 nentiissuis3
429 1564 635 1626 territorium
647 1563 863 1640 quoddicitur
871 1563 992 1624 civitas

197 1664 291 1724 Oliva
304 1678 378 1723 cum
396 1661 549 1722 omnibus
564 1661 774 1738 pertinentiis
790 1661 881 1734 snis3
896 1661 990 1738 quid·

195 1758 273 1835 quid
289 1757 419 1818 habetis
433 1758 468 1817 ln
482 1756 565 1817 villa
584 1756 710 1828 Murrio,
725 1756 760 1817 in
771 1755 941 1818 Astndielo
958 1761 992 1818 st

196 1858 229 1917 in
246 1855 359 1932 Grajal
371 1856 451 1916 etin
466 1853 684 1915 Valleboniel.

204 1983 209 1995 ·
237 1956 323 2014 Sane
350 1951 499 2013 laborum
522 1952 720 2021 vestrorum,
742 1965 824 2027 quos
846 1950 990 2027 propriis

196 2050 359 2121 manibus,
376 2052 434 2111 aut
459 2048 645 2126 sumptibus
662 2048 783 2119 colitis,
800 2047 841 2109 de
858 2062 991 2125 posses-

195 2148 344 2209 sionibus
375 2147 498 2209 babitis
522 2147 599 2207 ante
620 2146 804 2207 Concilium
819 2145 987 2221 generale,

195 2247 268 2307 sive
281 2247 321 2305 de
332 2244 448 2314 bortis,
466 2246 499 2305 et
519 2243 684 2318 virgultis,
701 2244 734 2305 et
749 2240 989 2320 piscationibus

193 2344 325 2413 vestris,
340 2342 392 2402 vel
410 2342 450 2401 de
465 2340 676 2402 nutrimentis
699 2340 894 2400 animalium
913 2356 991 2400 ves-

194 2442 332 2510 trorum,
361 2439 418 2499 aut
443 2438 543 2498 etiam
566 2437 606 2497 de
630 2437 821 2508 novalibus,
836 2436 989 2497 nullusa

193 2537 288 2599 vobis
307 2537 453 2597 decimas
468 2534 614 2611 exigere,
628 2533 680 2594 vel
691 2537 890 2611 extorquere
902 2550 990 2611 prae-

194 2636 313 2695 sumat.
337 2635 452 2694 Liceat
470 2631 565 2694 vobis
580 2631 732 2703 clericos,
748 2631 801 2693 vel
815 2631 928 2703 laicos,
943 2632 989 2691 ll·

193 2733 291 2793 beros
315 2735 348 2792 et
367 2730 548 2801 absolutos,
572 2745 590 2790 θ
614 2730 737 2807 saeculo
752 2727 929 2804 fugientes,
945 2728 988 2789 ad

193 2828 444 2890 conversionem
460 2827 621 2904 recipere,
645 2828 678 2888 et
696 2841 754 2888 eos
769 2826 893 2903 absque
907 2842 989 2887 con-

196 2927 394 2989 tradictione
415 2926 528 3001 aliqua
549 2924 706 2986 retinere.
728 2924 881 2985 chrisma
894 2938 986 2994 vero,

193 3026 301 3086 oleum
329 3025 499 3090 sanctum,
529 3022 798 3083 consecrationes
830 3021 987 3083 altarium

192 3135 252 3181 seu
263 3119 489 3190 basilicarum,
520 3117 747 3179 ordinationes
775 3116 985 3187 clericorum,

193 3222 225 3278 et
249 3216 487 3277 monachorum
510 3216 710 3285 vestrorum,
735 3229 755 3275 a
779 3229 987 3291 quocumque

193 3314 379 3376 malueritis
403 3312 591 3389 suscipietis
614 3312 780 3389 episcopo,
803 3310 986 3388 siquidem

193 3411 377 3474 catholicus
399 3409 499 3471 buerit
518 3410 551 3470 et
567 3410 709 3483 gratiam
725 3409 823 3485 atque
838 3422 987 3470 commu-

192 3509 325 3569 nionem
351 3506 666 3582 apostolicaesedis
693 3504 859 3576 babuerit,
890 3507 924 3566 et
946 3520 986 3565 ea

189 3606 305 3682 gratis,
321 3605 354 3666 et
375 3602 501 3681 absque
513 3602 677 3679 pravitate
691 3602 836 3665 voluerit
854 3602 982 3678 imper-

191 3704 259 3765 tiri.
274 3702 487 3779 sepulturam
503 3715 633 3777 quoque
647 3698 741 3760 vobis
761 3699 898 3761 liberam
912 3714 986 3760 esse

189 3796 985 3871 concedimus,uteorumdevotioni,etextremae

189 3893 982 3974 voluntati,quiseillicsepelirideliberaverint,

188 3996 254 4057 nisi
265 3996 350 4057 torte
360 3993 651 4059 excommunicati,
665 3992 718 4054 vel
730 3990 900 4054 interdicti
917 3991 986 4052 lue

188 4094 267 4164 rint,
291 4092 403 4152 nullus
427 4090 584 4151 obsistat:
605 4090 699 4150 salva
720 4090 831 4150 tamen
853 4088 984 4165 justitia

188 4189 323 4250 illarum
345 4187 575 4257 ecclesiarum,
604 4185 760 4264 aquibus
778 4188 984 4247 mortuorum

189 4302 330 4363 corpora
356 4286 587 4346 assumuntur.
609 4283 825 4345 Decernimus
848 4299 928 4359 ergo
950 4285 986 4344 ut

190 4384 274 4445 nvrlli
296 4382 431 4444 omnino
457 4381 628 4442 bominum
657 4381 758 4442 liceat
789 4381 983 4457 praedictum

188 4479 428 4543 monasterinm
453 4483 578 4541 temere
604 4477 799 4556 perturbare
828 4480 887 4540 aut
912 4481 985 4555 ejus

186 4578 414 4658 possessiones
434 4576 577 4646 auferre,
602 4576 657 4637 vel
672 4574 801 4637 ablatas
825 4575 981 4642 retinere,

188 4678 348 4746 minuere,
363 4690 423 4735 sen
442 4671 642 4752 quibuslibet
657 4671 890 4735 vexationibus
904 4672 984 4735 sati-

188 4790 280 4852 gare,
297 4773 354 4834 sed
376 4772 489 4834 omnia
504 4770 633 4832 illibata
648 4770 681 4832 et
700 4770 830 4845 integra
847 4784 984 4830 conser-

186 4872 306 4934 ventur
318 4885 444 4940 eorum,
456 4884 517 4946 pro
532 4883 672 4945 quorum
683 4862 924 4943 gubernatione
943 4883 983 4929 ac

187 4967 427 5032 sustentatione
453 4979 611 5028 concessa
633 4965 708 5026 sunt
735 4963 851 5026 usibus
870 4965 982 5025 omni-

187 5067 293 5129 modis
316 5064 500 5143 prolutura,
531 5061 626 5123 salva
661 5061 756 5123 Sedis
783 5060 982 5138 apostolicae

187 5165 396 5227 auctoritate.
418 5162 454 5223 Si
467 5176 532 5237 qua
542 5160 645 5236 igitur
659 5159 695 5219 in
715 5157 862 5219 futurum
876 5159 984 5220 eccle·

188 5263 336 5333 siastica,
352 5260 414 5321 etc.
431 5257 565 5319 Cunctis
582 5258 693 5317 autem
710 5256 816 5317 eidem
836 5256 909 5317 loco
922 5272 982 5317 sua

141 5392 145 5397 ·
186 5363 263 5436 jura
278 5356 490 5420 servantibus
504 5354 548 5416 sit
562 5370 628 5430 pax
641 5354 771 5414 Domini
783 5354 889 5414 nostri
902 5355 982 5416 iesu

191 5457 324 5524 Christi,
344 5457 505 5532 quatenus
521 5453 554 5514 et
573 5452 628 5513 bic
659 5451 801 5512 fructum
817 5450 912 5511 bonae
926 5467 984 5511 ac-

189 5554 288 5614 tionis
311 5552 507 5629 percipiant,
532 5552 566 5612 et
586 5548 673 5626 apud
692 5547 878 5610 districtum
890 5546 983 5624 jndi-

188 5665 257 5711 “ern
272 5649 407 5725 praemia
419 5650 551 5709 aeternae
563 5646 655 5724 pacis
665 5646 848 5707 inveniant.
864 5650 979 5707 Anien.

692 6070 823 6168 Ἃ

1049 887 1174 949 domini
1190 886 1331 948 Honoril
1345 887 1628 948 111annooctavo.

1402 1142 1487 1227 cxl

1200 1297 1252 1355 Act
1267 1296 1467 1355 Anzbtancn.
1484 1295 1691 1367 episcopum.

1308 1424 1483 1498 adjacuerit
1503 1423 1582 1481 lant.

1063 1548 1183 1611 [nonest.
1193 1547 1238 1598 lib.
1252 1547 1319 1605 vul,
1332 1547 1405 1612 epist.
1416 1546 1472 1596 223.
1485 1548 1544 1597 ldae.
1558 1547 1676 1597 laaPorte
1686 1545 1722 1596 du
1732 1546 1819 1610 Titii]

1046 1670 1163 1731 Mandat
1176 1679 1207 1729 ut
1220 1672 1382 1729 cessionem
1402 1669 1512 1728 abbatis
1522 1671 1550 1728 S.
1563 1670 1697 1728 Fusciam
1712 1670 1828 1743 recipin

1086 1807 1263 1877 Honorius,
1289 1808 1365 1878 etc,
1394 1805 1577 1867 venerabili
1598 1805 1733 1868 fratri...
1761 1810 1829 1867 Am·

1044 1906 1178 1968 bianen.
1201 1905 1367 1982 episcopo,
1381 1904 1533 1975 salutem,
1548 1906 1610 1965 eto.

1085 2003 1231 2064 Dilectus
1251 2002 1377 2063 illius...
1401 2001 1503 2063 abbas
1539 2002 1655 2063 Sancti
1681 2001 1828 2063 Fusciani

1045 2117 1104 2161 sna
1129 2101 1224 2162 nobis
1250 2099 1476 2162 insinuatione
1508 2099 1728 2170 monstravit,
1752 2098 1828 2175 quod

1045 2215 1144 2274 quum
1161 2197 1248 2258 idem
1259 2199 1394 2274 propter
1407 2196 1534 2274 proprii
1551 2196 1672 2256 molem
1688 2195 1828 2272 corporis

1044 2297 1076 2355 et
1089 2293 1305 2355 incurabilem
1321 2293 1563 2369 aegritudinem
1583 2308 1649 2369 qua
1664 2294 1826 2368 metatur,

1044 2408 1171 2453 necnon
1182 2392 1317 2469 propter
1331 2390 1550 2463 incommode,
1567 2406 1641 2467 quae
1657 2389 1766 2467 ipsum
1775 2390 1830 2449 cir·

1044 2489 1267 2561 cumveniunt,
1306 2488 1497 2559 senectutis,
1536 2488 1751 2550 commissum
1773 2486 1828 2546 sibi

1044 2587 1281 2648 monasterium
1300 2589 1371 2664 jam
1398 2602 1464 2647 non
1485 2585 1596 2647 valeat
1617 2584 1746 2646 utiliter
1770 2600 1828 2660 gn-
1930 2612 1931 2673 3

1042 2682 1194 2754 bernare,
1221 2685 1274 2755 tu,
1302 2683 1355 2743 cui
1375 2682 1499 2744 dictum
1521 2682 1763 2744 monasterium
1785 2681 1829 2742 est

1043 2782 1238 2859 subjectum,
1250 2780 1436 2843 cessionem
1450 2796 1543 2841 suam
1560 2796 1648 2857 saepe
1663 2780 1829 2840 humiliter

1042 2879 1223 2957 requisitus
1245 2879 1405 2955 recipere,
1427 2877 1637 2939 contradicis.
1660 2877 1754 2938 Unde
1767 2876 1827 2936 bu·

1043 2976 1166 3037 militer
1181 2976 1361 3053 postulavit
1378 2991 1398 3036 a
1418 2974 1513 3037 nobis
1532 2976 1568 3036 ut
1591 2990 1650 3051 per
1668 2975 1702 3035 te
1717 2973 1828 3035 cessio

1043 3091 1120 3135 nem
1131 3074 1236 3152 ipsius
1247 3074 1350 3150 recipi
1366 3076 1398 3135 et
1412 3072 1591 3150 provideri,
1607 3071 1752 3150 qualiter
1764 3087 1826 3131 suae
1928 3144 1930 3155 ⁴

1042 3171 1256 3233 subveniatur
1269 3170 1462 3247 indigentiae
1482 3170 1728 3230 mandaremus
1743 3171 1826 3240 Quo-

1042 3270 1131 3331 circa
1144 3268 1344 3330 fraternitati
1357 3269 1422 3330 tuae
1435 3284 1495 3345 per
1508 3266 1699 3345 apostolica
1712 3264 1827 3343 scripta

1042 3367 1239 3428 mandamus
1255 3372 1429 3443 quatenus,
1453 3366 1482 3426 si
1495 3367 1546 3427 est
1570 3365 1628 3437 ita,
1649 3365 1826 3426 cessionem

1042 3465 1147 3541 ipsius
1160 3463 1314 3541 recipias,
1333 3466 1366 3526 et
1387 3464 1418 3525 ei
1441 3479 1501 3539 pro
1517 3462 1758 3524 sustentatione
1771 3475 1825 3521 sua

1040 3560 1145 3622 facias
1169 3561 1209 3621 de
1230 3560 1327 3622 bonis
1346 3559 1493 3637 ejusdem
1513 3559 1726 3631 monasterii,
1746 3558 1826 3619 sicut

1041 3654 1823 3736 expedirevideris,providerebatumbaterani,
1929 3704 1930 3707 ,

1041 3758 1101 3817 Vll
1113 3755 1274 3816 kalendas
1289 3754 1461 3823 februarii,
1477 3770 1565 3816 anno
1585 3755 1712 3816 octavo.

1381 4032 1488 4118 CXII

1130 4185 1182 4243 Ad
1205 4183 1402 4253 diacorum,
1418 4197 1539 4257 repom
1554 4185 1735 4245 Boltemtcc.

1303 4313 1338 4370 27
1350 4311 1473 4385 januarii
1487 4310 1567 4369 ital.

1111 4426 1242 4491 [Theium
1255 4428 1369 4478 Menum.
1385 4426 1508 4485 Poloniaa,
1519 4430 1538 4476 t.
1550 4429 1572 4485 l,
1583 4443 1608 4492 p.
1621 4427 1659 4486 lt,
1671 4442 1696 4478 u.
1707 4427 1755 4492 aa]

1040 4553 1132 4625 Roget
1142 4550 1303 4608 etbortatnr
1311 4565 1410 4623 regern
1419 4549 1575 4620 Bobemiae,
1585 4560 1615 4609 ut
1624 4551 1818 4624 possessiones,

1073 4654 1145 4712 ques
1166 4639 1294 4696 marcbio
1321 4640 1456 4697 bioraviie
1471 4640 1601 4697 ecclesiae
1617 4638 1818 4702 vratislavieusi
1928 4642 1929 4679 i

1074 4728 1211 4785 violenter
1226 4727 1390 4797 abstulerat,
1403 4726 1497 4785 eidem
1509 4728 1618 4786 restitui
1630 4737 1718 4786 curet.

1079 4863 1248 4924 Honorius
1257 4861 1569 4940 episcopusservus
1578 4861 1816 4929 servorumbei,
1928 4866 1929 4883 ¹

1038 4960 1213 5021 carissimo
1230 4959 1266 5020 in
1292 4959 1423 5022 Christo
1438 4959 1506 5020 illio
1510 5002 1589 5020 ......
1610 4959 1733 5022 illustri
1757 4955 1819 5032 rasti

1037 5057 1225 5128 Bobemiae‚
1252 5057 1392 5118 salutem
1416 5058 1450 5119 et
1471 5052 1698 5133 apostolicam
1724 5056 1818 5118 bene·

1037 5155 1227 5217 dictionem.
1575 5226 1580 5232 .

1077 5253 1162 5314 Olim
1177 5250 1361 5313 venerabili
1379 5250 1481 5313 fratre
1498 5253 1648 5313 nostro...
1667 5249 1819 5313 vratisla-

1037 5350 1142 5411 viensi
1163 5351 1319 5425 episcopo
1340 5350 1529 5424 accepimus
1548 5349 1722 5412 intimante
1742 5345 1817 5425 quod

1036 5448 1137 5508 clarae
1173 5446 1379 5508 memoria...
1424 5446 1574 5506 marchio
1608 5444 1816 5508 Moraviensis

1036 5546 1264 5622 possessiones
1280 5543 1440 5620 quasdam
1453 5543 1602 5605 ecclesiae
1615 5561 1696 5616 suaa,
1712 5544 1745 5605 iu
1757 5539 1818 5619 qui·

1035 5645 1096 5706 bus
1121 5643 1195 5704 aori
1210 5640 1330 5703 fodinae
1348 5640 1543 5707 consistunt,
1558 5656 1618 5717 per
1637 5639 1816 5703 violentiam
