4014 6224
181 350 222 416 ta
796 353 973 417 HONORII
993 355 1040 416 111
1060 356 1209 419 OPERA.
1783 353 1826 415 80

184 514 259 593 quis
267 512 355 577 ultra
365 513 448 576 duas
460 512 577 577 diaetas
586 512 681 576 extra
695 526 791 575 suani
803 513 975 577 dioecesim
1029 514 1101 587 Dei,
1117 513 1248 577 dilectis
1269 514 1349 577 illlis
1369 515 1456 593 ling.
1477 511 1768 594 archipresbytero
1788 515 1823 578 et

185 627 245 689 per
266 612 395 675 litteras
414 610 622 689 apostolicas
645 611 687 672 ad
704 610 869 689 judicium
886 611 976 674 trabi
1030 612 1199 673 canonicis
1222 610 1371 674 basilica
1394 613 1555 690 principis
1575 613 1820 690 Apostolorum,

181 709 297 787 possit.
321 710 439 771 Datum
466 708 632 780 Laterani,
655 711 733 769 XIII
755 708 917 769 kalendas
929 707 976 769 ie·
1029 707 1168 769 salutem
1181 707 1214 769 et
1228 709 1446 785 apostolicam
1459 709 1735 771 benedictionem.
1751 711 1821 770 De·

182 804 323 875 bruarii,
337 807 547 884 pontificatus
565 806 670 867 nostri
685 821 773 868 anno
787 807 893 868 sexto.
1028 802 1136 865 rivata
1154 804 1189 865 iii
1203 820 1265 867 nos
1280 804 1322 867 ab
1341 807 1573 883 Apostolorum
1592 806 1743 884 principe
1761 820 1823 882 per

1029 900 1134 977 ipsius
1148 902 1267 965 merita
1277 897 1450 980 potestatis
1462 903 1696 966 ecclesiasticae
1710 902 1823 980 pleni·

1027 997 1154 1071 tudine,
1171 1001 1204 1061 et
1217 1001 1421 1077 apostolatus
1442 1001 1653 1063 successione
1672 1015 1739 1061 non
1758 1014 1821 1061 ra-

498 1091 663 1179 XCVHI
1027 1094 1118 1156 tione
1139 1095 1250 1156 carnis
1273 1112 1333 1173 per
1350 1096 1529 1169 hominem,
1546 1097 1603 1158 sed
1625 1112 1685 1174 per
1702 1099 1820 1169 Deum,

1028 1190 1134 1268 ipsius
1144 1192 1253 1267 gratia
1268 1192 1415 1269 legitima
1426 1194 1615 1269 procurata,
1626 1192 1715 1255 inter
1726 1194 1824 1255 caete·

1028 1303 1083 1348 ras
1104 1286 1344 1351 sollicitudines
1366 1289 1476 1351 cordis
1491 1290 1608 1362 nostri,
1628 1292 1662 1351 et
1677 1305 1824 1367 occupa·

447 1372 614 1445 idjannaili
631 1372 710 1430 1²²²·
1027 1383 1135 1459 tiones
1146 1383 1266 1461 quibus
1276 1385 1411 1447 assidua
1420 1385 1612 1463 premimur,
1623 1386 1735 1463 utpote
1744 1387 1823 1464 qul-

206 1497 381 1563 [Recessim.
394 1497 438 1556 vi,
448 1496 523 1561 epist.
533 1495 589 1546 soa.
600 1497 658 1547 iis.
672 1496 709 1547 ia
717 1496 796 1546 rora
809 1494 845 1545 iu
855 1494 949 1560 rim]
1028 1478 1089 1540 bus
1099 1480 1289 1543 sollicitudo
1300 1482 1532 1544 universarum
1541 1481 1759 1544 ecclesiarum
1767 1483 1824 1544 iii·

180 1621 373 1692 Quorumdam
394 1620 554 1678 reddituum
573 1619 731 1677 dIstributio
757 1619 904 1678 canonicis
924 1634 974 1692 pro
1028 1576 1161 1650 ΜΨ
1181 1578 1223 1639 ad
1244 1578 1472 1690 h⁰n⁰¹saff¹d⁸m
1491 1578 1640 1689 ejuffdffm
1660 1579 1822 1690 pri¹¹⁰ipi⁸

214 1709 406 1767 celebratione
433 1710 584 1766 missarum
614 1706 787 1782 approbatur
815 1715 843 1765 et
868 1706 972 1765 contir-
1027 1673 1258 1751 Aposwlfflm
1278 1675 1452 1738 mmm
1476 1676 1667 1754 8ΡθθῑᾶῙῙιθῩ
1687 1692 1748 1739 ¹¹⁰⁸
1767 1693 1823 1738 ¹¹¹·

215 1805 319 1857 mmm·
1029 1771 1153 1834 ducunt
1173 1773 1209 1834 ut
1230 1789 1305 1834 cum
1325 1773 1491 1851 Propheta
1514 1774 1695 1851 psallamus
1718 1795 1726 1835 ε
1751 1779 1824 1838 Do-

1026 1872 1131 1943 mine,
1143 1872 1251 1932 ditem
1263 1873 1423 1932 decorem
1433 1873 1555 1932 domim
1571 1872 1650 1944 tua,
1664 1873 1698 1934 et
1709 1877 1822 1934 meum

1027 1965 1238 2028 tabernaculi
1247 1969 1456 2043 perlatae.
1473 1970 1559 2029 Sane
1569 1983 1644 2029 cum
1659 1969 1821 2031 Dominus

1027 2063 1139 2126 noster
1152 2064 1188 2125 in
1207 2062 1304 2126 beato
1318 2065 1428 2137 Petro,
1452 2066 1507 2126 cui
1525 2079 1586 2126 nos
1605 2065 1684 2127 licet
1700 2066 1823 2127 imme-

1027 2160 1109 2222 ritos
1124 2160 1297 2223 constituit
1310 2162 1575 2234 successores,in
1590 2162 1821 2239 spiritualibus

1027 2258 1212 2333 praetulerit
1228 2258 1405 2330 universis,
1416 2258 1449 2321 et
1457 2258 1632 2320 ecclesiam
1644 2260 1680 2320 in
1692 2262 1823 2336 tempo-

181 2413 297 2475 clinati
337 2410 585 2474 concessionem
610 2411 826 2488 quorumdam
856 2408 972 2470 reddi·
1026 2353 1152 2463 rafim?
1168 2355 1268 2416 etiam
1288 2355 1751 2465 dfflamst’convemenffffise
1766 2356 1822 2467 ᾧ

180 2513 286 2578 tuum,
297 2457 379 2587 duos
393 2508 488 2570 vohis
502 2508 589 2569 idem
604 2509 779 2584 episcopus
791 2506 974 2582 assignavit
1026 2452 1209 2526 gnosmur'
1229 2454 1265 2514 ut
1286 2451 1393 2512 omem
1415 2450 1513 2513 beaw
1531 2454 1629 2514 Petro
1650 2468 1686 2513 m
1709 2452 1818 2526 Μὴ

290 2608 295 2619 .
353 2607 359 2619 .
424 2606 431 2618 .
578 2606 585 2618 .
813 2603 851 2617 ,,
964 2603 970 2615 ,
1027 2547 1093 2609 imo
1112 2548 1290 2609 Christoin
1308 2564 1359 2620 eo,
1379 2549 1435 2626 qui
1452 2548 1548 2610 nobis
1568 2549 1722 2612 exhibuit
1742 2550 1822 2610 uni-

177 2624 239 2685 pro
266 2608 499 2669 distributione
522 2605 674 2689 iacienda
701 2619 883 2676 canonicis,
916 2619 973 2680 qui
1025 2660 1135 2717 versa,
1155 2645 1218 2707 etsi
1242 2646 1417 2717 modicum,
1440 2646 1552 2708 tamen
1571 2646 1698 2724 aliquid
1718 2647 1822 2709 retri-

176 2704 365 2766 intererunt
382 2702 599 2765 celebrationi
618 2702 807 2774 missarum,
824 2716 907 2778 quas
921 2699 973 2810 bis
1025 2740 1127 2803 hum
1150 2743 1352 2816 studeamus,
1372 2742 1528 2805 affectum
1548 2745 1698 2805 nostrum
1712 2744 1747 2804 in
1769 2742 1821 2805 ef·

178 2802 213 2864 tii
233 2802 375 2911 singulis
399 2801 603 2877 septimanis,
629 2799 777 2876 exceptis
801 2798 972 2909 Passionis
1026 2838 1146 2901 fectum
1165 2839 1336 2901 humiliter
1354 2840 1593 2917 producentem
1614 2840 1749 2916 dignum
1769 2842 1822 2903 ost

177 2900 370 2970 Dominicis,
388 2898 537 2970 Paschae,
559 2897 772 2959 Pentecostes
791 2898 825 2957 et
842 2894 972 2957 Natalis
1026 2937 1150 2997 etenim
1170 2937 1206 2998 ut
1226 2936 1304 3014 quia
1318 2937 1422 2997 variis
1438 2939 1543 3013 pressi
1565 2936 1719 3013 negotiis,
1740 2937 1819 2999 dum

176 2996 320 3069 Dfflfflssi'
344 3011 403 3074 pm
425 3012 464 3058 ⁰⁰
487 2994 658 3057 celebmoe
681 2996 854 3065 memmi
876 2994 909 3054 et
930 3009 972 3054 ¹¹⁸
1026 3031 1116 3092 circa
1143 3031 1272 3109 lapsum
1298 3032 1471 3108 religionis
1493 3030 1589 3093 nobis
1613 3033 1820 3109 propositum

177 3094 278 3156 etiam
293 3094 350 3172 qui
369 3092 601 3154 anniversario
619 3094 691 3169 ejus
712 3091 899 3152 Intereruiit
914 3106 972 3151 ce·
1025 3108 1060 3188 in
1087 3128 1206 3190 melius
1231 3127 1480 3190 reformandum
1505 3129 1717 3202 intendimus,
1740 3128 1819 3190 dum

176 3191 348 3264 lebrando‚
366 3192 453 3252 sicut
468 3191 541 3252 siiie
555 3190 732 3266 pravitate,
753 3187 902 3266 provide,
918 3187 972 3264 pie
989 3244 992 3253 .

356 3289 362 3300 .
701 3282 737 3299 ,.
911 3284 950 3297 ,,
1021 3225 1162 3302 Justitiae
1177 3225 1382 3289 consulimus
1395 3241 1640 3302 oppressorum,
1656 3225 1733 3288 dum
1747 3224 1820 3286 sin·

176 3308 217 3355 ac
244 3304 404 3353 canonice
428 3288 514 3350 iacta
543 3288 605 3353 est,
635 3287 668 3348 et
700 3301 735 3346 iii
768 3285 971 3346 authenticis
1025 3321 1177 3398 morum
1223 3321 1520 3384 consultationibus
1565 3321 1817 3399 respondemus,

176 3389 297 3451 exinde
319 3384 477 3447 coniectis
499 3384 630 3461 plenius
650 3382 841 3444 conlimatur
855 3384 972 3442 aucto-
1025 3419 1103 3483 dum
1130 3419 1172 3480 ad
1199 3419 1446 3481 reformandam
1471 3419 1559 3481 inter
1591 3419 1819 3481 discordantes

177 3487 277 3548 ritate
298 3481 487 3560 Ap⁰⁸t⁰¹¹⁰³
510 3480 755 3551 emmam
772 3480 805 3541 ⁰t
825 3492 973 3555 praesen‘
1024 3517 1117 3593 pacis
1144 3516 1366 3587 concordiam,
1397 3518 1431 3576 et
1453 3531 1513 3593 pro
1536 3516 1678 3577 diversis
1709 3512 1821 3578 eccle-

176 3584 220 3645 tis
245 3579 360 3657 scripti
389 3577 574 3657 patrocinio
602 3576 854 3638 communimus.
880 3575 971 3636 Nulli

178 3696 268 3757 erpa,
279 3680 354 3750 etc„
368 3678 489 3738 nostrae
500 3673 761 3736 confirmationis
777 3673 968 3749 infringere.

181 1245 234 1304 Ad
247 1244 416 1305 decanam
430 1242 464 1305 et
482 1243 671 1318 capitulam
690 1240 972 1305 silvanectenses.

220 1924 399 1996 HonorinS,
423 1925 500 1997 etc,
525 1923 657 1987 dilectIs
685 1921 763 1984 dliIs
790 1921 915 1984 decano
941 1922 974 1982 et

179 2023 324 2100 capitulo
342 2023 562 2084 Silvanectes.

217 2123 237 2183 J
240 2120 323 2182 ustis
336 2120 529 2196 petenham,
546 2120 608 2180 etc.
631 2120 677 2179 Ea
693 2117 840 2195 propter,
861 2116 973 2178 dilecti

178 2218 215 2279 iii
230 2219 368 2279 Domino
385 2217 456 2288 lilii,
473 2214 676 2277 venerabilis
695 2214 810 2276 fratris
829 2215 971 2276 nostri...

180 2316 403 2379 Silvanectes.
417 2314 565 2391 episcopi
578 2313 610 2375 et
623 2313 745 2376 vestris
760 2311 913 2390 precibus
926 2311 974 2372 in·

1025 3614 1149 3674 siarum
1171 3614 1204 3673 et
1222 3613 1470 3691 provinciarum
1493 3608 1747 3675 necessitatibus
1768 3613 1821 3675 Ie-

1024 3712 1118 3786 gatos
1143 3725 1164 3770 a
1187 3710 1293 3772 latere
1315 3710 1430 3771 nostro
1461 3709 1647 3786 dirigimus,
1675 3710 1753 3773 dum
1777 3709 1819 3772 de

179 3780 213 3840 Si
230 3777 303 3856 quis
314 3777 435 3847 autem,
453 3774 514 3835 etc.
526 3772 645 3835 Datum
657 3770 825 3841 Laterani,
837 3769 972 3878 tilllia·
1026 3810 1125 3869 tm
1162 3807 1341 3869 orientalis
1377 3806 1593 3869 subventione
1623 3822 1817 3884 pensamus,

177 3875 295 3938 lendas
318 3870 491 3944 februarii,
516 3868 729 3949 pontificatus
752 3868 859 3930 nostri
881 3882 971 3928 anno

176 3973 284 4035 ⁸⁰¹t0·
1024 4000 1150 4077 sequiis
1179 3999 1390 4077 frequentare
1426 4014 1494 4060 non
1531 4014 1718 4076 possumus,
1752 3999 1820 4061 ali-

1025 4096 1143 4175 quibus
1156 4096 1363 4157 munusculis
1377 4095 1590 4166 honoremus,
1605 4096 1691 4158 nihil
1705 4098 1741 4158 in
1753 4096 1819 4159 hoc

513 4137 635 4226 XCIX
1027 4195 1256 4272 apostolorum
1269 4193 1411 4271 principi
1422 4192 1603 4269 largientes
1614 4194 1655 4255 de
1667 4193 1816 4272 proprio,

175 4296 229 4358 Ad
258 4291 598 4369 archipresbyterum
618 4289 653 4352 et
676 4290 858 4371 canopicos
880 4288 972 4349 bast-
1024 4291 1083 4355 sed
1095 4290 1136 4353 de
1145 4306 1205 4352 suo
1215 4291 1326 4368 potius
1336 4289 1567 4367 rependentes.
1579 4293 1703 4352 Verum
1714 4307 1817 4369 quum

313 4396 388 4455 licre
397 4393 569 4467 principes
581 4388 832 4462 Apostolorum.
1024 4389 1124 4450 decor
1158 4388 1393 4459 ecclesiarum,
1426 4389 1460 4450 at
1493 4403 1609 4449 earum
1635 4388 1817 4451 thesaurus

441 4520 612 4595 ”aar
625 4519 704 4577 ¹²²²·
1024 4484 1818 4644 iiiiii.‘’titilidliltillillil

316 4646 469 4711 ffl⁰¹¹³¹³¹¹¹¹¹
482 4646 646 4703 ΝΜ·
660 4644 710 4702 Μ’
723 4656 749 4706 p·
764 4639 830 4703 ¹⁰²³
1023 4626 1226 4751 constitutis,
1249 4679 1430 4756 psaiioites
1458 4677 1490 4738 ei
1516 4680 1584 4740 tam
1618 4694 1688 4751 ore,
1715 4694 1817 4756 quam

174 4767 304 4840 Diploma
324 4762 483 4824 innocentii
501 4764 541 4820 III
563 4760 599 4818 de
616 4758 800 4833 proventibus
820 4755 969 4829 signorum
1023 4777 1132 4847 cordo,
1160 4768 1305 4853 ,0541OE
1330 4774 1372 4836 ad
1400 4774 1560 4836 honorem
1584 4775 1817 4852 Apostolorum

228 4851 487 4928 plumbeommvel
501 4845 914 4924 stagneommeisconflrmat.
1022 4872 1181 4955 principis
1203 4872 1238 4933 in
1261 4873 1334 4950 ejus
1359 4871 1503 4933 ecelesia
1528 4873 1668 4934 Domino
1687 4873 1818 4950 pugne„

212 4989 577 5066 Honoriusapiscopus,
589 4996 887 5046 servusservorum
896 4978 967 5047 Dei,
1023 4970 1208 5042 deservitis,
1224 4969 1419 5031 invocantes
1433 4984 1553 5032 nomen
1568 4969 1674 5046 ipsius
1689 4972 1724 5032 et
1741 4969 1817 5031 lau·
1882 5036 1887 5041 ,

174 5089 303 5153 dilectis
325 5088 405 5149 filiis
433 5080 722 5159 archipresbytero
743 5079 777 5140 et
797 5076 968 5138 canonicis
1021 5069 1080 5130 des
1107 5070 1179 5145 ejus
1204 5081 1286 5128 voce
1316 5080 1462 5126 consona
1494 5066 1713 5139 modulantes,
1747 5067 1816 5127 imo

173 5186 323 5249 basilica
342 5182 503 5263 principis
520 5177 764 5256 Apostolorum,
780 5174 969 5236 salutemet
1022 5166 1153 5228 beatum
1168 5166 1303 5226 Petrum
1324 5163 1360 5224 in
1379 5162 1472 5225 vobis
1491 5163 1585 5224 tenui
1604 5165 1730 5225 nostra
1750 5163 1815 5225 de-

173 5285 391 5362 apostolicam
405 5276 680 5341 benedictionem.
1021 5262 1165 5326 votionis
1179 5260 1376 5321 munusculo
1397 5259 1605 5321 decrevimus
1627 5258 1813 5335 honorare;

216 5383 254 5442 lii
269 5379 389 5442 litteris
403 5376 512 5440 felicis
525 5370 768 5437 recordationis
783 5367 969 5430 Innocentii
1022 5359 1204 5437 sperantes,
1220 5357 1306 5434 quod
1322 5356 1379 5434 qui
1394 5356 1522 5417 minuta
1534 5355 1643 5416 viduae
1656 5358 1816 5434 pauperis

172 5482 272 5554 Papae
290 5474 545 5553 praedecessoris
559 5470 666 5533 nostri
680 5469 729 5530 sic
739 5465 968 5546 perspeximus
1021 5455 1216 5534 acceptavit,
1238 5454 1362 5516 nostrae
1381 5467 1511 5530 quoque
1532 5452 1731 5514 humilitatis
1752 5468 1814 5516 ac-

174 5574 338 5639 contineri
356 5594 363 5633 :
1021 5552 1165 5631 ceptabit
1178 5551 1345 5621 affectum,
1361 5564 1427 5610 non
1440 5549 1529 5624 qnid,
1545 5549 1603 5611 sed
1619 5565 1739 5626 exque
1753 5566 1817 5628 po-

212 5669 457 5732 ‹Innocentius
470 5668 656 5747 episcopiis,
669 5675 968 5727 servasservorum
1020 5654 1088 5717 tius
1107 5651 1290 5714 tribuamus
1312 5645 1495 5709 attendens.
1521 5646 1731 5723 eapropter,
1757 5648 1814 5709 di·

1025 3904 1186 3983 principis
1200 3904 1431 3981 apostolorum
1446 3903 1619 3965 basilicam
1632 3904 1743 3980 dignis
1756 3903 1820 3967 ob-
1913 3966 1921 3973 .

1932 1326 1939 1335 ’
