3916 6204
97 334 156 396 56¹
702 325 933 388 EPISTOLAE.
956 324 1035 385 ΗΒ.
1058 323 1145 386 VIII.
1325 364 1331 383 t
1678 314 1740 376 562

97 493 208 571 ipsum
232 504 294 568 per
317 489 432 565 nigros
451 487 632 551 monachos
650 484 762 550 valeat
785 485 895 548 reior-
947 499 1000 560 go,
1010 480 1216 556 etc.,nostrae
1224 477 1461 551 concessionis,
1469 472 1667 552 staalquis,
1675 473 1737 536 etc.

97 589 196 659 mari,
211 586 419 662 investigetis
434 584 578 647 sollicite
592 584 703 646 utrum
722 584 892 645 monaste-
947 580 1068 643 Datum
1099 579 1267 650 Laterani,
1299 576 1453 639 kalendis
1487 572 1611 645 martii,
1651 585 1740 633 auno

96 687 186 747 rium
209 685 318 762 ipsum
342 682 655 744 reformari-valeat
680 696 742 758 per
758 680 894 741 institu-
947 678 1076 740 octauo.

95 783 226 844 tionem
240 781 477 842 canonicorum
494 778 706 840 saecularium
718 777 753 839 in
764 776 891 849 eodem,

96 881 129 941 et
142 879 232 957 quod
248 893 348 955 super
363 877 416 938 his
433 876 630 938 inveneritis
644 873 740 936 nobis
752 873 894 934 fideliter
1266 852 1418 938 CXLIX

95 975 306 1047 rescribatis,
319 974 392 1051 'jam
407 974 512 1035 dictas
531 971 792 1034 confirmationis
809 971 894 1032 litte-
1080 996 1132 1054 Ad
1149 996 1336 1063 Sunonem,
1359 993 1614 1054 mmmmm

94 1089 153 1135 ras
177 1072 359 1147 diligenter
373 1071 461 1148 apud
480 1085 540 1132 vos
560 1068 694 1131 interim
714 1067 891 1163 servaturi.
1191 1093 1499 1163 archiepiscopum.

94 1174 204 1233 Porro
225 1170 254 1230 si
271 1168 441 1245 saepedicti
456 1167 575 1229 iratres
590 1166 716 1228 ordinis
731 1165 893 1227 Praedica-
1239 1201 1357 1259 ,marm
1371 1201 1450 1259 ,Μ

93 1269 207 1329 torum
236 1267 278 1327 ad
309 1267 547 1327 monasterium
573 1279 682 1342 ipsum
711 1262 892 1325 secundum
1087 1314 1412 1382 [cariachrauenapuit.
1425 1314 1505 1377 md),
1516 1315 1535 1372 1,
1548 1312 1601 1378 Μ

93 1364 342 1426 ordinationem
364 1361 581 1423 convenerint
594 1361 822 1431 memoratam,
842 1360 890 1431 tu,
1383 1423 1389 1435 '
1481 1423 1486 1434 Ι

93 1461 201 1522 frater
220 1459 549 1536 091300p0‚r0fin033
567 1456 893 1519 conflrmafionislitp
946 1423 1062 1483 Mandat
1084 1431 1125 1493 ut,
1150 1438 1207 1481 non
1227 1423 1358 1480 obstante
1382 1420 1587 1495 impedimento
1607 1434 1738 1494 originis,

92 1561 188 1620 pel-as
212 1556 420 1634 saepedictas·
444 1555 536 1629 Quod
551 1555 580 1617 si
601 1571 668 1616 non
685 1569 811 1626 omnes,
828 1554 890 1614 otc·
983 1511 1153 1570 electionem
1163 1510 1299 1584 Stephani
1308 1509 1617 1568 sacristaeBrivatensis
1625 1508 1654 1566 in
1663 1509 1738 1581 epis·

92 1656 216 1716 Datum
238 1652 405 1725 Laterani,
427 1652 582 1713 kalendis
606 1651 731 1721 martii,
756 1650 892 1728 pontid.
982 1614 1085 1673 ΨΜ
1101 1601 1301 1658 ⁵¹¹¹¹¹³¹e¹¹⁸0¹1¹
1316 1597 1475 1656 ⁰⁰¹¹fll11101·

93 1752 190 1814 catus
205 1751 313 1813 nostri
332 1765 421 1812 anno
436 1750 565 1811 octavo.
987 1725 1155 1785 Honorius
1165 1724 1659 1802 episcopus,servusservorum
1667 1720 1739 1793 Dei,

946 1820 1131 1883 venerabili
1143 1821 1238 1882 fratri
1250 1821 1502 1899 archiepiscopo
1526 1818 1738 1889 Bituricensi,

947 1918 1089 1980 salutem
1102 1919 1135 1981 et
1141 1918 1366 1995 apostoticam
1382 1916 1657 1978 benedictionem.

987 2018 1067 2076 Cum
1094 2016 1254 2093 optimum
1281 2015 1459 2091 reparandi
1483 2013 1612 2074 natales
1633 2024 1740 2087 genus

395 2070 591 2157 CXLVIII
946 2113 1150 2190 aborigines
1163 2108 1739 2174 vitiumvirtuteredimeremento-

150 2223 207 2283 Ad
219 2222 375 2283 abbatem
388 2219 423 2282 et
436 2219 642 2281 concentum
656 2220 691 2278 S·
707 2217 836 2288 Rufittt,
945 2226 1030 2283 rum,
1045 2210 1152 2271 felicis
1165 2209 1405 2272 recordatiouis
1417 2211 1441 2269 l.
1449 2223 1546 2285 papa,
1559 2206 1742 2284 praedeces·

296 2319 429 2379 metaris
442 2319 477 2378 S.
495 2317 691 2393 Attgusttat.
946 2322 1003 2367 sor
1020 2308 1145 2374 noster,
1160 2306 1273 2369 dilecti
1295 2306 1358 2367 iiiii
1381 2304 1533 2382 magistri
1553 2306 1586 2365 S.
1616 2302 1741 2364 Mima-

391 2445 512 2503 ἰωῇ
525 2445 594 2504 ¹224
945 2403 1050 2464 tensis
1079 2404 1186 2477 electi,
1210 2405 1290 2465 tunc
1317 2402 1468 2479 magistri
1483 2400 1675 2462 scholarum
1678 2442 1739 2460 .....

254 2569 261 2580 ‚
413 2567 420 2580 ,
595 2487 603 2504 ’
837 2565 842 2577 ,
947 2500 1163 2562 considerans
1178 2500 1388 2578 probitatem,
1401 2515 1476 2561 cum
1490 2499 1564 2575 ipso
1575 2497 1743 2574 superde-

106 2572 233 2634 ὥρι’
242 2568 289 2619 ¹¹¹³·
302 2568 366 2627 Μ’
379 2574 454 2633 ⁰¹³¹³¹·
468 2568 524 2618 ³¹⁰·
537 2569 595 2619 Μ’
609 2568 645 2618 ia
655 2567 732 2618 ΜΟ
741 2565 876 2630 ¹¹⁰T¹¹⁰¹¹']
946 2597 1035 2659 iectu
1056 2598 1220 2660 natalium
1239 2597 1455 2675 dispensavit,
1472 2596 1519 2657 ita
1530 2597 1642 2658 tamen
1654 2593 1742 2672 quod

90 2695 231 2768 indulget
246 2702 277 2752 ut
300 2693 429 2766 quedam
441 2708 571 2766 persons
585 2693 759 2765 prioratuum
775 2705 891 2749 suorum
948 2695 977 2755 si
992 2694 1122 2756 eumad
1139 2697 1300 2757 honorem
1310 2694 1424 2756 vocari
1437 2693 1645 2770 contingeret
1659 2707 1742 2769 prae·

124 2782 500 2851 inviennemi,dreiatensi
512 2789 540 2838 et
549 2781 728 2840 Narbonensi
738 2780 892 2853 provinciis
948 2792 1088 2863 suffitus,
1100 2809 1309 2870 nequaquam
1322 2792 1417 2853 illum
1431 2791 1596 2868 reciperet
1616 2788 1743 2866 absque

124 2871 164 2929 ed
189 2880 284 2929 terras
303 2870 614 2971 excommunicatorum
631 2868 754 2941 presule
768 2869 892 2942 negotiis
946 2888 1082 2950 licentia
1107 2889 1202 2951 Sedis
1237 2889 1437 2966 Apostolicae
1468 2887 1617 2965 speciali·
1646 2886 1742 2948 Unde

124 2957 271 3017 medem
281 2964 403 3032 9⁰⁸⁸¹¹¹¹·
947 3002 1021 3047 cum
1030 3001 1136 3063 nuper
1150 2985 1262 3047 dilecti
1277 2985 1338 3046 tilii
1352 2986 1549 3047 Mimatense
1560 2982 1743 3062 capitulum

127 3084 319 3156 Honorius,
354 3086 430 3157 etc,
464 3083 595 3145 dilectis
622 3082 701 3144 tiliis
721 3081 832 3144 abbati
860 3082 892 3144 et
947 3083 987 3144 de
1011 3083 1150 3160 speciali
1172 3083 1466 3154 mandatonostro,
1491 3082 1626 3159 recepta
1645 3081 1740 3157 epis-

90 3181 279 3244 conventui
293 3181 407 3242 Sancti
421 3180 544 3253 Rufini,
557 3179 684 3242 ordinis
700 3180 891 3242 sanctitu—
946 3181 1021 3256 copi
1036 3180 1089 3241 sui
1099 3180 1251 3242 cessione
1268 3179 1486 3242 avenerabiii
1500 3178 1604 3240 fratre
1625 3178 1741 3240 nostro

88 3279 235 3356 gustini,
251 3278 404 3350 salutem,
421 3278 482 3340 etc.
946 3278 1122 3339 Pertuensi
1142 3278 1308 3355 episcopo,
1325 3278 1405 3339 tunc
1424 3275 1624 3354 apostolicae
1647 3274 1743 3336 Sedis

129 3375 259 3438 Petitio
274 3375 384 3436 restra
404 3374 500 3436 nobis
517 3374 666 3437 exhibita
690 3372 890 3446 continebat,
946 3374 1067 3451 legate,
1084 3376 1118 3438 et
1129 3375 1170 3437 ab
1184 3375 1323 3453 eo-ipsis
1346 3376 1507 3453 injuncto,
1524 3373 1611 3451 quod
1626 3372 1741 3434 eccle-

88 3474 178 3550 quod
212 3487 288 3533 cum
317 3470 467 3534 habeatis
485 3472 646 3549 quosdam
662 3471 830 3549 prioratus
855 3470 891 3529 in
946 3473 1005 3534 siae
1018 3488 1088 3534 suae
1097 3488 1156 3550 per
1166 3473 1363 3534 electionem
1376 3473 1572 3534 canonicam
1584 3471 1742 3548 provide-

89 3568 291 3641 Viennensi,
309 3569 509 3641 Aretatensi,
531 3569 565 3630 et
583 3567 793 3630 Narbonensi
808 3582 890 3643 pro·
946 3571 1020 3632 rent
1032 3570 1073 3631 de
1084 3585 1228 3646 persona
1241 3571 1360 3632 idonea
1371 3571 1407 3631 in
1416 3569 1595 3646 pastorem,
1606 3569 1643 3629 in
1655 3583 1744 3630 eum·

88 3668 270 3738 vinciis,et
280 3665 431 3742 partibus
442 3666 628 3727 convicinis
638 3680 789 3742 personae
800 3679 892 3725 com·
946 3666 1018 3728 dem
1031 3668 1227 3743 magistrum
1238 3668 1318 3729 tuuc
1329 3668 1505 3729 sacristam
1514 3666 1743 3728 Briratensem

87 3766 265 3828 morantes
278 3764 314 3824 in
329 3763 398 3825 illis
412 3762 607 3839 plerumque
619 3777 755 3825 necesse
768 3761 892 3824 habent
946 3764 1106 3825 canonice
1113 3766 1146 3826 et
1156 3764 1365 3826 concorditer
1375 3763 1570 3825 direxerunt
1578 3765 1655 3824 vota
1666 3777 1739 3835 sua,

88 3880 151 3940 pro
167 3863 320 3939 ipsorum
348 3860 491 3937 negotiis
506 3860 713 3937 prioratuum
732 3858 892 3922 accedere
945 3861 1070 3922 electus
1084 3861 1156 3938 ipse
1178 3876 1217 3923 ac
1239 3861 1379 3922 dilectus
1405 3860 1493 3921 illius
1508 3862 1545 3920 P.
1569 3858 1740 3920 archidia-

86 3961 129 4021 ad
145 3962 260 4022 terras
272 3956 646 4028 excommunicatorum,
662 3956 890 4018 ecclesiastico
946 3973 1049 4019 conus
1062 3958 1210 4034 ejusdem
1231 3958 1383 4019 ecclesiae
1401 3973 1475 4019 cum
1490 3956 1663 4018 electionis
1683 3956 1744 4017 de·

87 4056 273 4119 interdicto
295 4054 472 4131 subjectas.
489 4056 603 4126 Quare*
621 4052 794 4115 humiliter
811 4068 891 4130 pos·
946 4055 1036 4116 creto
1049 4054 1091 4116 ad
1119 4057 1267 4117 nostram
1288 4056 1423 4132 propter
1446 4056 1510 4116 hoc
1529 4053 1741 4131 praesentiam

86 4153 241 4226 tulastis,
249 4154 286 4214 ut
299 4167 342 4213 ne
352 4151 559 4228 prioratuum
574 4151 722 4227 ipsorum
734 4149 821 4212 bona
832 4149 893 4210 de·
945 4153 1168 4214 accesserunt.
1199 4154 1269 4214 Nos
1291 4154 1402 4214 autem
1424 4152 1621 4214 electionem
1640 4166 1741 4228 repe-

85 4251 245 4330 pereant,
261 4249 311 4310 eis
320 4249 352 4309 id
369 4248 479 4309 iacere
487 4247 528 4309 de
542 4248 659 4309 nostra
672 4248 891 4324 permissione
946 4250 1070 4311 rientes
1083 4250 1124 4312 de
1132 4266 1275 4326 persona
1287 4250 1407 4312 idonea
1421 4250 1581 4312 canonice
1594 4249 1743 4311 celebra·

85 4349 223 4419 liceret,
240 4347 287 4407 ita
303 4345 389 4423 quod
402 4344 444 4406 ab
458 4344 522 4406 hoc
536 4345 891 4407 excommunicationis
948 4351 1025 4419 tam,
1041 4346 1277 4423 impedimento
1303 4347 1455 4423 originis,
1470 4347 1557 4425 quod
1574 4347 1616 4409 de
1633 4347 1743 4422 gratia

83 4447 252 4524 laqueum
282 4458 350 4504 non
378 4442 563 4514 incurrant,
591 4456 657 4504 non
684 4441 891 4504 obstantibus
946 4443 1095 4520 ejusdem
1107 4444 1363 4521 praedecessoris
1375 4445 1482 4507 nostri
1493 4444 1658 4508 sublatum
1670 4444 1744 4507 iue-

83 4541 278 4605 sententias
288 4555 390 4617 super
399 4538 463 4600 hoc
478 4537 626 4615 elegatis
639 4538 733 4599 Sedis
747 4540 891 4615 Aposto—
945 4542 1000 4603 rat
1013 4557 1080 4602 non
1095 4540 1258 4613 obstante,
1272 4542 1379 4619 ipsam
1395 4542 1434 4603 de
1445 4541 1586 4604 fratrum
1609 4542 1744 4604 nostro·

84 4642 166 4703 licae
206 4636 440 4716 promulgatis.
470 4637 540 4697 Nos
571 4635 675 4711 igitur
694 4636 892 4699 auctoritate
945 4653 1020 4699 rum
1044 4638 1184 4700 consilio
1213 4638 1369 4699 duximus
1398 4639 1668 4702 confirmandam.
1703 4638 1743 4701 ut

81 4736 310 4816 praesentium
331 4732 540 4809 indulgemus
563 4734 599 4793 ut
620 4748 771 4810 personae
794 4748 890 4794 com·
946 4736 1025 4797 licet
1043 4735 1184 4797 clericus
1211 4736 1288 4797 tuus
1319 4740 1519 4813 proponeret
1542 4754 1619 4799 eum
1643 4736 1684 4798 ad
1708 4739 1742 4799 te

82 4836 265 4897 morantes
299 4833 335 4892 in
367 4829 569 4907 prioratibus
604 4830 781 4892 antedictis
814 4847 893 4908 pos·
948 4833 1236 4910 metropolitanum
1251 4832 1372 4895 debere
1387 4835 1522 4908 remitti,
1536 4834 1743 4896 necnuutia·

82 4933 164 4995 sent
188 4930 233 4992 ad
251 4927 441 5004 hujusmodi
469 4927 542 4988 loca
566 4927 640 4988 sine
660 4928 807 5005 periculo
828 4944 892 4989 ex·
947 4932 1015 4992 tam
1029 4930 1089 4992 tibi
1115 4931 1299 4992 cessionem
1321 4932 1484 5005 eamdem,
1507 4948 1569 4994 nec
1596 4931 1741 5008 eligendi

79 5025 406 5093 communicationis
435 5025 610 5097 accedere,
643 5041 743 5102 quum
770 5036 892 5101 urgens
947 5027 1128 5089 atesuisse
1143 5027 1313 5090 licentiam
1336 5031 1548 5105 postulatam,
1565 5030 1673 5106 ipsum
1687 5029 1741 5090 ta-

79 5124 302 5206 prioratuum
326 5123 474 5199 ipsorum
500 5122 683 5184 necessitas
705 5125 738 5184 et
757 5123 892 5185 evidens
947 5138 1034 5196 men,
1073 5140 1147 5185 cum
1174 5124 1353 5200 praedictus
1377 5125 1508 5202 legatus
1531 5124 1741 5188 demandato

80 5223 223 5286 utilitas
236 5220 270 5280 id
289 5219 442 5295 exposcit
455 5235 463 5291 ;
478 5219 524 5309 ita
539 5220 649 5280 mmen
665 5220 750 5296 quod
767 5235 829 5281 uec
845 5219 893 5281 ibi
947 5222 1062 5283 nostro
1082 5221 1267 5283 cessionem
1292 5224 1468 5301 receperit,
1493 5225 1527 5285 et
1545 5222 1741 5284 electionem

79 5319 266 5385 celebrare
293 5316 408 5377 divina
435 5331 497 5376 nec
529 5315 655 5377 diutins
688 5332 787 5393 quam
820 5317 892 5394 ipsa
947 5319 1156 5380 mandaverit
1175 5319 1260 5391 deri,
1275 5322 1373 5396 juxta
1389 5320 1661 5382 consuetudinem
1673 5323 1741 5382 Ec-

78 5415 245 5495 requirat
259 5412 443 5474 necessitas
456 5412 667 5485 commorari,
685 5429 746 5475 nec
763 5428 894 5476 excom·
947 5415 1058 5477 clesiae
1073 5418 1231 5478 Romanae
1244 5417 1411 5493 potuimus
1429 5417 1502 5479 sine
1514 5420 1571 5479 tuo
1586 5419 1743 5495 praejndi·

77 5511 275 5579 manicatis
312 5510 557 5573 communicare
579 5512 797 5586 praesumant,
826 5512 892 5572 nisi
947 5513 999 5574 cio
1020 5529 1228 5575 consecrare.
1253 5513 1317 5573 Sed
1345 5529 1407 5575 nos
1433 5515 1468 5575 in
1490 5514 1554 5576 bac
1573 5518 1667 5593 parte
1679 5517 1741 5580 tibi

79 5614 261 5693 quatenus
293 5607 504 5685 nequiverint
537 5607 676 5669 evitare.
710 5609 802 5669 Nulli
837 5624 892 5672 er·
947 5610 1033 5671 sicut
1045 5612 1079 5672 et
1093 5611 1127 5672 in
1143 5611 1256 5673 multis
1281 5610 1358 5670 aliis
1372 5610 1571 5685 deferentes,
1588 5614 1740 5678 eumdem
