3930 6206
693 248 923 311 EPISTOLAE.
946 250 1024 309 LIB.
1048 250 1134 311 VIII.
1665 252 1726 313 670

104 263 157 327 669

104 419 210 484 cedere
223 414 434 491 dignaremur
452 410 622 473 licentiam
636 410 876 487 eligendiNos
930 408 1052 481 vesun
1083 407 1171 470 sicut
1191 423 1232 469 ea
1255 407 1368 469 omnia
1391 422 1464 486 quae
1482 407 1574 485 juste
1603 410 1637 470 et
1669 423 1730 471 ca·

103 517 196 594 igitur
205 511 419 583 attendentes,
436 509 522 587 quod
546 509 581 570 in
597 508 747 585 partibus
755 507 876 570 vestris
930 506 1050 567 nonice
1074 504 1262 582 possidetis,
1285 504 1381 566 robis
1408 506 1442 567 et
1473 521 1535 582 per
1564 520 1624 568 ros
1654 520 1729 568 mo-

103 612 197 689 magis
210 625 305 688 quam
319 607 401 669 alibi
419 604 644 683 periculosum
663 605 778 667 existit
799 619 877 666 oves
931 602 1079 665 nasterio
1092 605 1215 674 vestre,
1232 602 1431 665 auctoritate
1443 603 1633 679 apostolica
1648 618 1731 665 con-

103 726 161 771 non
187 706 306 769 babere
329 706 509 783 pastorem,
535 704 575 765 de
590 703 731 766 fratrum
745 703 878 764 nostro·
932 699 1102 761 firmamus
1130 700 1164 761 et
1188 699 1363 777 praesentis
1395 700 1511 777 scripti
1542 700 1729 777 patrocinio

102 804 319 872 mmconsilio,
332 801 657 864 discretionivsstrae
670 800 878 877 pernpcsto-
932 797 1184 858 communimus.
1217 796 1309 857 Nulli
1342 812 1422 873 ergo
1458 797 1544 858 banc
1572 797 1744 875 paginam„

101 904 158 965 lica
180 902 298 979 scripta
315 899 521 971 mandamus,
541 898 704 975 quatenus
724 897 878 959 invocata
932 895 1055 955 nostrae
1070 893 1331 955 confirmationis
1347 893 1447 957 liceat
1463 894 1658 970 infringere,
1675 893 1730 955 vel

102 1000 215 1078 Spiritu
228 998 340 1059 Sancti
354 997 463 1073 gratia
478 996 512 1058 et
526 993 767 1056 deliberatione
788 1008 878 1071 prae·
931 991 963 1051 ei
981 1006 1065 1051 ausu
1081 990 1260 1052 temerario
1275 990 1454 1053 contraire.
1471 991 1506 1051 Si
1522 992 1596 1068 quis
1617 992 1729 1053 autem

101 1097 202 1159 hahita
225 1094 391 1171 diligenti,
426 1109 502 1154 cnm
532 1090 737 1153 venerabilis
764 1091 878 1152 iratris
932 1086 995 1149 hoc
1009 1087 1173 1149 stentare
1187 1087 1452 1164 presumpserit,
1466 1088 1729 1163 indignationem

99 1195 228 1256 nostri...
241 1191 444 1255 Arelatensis
459 1188 703 1267 archiepiscopi
717 1189 879 1265 metropo·
932 1185 1167 1262 omnipotentis
1180 1185 1240 1245 Dei
1250 1200 1290 1245 ac
1300 1183 1472 1246 beatorum
1485 1184 1575 1246 Petri
1590 1185 1623 1246 et
1633 1183 1730 1245 Pauli

100 1291 183 1353 litani
196 1289 296 1352 vestri
312 1288 382 1350 et...
396 1287 544 1365 episcopi
553 1286 723 1349 Valentini
738 1284 877 1347 consilio
932 1282 1157 1359 apostolorum
1183 1285 1256 1359 ejus
1283 1297 1319 1342 se
1347 1281 1478 1343 noverit
1502 1282 1727 1342 incursurum.

99 1402 260 1465 personam
292 1386 457 1457 idoneam,
489 1399 563 1461 quae
594 1383 685 1445 tanto
717 1381 879 1458 congruat
932 1379 1052 1442 Datum
1071 1378 1240 1452 Laterani,
1256 1393 1363 1440 nonas
1376 1377 1476 1454 junii,
1495 1392 1583 1440 anno
1598 1378 1728 1442 octavo.

100 1485 183 1548 onem
207 1484 239 1546 et
265 1482 397 1555 honori,
428 1480 588 1543 canonice
615 1479 709 1542 vobis
737 1481 774 1541 in
794 1480 879 1557 epis·
941 1488 947 1499 ·

100 1598 204 1659 copum
218 1580 360 1658 eligatis.
376 1580 495 1641 Datum
511 1577 679 1647 Laterani,
696 1579 739 1639 lv
754 1576 877 1638 kalen·

100 1679 151 1741 das
159 1678 257 1756 junii,
271 1692 360 1739 anno
369 1677 498 1738 octavo.

131 1775 314 1838 Arelatensi
343 1773 593 1851 archiepiscopo
621 1773 691 1835 et...
723 1771 878 1848 episcopo

99 1873 261 1935 Valentino
276 1877 315 1935 tn
337 1873 495 1935 eumdem
518 1871 593 1944 sere
612 1872 752 1931 modom
767 1868 877 1946 scrip-

98 1968 229 2042 tumeat,
245 1967 359 2030 verbis
375 1966 598 2044 competenter
613 1965 759 2037 mutatis,
772 1978 878 2038 osque

99 2066 129 2127 in
146 2066 249 2128 fidem.
275 2065 419 2142 Ideoque
441 2062 642 2125 maternitati
668 2062 787 2124 vestre
820 2076 880 2139 per

98 2164 274 2240 apostolica
310 2162 435 2241 scripta
468 2160 681 2231 mandamus,
715 2161 878 2236 quatenus

98 2262 259 2322 consilium
270 2260 430 2330 vestrum,
442 2258 528 2336 quod
542 2257 645 2320 veluti
656 2257 878 2334 opportunum

1201 1695 1466 1783 CCXXXVIII

959 1848 1011 1908 Ad
1027 1848 1223 1921 mtscopom
1234 1850 1479 1909 Lomeserrsem
1492 1846 1527 1907 et
1540 1847 1708 1907 moniales

1144 1953 1180 2013 S.
1197 1953 1298 2013 Petrt
1312 1955 1352 2013 de
1368 1955 1515 2014 Aronco.

1234 2082 1334 2155 ajone
1351 2082 1430 2141 ems.

1027 2204 1176 2270 [ldarrriqna
1188 2204 1301 2255 drudes
1315 2204 1501 2263 Cistercimses,
1514 2204 1557 2264 lv,
1569 2203 1638 2269 tal]

98 2357 288 2433 providimus
314 2355 536 2418 adhibendum
562 2368 664 2432 super
689 2350 877 2433 [electione]

97 2452 265 2516 efflcadter
283 2453 484 2530 impendatis
510 2451 656 2530 capitulo
675 2448 877 2527 supradicto.

97 2550 204 2613 Datum
217 2551 387 2624 Laterani,
420 2550 450 2611 ΙΙ
474 2549 636 2612 kalendas
659 2546 758 2626 junii,
791 2562 879 2610 anno

97 2648 214 2710 octavo.

361 2867 605 2956 ccxxxvii

128 3022 176 3081 Ad
201 3019 361 3083 obbotem
384 3018 657 3091 conventumque
682 3018 841 3078 Floronia

933 2318 1068 2379 Concedit
1090 2327 1121 2378 ut
1144 2321 1285 2378 moniales
1307 2321 1336 2379 S.
1362 2319 1438 2378 Petri
1463 2319 1500 2378 de
1521 2320 1634 2377 Arouca
1655 2319 1735 2392 nigri

969 2407 1078 2466 ordinis
1091 2408 1189 2466 vivant
1207 2415 1317 2467 mutam
1342 2406 1442 2466 babitu
1460 2407 1514 2465 sub
1532 2407 1735 2466 observatione

949 2546 955 2553 .
969 2504 998 2554 et
1012 2494 1191 2555 districtione
1202 2495 1398 2556 cisterciensis
1411 2494 1532 2553 ordinis.

974 2630 1732 2700 Litteraevestraenobisexbibitaecontinebant,

935 2728 1021 2805 quod
1036 2744 1111 2790 cum
1125 2729 1363 2790 monasterium
1377 2730 1410 2790 S.
1428 2729 1520 2790 Petri
1532 2728 1573 2789 de
1586 2731 1729 2800 Arcnca,

935 2825 1149 2887 Lamecensis
1163 2825 1329 2897 dioecesis,
1345 2824 1429 2887 adeo
1443 2826 1532 2887 esset
1548 2825 1732 2902 collapsum

934 2922 970 2982 in
984 2922 1234 3000 temporalibus,
1251 2923 1286 2985 et
1299 2921 1529 2998 spiritualibus
1545 2924 1581 2983 ut
1595 2936 1662 2983 non
1674 2936 1733 2983 es-

935 3020 1070 3096 setspes
1085 3019 1212 3081 ordinis
1227 3019 1315 3095 nigri
1325 3018 1458 3081 babitus
1469 3018 1677 3088 monialium,
1690 3017 1732 3079 ab

149 3117 288 3189 monto,
304 3114 657 3179 Proernonstroteoste
671 3116 814 3176 ordiaris.

384 3245 486 3318 biunii
500 3244 579 3303 lati.

197 3371 293 3436 [liuga
305 3369 398 3422 nonu.
411 3369 571 3428 emmeno,
583 3369 603 3427 l,
613 3367 687 3432 prob.
700 3366 769 3432 tot]

935 3116 1071 3193 antiquo
1101 3115 1224 3177 ibidem
1259 3116 1463 3188 institutum,
1491 3130 1591 3192 posse
1625 3116 1661 3175 in
1692 3129 1733 3177 eo

935 3214 1035 3275 facile
1046 3213 1240 3288 reformar13
1255 3212 1298 3275 ad
1312 3214 1506 3275 instantiam
1520 3211 1642 3275 nobilrs
1656 3229 1735 3274 mu-

936 3312 1029 3374 lieris
1048 3311 1219 3383 Masaldae,
1242 3311 1321 3372 fllia
1340 3312 1441 3373 clarae
1460 3310 1629 3377 memoria
1643 3312 1735 3387 regis

937 3408 1074 3481 sanctii,
1098 3424 1171 3486 quae
1192 3409 1228 3469 in
1251 3423 1292 3470 eo
1307 3410 1364 3486 jus
1382 3407 1508 3471 obtinet
1526 3408 1734 3486 patronatus,

935 3508 970 3569 et
997 3506 1173 3568 ahbaussae
1200 3520 1239 3568 ac
1265 3505 1462 3567 monialium
1493 3504 1641 3582 ejusdem
1668 3505 1737 3567 loci

935 3604 1130 3668 instantiam
1145 3588 1371 3675 concessistis,
1387 3605 1424 3665 ut
1437 3605 1505 3665 tam
1520 3602 1689 3666 abbatissa
1702 3603 1736 3665 et

145 3495 330 3555 Confirmatio
341 3494 446 3568 jurium
458 3501 487 3551 et
502 3493 641 3551 bonorum
656 3492 822 3551 monasterii

353 3581 485 3641 Flebonis
499 3581 616 3639 montis.

126 3701 797 3777 Honoriusepiscopus,serrusservorum
808 3699 879 3772 Dei,
935 3701 1098 3764 moniales
1120 3702 1201 3778 ipsae
1226 3716 1325 3777 quam
1349 3700 1533 3762 decaetero
1556 3700 1592 3761 in
1618 3700 1736 3762 eodem

93 3796 212 3861 dilectis
226 3798 310 3861 tiliis
325 3796 454 3859 abbatis
473 3796 508 3857 et
527 3795 707 3859 conventui
723 3795 881 3857 blahonis
936 3799 1138 3861 monasterio
1164 3797 1403 3874 reciperentur,
1432 3798 1639 3873 susciperent
1662 3796 1736 3857 Cis-

93 3897 215 3969 montis,
232 3893 565 3957 praemonstratensis
582 3892 723 3966 ordinis,
739 3893 881 3956 salutem
935 3896 1112 3959 terciensis
1124 3895 1251 3956 ordinis
1265 3894 1414 3956 instituta
1427 3916 1434 3955 ε
1447 3909 1521 3955 eam
1534 3893 1734 3964 libertatem,

93 3991 123 4053 et
132 3993 357 4070 apostolicam
370 3990 648 4052 benedictionem.
935 3995 1094 4072 quantum
1107 4007 1166 4069 per
1177 4007 1238 4053 vos
1250 3991 1324 4052 deri
1338 3990 1456 4068 potuit,
1473 3990 1580 4051 eidem
1595 4006 1734 4053 monas·

127 4090 230 4160 Quum
244 4107 266 4152 a
280 4088 377 4151 nobis
391 4088 515 4166 petitur
533 4087 618 4164 quod
631 4087 758 4163 justum
777 4087 828 4148 est
848 4087 882 4148 et
935 4091 1019 4154 terio
1035 4088 1267 4161 concedentes,
1282 4104 1380 4165 quam
1394 4087 1518 4150 babent
1531 4088 1734 4151 monasteria

92 4184 272 4259 honestum,
288 4188 357 4249 tam
375 4187 473 4262 rigor
493 4184 661 4262 aequitatis
681 4199 780 4261 quam
799 4183 881 4245 ordo
936 4188 1062 4250 ordinis
1088 4185 1272 4263 supradicti
1291 4185 1327 4246 in
1348 4186 1424 4247 aliis
1449 4184 1648 4249 dioecesihus
1672 4208 1680 4248 ε
1702 4188 1737 4248 et

92 4282 191 4359 exigit
206 4283 363 4355 rationis,
380 4284 417 4345 ut
430 4282 464 4344 id
478 4297 539 4359 per
552 4281 810 4343 sollicitudinem
826 4279 880 4342 ci·
936 4285 1091 4363 quoniam
1113 4300 1262 4346 annum
1277 4299 1413 4345 censum
1429 4298 1490 4344 sex
1505 4298 1684 4345 aureorum
1701 4283 1736 4346 in

92 4377 153 4440 licii
166 4382 276 4443 nostri
290 4380 332 4442 ad
346 4379 491 4443 debitum
506 4379 706 4456 perducatur
715 4378 879 4441 effectum.
936 4383 1052 4445 eodem
1087 4381 1291 4443 monasterio
1327 4379 1516 4452 habebatis,
1553 4381 1737 4457 proventus

90 4476 284 4556 Eapropter,
308 4476 420 4539 dilecti
439 4477 475 4537 in
497 4476 637 4539 Domino
660 4476 738 4549 tilii,
761 4476 881 4539 vestris
935 4480 1036 4541 trium
1051 4478 1231 4540 cassalium
1245 4478 1567 4554 interminoPaynae
1581 4475 1737 4556 (duorum

87 4573 180 4647 justis
204 4573 360 4652 precibus
384 4573 548 4644 inclinati,
569 4589 730 4650 personas
753 4574 881 4636 vestras
936 4576 1066 4639 scilicet
1091 4576 1126 4636 in
1151 4576 1241 4647 loco,
1268 4575 1355 4652 quod
1385 4574 1509 4636 dicitur
1535 4575 1675 4648 Peneia,
1705 4575 1738 4638 ot

90 4672 120 4732 ct
131 4670 371 4733 monasterium
382 4670 417 4731 in
427 4686 492 4747 quo
503 4670 618 4731 divino
632 4670 713 4733 estis
724 4670 882 4748 obsequio
937 4675 1036 4735 unius
1048 4674 1084 4734 in
1097 4673 1182 4745 loco,
1196 4672 1282 4749 quod
1295 4671 1419 4734 dicitur
1430 4671 1574 4751 carave)
1588 4672 1739 4749 predicti

90 4768 278 4846 mancipati,
295 4783 370 4829 cum
383 4765 536 4828 omnibus
550 4765 646 4829 bonis
659 4784 732 4844 quae
745 4769 780 4828 in
795 4784 883 4845 prae-
937 4786 1056 4835 census
1077 4769 1387 4847 recompensatione
1411 4769 1562 4848 recipitis
1576 4792 1584 4829 z
1598 4784 1735 4831 censum

89 4867 270 4929 sentiarum
298 4863 542 4927 rationabiliter
565 4865 741 4941 possidetis
765 4866 822 4927 aut
847 4866 881 4927 in
936 4868 1045 4946 ipsum
1064 4868 1222 4944 perpetuo
1234 4866 1439 4928 remittentes
1454 4866 1644 4942 supradicto
1664 4881 1738 4928 mo-

89 4963 232 5025 iuturum
255 4961 358 5039 justis
384 4961 500 5033 modis,
524 4963 702 5039 praestante
730 4963 880 5036 Domino,
937 4964 1096 5027 nasterio.
1125 4963 1218 5025 Unde
1243 4979 1315 5036 vos,
1345 4963 1378 5024 et
1403 4963 1516 5024 dilecti
1544 4962 1607 5023 tilii
1633 4962 1736 5024 abbas

87 5060 237 5136 poteritis
264 5058 417 5137 adipisci,
434 5058 495 5120 sub
514 5058 603 5123 beati
625 5060 716 5122 Petri
739 5062 773 5123 et
798 5075 881 5122 nos·
937 5061 1179 5133 cisterciensis,
1198 5063 1231 5123 et
1247 5059 1384 5122 abbates
1404 5060 1531 5122 ordinis
1549 5060 1602 5121 sui
1624 5061 1658 5120 in
1673 5075 1736 5137 ge·

87 5159 138 5219 tra
171 5157 381 5235 protectione
420 5156 643 5234 spisoipimus.
686 5156 883 5235 specialiter
936 5158 1045 5221 nerali
1066 5158 1213 5236 capitulo
1232 5158 1437 5234 congregati,
1454 5156 1550 5219 nobis
1565 5157 1737 5220 humiliter

88 5257 196 5317 autem
216 5254 395 5318 ecclesiam
418 5244 459 5316 de
479 5254 678 5326 Fresnis,de
694 5254 880 5328 Sandicort,
937 5256 1165 5334 supplicastis,
1193 5258 1230 5319 ut
1264 5255 1349 5333 quod
1381 5270 1482 5332 super
1515 5253 1639 5317 lactum
1673 5257 1736 5328 est,

87 5352 126 5413 de
155 5350 407 5424 fladonisvilla,
439 5351 479 5413 de
515 5354 658 5424 Boenes,
688 5353 729 5414 de
754 5353 880 5421 briter,
936 5353 1127 5431 apostolico
1139 5353 1300 5417 roborare
1312 5353 1497 5414 munimine
1509 5352 1735 5428 dignaremur.

87 5448 126 5510 de
152 5447 338 5511 Bellodono
374 5449 533 5525 grangias
563 5464 638 5511 eum
670 5450 881 5526 pertinentiis
937 5453 1006 5514 Nos
1035 5452 1139 5529 igitur
1163 5452 1285 5514 restris
1312 5452 1346 5513 et
1369 5449 1561 5513 eorumdem
1581 5449 1738 5514 abbatum

88 5546 171 5621 snis;
204 5561 271 5607 nec
296 5561 363 5608 non
384 5547 612 5622 possessiones
642 5549 674 5610 et
702 5548 769 5609 alia
795 5546 882 5609 bona
938 5548 1091 5625 precibus
1114 5548 1278 5620 inclinati,
1302 5547 1545 5609 ordinationem
1568 5563 1627 5609 seu
1643 5564 1738 5612 com·
