3886 6214
92 326 147 388 233
704 334 933 396 urls'soLAE.
956 335 1035 395 LlB.
1058 336 1127 397 VII.
1674 338 1736 399 234

127 485 277 549 Dilectus
287 486 380 549 lilius
389 490 566 566 Juqulntus
579 490 802 554 subdiaconus
812 509 887 555 nos·
1298 506 1373 593 ΧΠ

91 585 149 656 ter,
165 585 354 647 canonicus
368 586 516 651 basilicas
530 589 698 666 Principis
712 591 888 668 Apostolo-

91 696 174 752 rum,
192 681 290 743 nobis
311 683 484 747 humiliter
503 685 713 763 supplicavit,
730 689 767 749 ut
785 705 885 765 quum

91 777 129 839 ob
153 779 380 841 reverentiam
405 783 604 857 apostolicas
628 783 724 845 Sedis
747 786 781 845 et
804 800 886 846 nos·
1232 769 1266 826 ¹²
1285 775 1341 827 00‘·
1363 771 1442 828 ¹²²²·

90 876 188 948 mm,
205 876 384 937 ecclesiam
405 877 446 938 (10
469 881 617 956 Lappaga
635 881 670 941 in
688 880 885 943 heneficium
942 931 946 935 ἢ
972 873 1092 938 [Ῑίθςθεῐυ
1102 873 1148 925 lib.
1156 875 1210 933 VH,
1224 876 1298 940 epist.
1311 877 1351 927 23.
1362 879 1419 928 Hbs.
1428 879 1464 929 La
1474 879 1547 929 Porto
1556 878 1590 928 du
1606 878 1700 943 llicit]

90 972 153 1034 sibi
172 972 339 1037 duxeritis
367 976 623 1050 concedendam,
640 993 682 1039 ne
710 980 885 1041 occasione
939 980 1056 1038 Mandat
1065 990 1096 1038 ut
1111 997 1175 1040 cum
1190 984 1310 1040 consilio
1322 985 1400 1056 regis
1411 993 1440 1042 er
1451 985 1627 1057 prelatorum
1642 988 1730 1043 Fran-

91 1070 319 1133 concessionis
333 1072 524 1149 hujusmodi
545 1076 620 1151 post
634 1077 771 1138 mortem
788 1081 883 1154 ejus.
974 1060 1027 1117 cire
1043 1060 1079 1118 de
1094 1077 1166 1136 pace
1180 1070 1297 1121 tractata
1314 1066 1386 1121 inter
1400 1065 1533 1121 comitem
1549 1064 1733 1123 montisfortis

90 1169 162 1230 dem
177 1171 222 1236 J„
236 1167 388 1231 ecclesiae
405 1173 528 1233 vestrae
544 1173 659 1249 possit,
683 1174 885 1251 superdicta
975 1146 1004 1231 et
1019 1142 1217 1231 Raymundffl
1233 1141 1389 1233 ⁸²9⁰¹¹d¹¹¹¹¹
1405 1144 1493 1215 itm
1509 1145 1653 1202 ¹³⁰¹¹¹ffi⁰³⁸
1668 1160 1730 1202 ‘¹¹⁰'

89 1265 887 1347 ecclesiadebamga'proejudiciumaliquodge·
975 1226 1034 1277 urta
1048 1220 1185 1278 deliberet
1200 1222 1320 1279 lidelrter
1332 1230 1361 1279 ct
1373 1222 1535 1295 prudenter.
1598 1288 1604 1299 ,

90 1364 215 1434 parari,
228 1362 403 1440 providere
415 1364 476 1425 tibi
489 1381 590 1442 super
602 1366 665 1428 hoc
678 1367 719 1427 de
731 1366 886 1444 benigni-
980 1346 1159 1420 H⁰n0fiusv
1175 1350 1258 1421 ⁰t⁰w
1281 1348 1466 1411 Venerabili
1490 1349 1624 1412 fratri-⁰
1649 1354 1733 1415 P01'·

89 1444 1734 1541 mfflwfflmmwmmfflwwwwwwfflffl

90 1558 140 1619 tur
158 1556 310 1635 ejusdem
322 1557 518 1620 subdiaconi
536 1560 643 1622 nostri
658 1561 813 1637 precibus
828 1563 884 1623 in·
939 1540 1052 1613 intem,
1067 1543 1129 1603 01⁰·

90 1653 215 1726 opinati,
227 1656 346 1732 „rjam
360 1654 449 1717 (1101,
463 1656 607 1718 ecelesia
622 1656 822 1735 ,1013ng
842 1659 884 1720 ad
979 1640 1084 1710 Quum
1100 1640 1295 1702 carissimus
1314 1639 1349 1701 in
1371 1642 1501 1707 Christo
1517 1641 1606 1704 tilius
1621 1644 1735 1706 noster

90 1752 233 1814 vestram
249 1752 510 1830 ecclesiampost
522 1756 767 1817 mmmmm
781 1756 884 1819 libere
939 1735 1012 1808 Ph,
1029 1752 1091 1797 rex
1112 1738 1318 1798 Francorum
1339 1738 1491 1811 illustris,
1516 1740 1611 1801 nobis
1632 1756 1733 1818 super

90 1849 286 1920 revertatur,
324 1849 492 1912 devotioni
524 1828 656 1923 vestras,
685 1854 884 1919 auctoritato
938 1849 1020 1910 pace
1032 1833 1123 1896 inter
1137 1834 1411 1896 dilectumdlium
1427 1836 1571 1899 nobilem
1583 1838 1730 1899 virum...

91 1946 304 2022 praesentium
327 1930 549 2023 indulgemus.
576 1948 670 2009 Nulli
698 1964 789 2026 ergo,
806 1952 881 2024 etc,
939 1930 1092 1993 ⁰⁰mitem
1144 1932 1363 1995 M⁰ssfiss0sfi⁵
1407 1935 1440 1996 θῒ
1496 1934 1733 2012 Immundum

90 2044 210 2105 uostrae
225 2044 466 2117 concessionis,
477 2046 540 2107 otc.
553 2046 588 2107 Si
599 2047 674 2123 quis
685 2051 807 2119 autem,
819 2049 881 2111 etc.
939 2028 1044 2088 fllium
1053 2028 1256 2105 quondam...
1267 2029 1398 2091 00miti⁸
1410 2031 1567 2093 T010⁸³111
1575 2033 1729 2105 tractata»

90 2141 205 2202 Datum
240 2140 410 2213 Laterani,
426 2144 482 2213 ,vl
510 2142 585 2203 idus
611 2142 769 2214 mmsis,
794 2160 882 2207 anno
938 2140 1017 2185 suas
1040 2124 1169 2186 litteras
1196 2124 1385 2200 destinavit,
1413 2127 1531 2189 nosci
1556 2129 1733 2207 rescripsi-

91 2238 238 2315 soptimo.
938 2234 1012 2279 mus
1027 2218 1062 2278 in
1074 2219 1163 2279 huno
1178 2218 1332 2279 modum:

978 2317 1187 2377 «Honorius
1211 2316 1398 2394 episcopus,
1417 2333 1534 2379 servus
1558 2334 1731 2380 servorum

937 2413 1008 2486 Dei,
1025 2412 1199 2475 carissimo
1214 2413 1249 2474 in
1272 2414 1497 2477 Christo‘tilio
1521 2414 1594 2488 Ph,
1608 2415 1733 2478 illustri

459 2550 515 2637 XI
936 2511 1009 2588 regi
1034 2512 1251 2584 Francorum,
1278 2511 1420 2573 salutem
1448 2513 1482 2574 et
1506 2513 1731 2590 apostolicam

525 2646 528 2649 -
936 2608 1210 2671 benedictionem.
1222 2609 1365 2671 Litteras
1378 2626 1461 2686 quas
1476 2626 1666 2687 super-pace
1679 2612 1734 2672 in-

110 2700 396 2776 adproperatum
412 2700 446 2763 et
464 2702 670 2765 conventum
685 2705 726 2766 de
742 2706 863 2767 Insula
935 2708 989 2768 ter
1006 2705 1150 2767 dileoum
1172 2705 1278 2767 lilium
1296 2706 1441 2767 nobilem
1460 2707 1607 2768 virum...
1624 2704 1734 2768 comi-

364 2799 602 2863 sarabodis.
936 2804 1003 2866 tem
1039 2801 1259 2864 Montislortis
1302 2803 1336 2865 et
1372 2803 1595 2865 Raimundum
1626 2803 1734 2865 fllium

364 2937 396 2996 ss
416 2937 509 2996 00wa
532 2938 611 2997 Μ
937 2900 1140 2978 quondam...
1168 2900 1298 2962 comitis
1323 2900 1478 2962 Tolosani
1503 2901 1655 2963 tractata,
1674 2902 1740 2964 tua.

96 3058 696 3126 L„
711 3059 881 3127 Μ
935 2996 1744 3172 ursariairtzvvrltrvss

126 3184 306 3259 aperiens.
322 3184 485 3243 Andreaeet
499 3185 630 3257 quadam
646 3184 791 3245 arraboni
805 3186 848 3245 en
936 3191 1131 3268 collegimus
1169 3190 1349 3254 intellectu.
1390 3191 1568 3255 catorum,
1585 3192 1663 3268 quia
1696 3193 1732 3254 in

406 3273 649 3347 mm„
937 3287 1732 3367 mmmmmmmmm

131 3390 295 3453 Honorius
326 3389 522 3467 episcopus,
555 3405 672 3453 servus
707 3405 881 3453 servorum
936 3387 1099 3470 divisione
1117 3387 1283 3448 terrarum
1303 3402 1377 3467 quaa
1396 3385 1438 3446 ad
1457 3389 1548 3447 tuam
1571 3386 1733 3463 jurisdic-

97 3486 161 3559 bei,
176 3488 308 3550 dilectis
323 3487 439 3548 filiis...
456 3487 633 3565 praeposito
649 3488 681 3549 et
702 3489 881 3550 conventui
934 3484 1059 3546 tionem
1069 3485 1219 3561 spectare
1234 3483 1400 3555 dicuntur,
1415 3484 1538 3545 mentio
1555 3483 1643 3546 facta
1656 3483 1747 3557 luit,r

98 3582 133 3645 de
150 3584 261 3646 Insula
283 3584 397 3645 Sancti
422 3583 597 3645 Michaelis
621 3583 708 3661 apud
738 3584 878 3667 Ulmam,
935 3582 1089 3657 gerentes
1114 3581 1154 3663 de
1180 3581 1238 3643 tua
1254 3581 1457 3664 sinceritate
1480 3581 1637 3643 fiduciam
1660 3583 1741 3660 ples⁴

98 3679 224 3745 salutem
240 3682 275 3743 et
285 3681 509 3759 apostolicam
519 3679 795 3743 benedictionem.
936 3679 1077 3751 niorem,
1094 3694 1196 3756 super
1209 3678 1264 3739 his
1279 3678 1534 3743 seronirautuae
1551 3676 1746 3741 deferimus,

131 3780 229 3850 Quum
244 3795 265 3840 a
280 3777 377 3839 nobis
391 3778 525 3854 petitur,
540 3778 628 3855 quod
639 3778 833 3854 justumest
848 3780 882 3840 et
935 3775 1150 3847 confidenter,
1169 3775 1344 3836 dummodo
1360 3777 1409 3836 sic
1432 3774 1646 3852 provideatur
1664 3776 1739 3837 ad·-

961 649 1013 707 Ad
1033 647 1201 709 Portcen.
1219 622 1426 723 episcopum,
1448 651 1487 710 Α.
1499 651 1534 711 S.
1549 650 1711 727 lercium.

98 3872 273 3948 honestum,
289 3881 361 3938 tam
379 3876 476 3951 vigor
492 3875 660 3955 aequitatis
676 3891 774 3952 quam
799 3875 880 3939 ordo
934 3889 1051 3934 versus
1088 3872 1281 3934 haereticam
1308 3873 1504 3948 pravitatem
1540 3873 1573 3935 et
1603 3874 1730 3950 pestem

98 3973 191 4049 exigit
202 3972 354 4045 rationis,
370 3972 409 4033 ut
428 3972 462 4033 id
475 3987 535 4050 per
550 3971 809 4035 sollicitudinem
824 3972 878 4034 of·
934 3969 1195 4047 ruptuariorum,
1235 3970 1268 4030 et
1304 3968 1438 4029 illorum
1473 3968 1647 4042 malitiam,
1673 3971 1729 4048 qui

99 4067 158 4130 dcii
168 4072 273 4132 nostri
283 4069 325 4131 ad
341 4069 702 4146 debitumperducatur
713 4069 878 4130 effectum.
934 4067 1033 4128 hona.
1050 4065 1279 4128 ecclesiastica
1304 4065 1511 4137 invaserunt,
1534 4067 1621 4143 quod
1646 4066 1730 4129 tides

102 4166 142 4227 lla
160 4170 303 4245 propter,
322 4165 436 4228 dilecti
457 4165 492 4227 in
511 4166 651 4228 Domino
667 4166 740 4239 tilii,
759 4166 880 4229 vestris
934 4163 1147 4240 integratam
1170 4162 1278 4241 quoad
1293 4163 1536 4225 restitutionem
1551 4164 1732 4241 possessio·

97 4262 185 4337 justia
210 4261 502 4343 postulationibus,
522 4266 618 4338 grato
640 4264 879 4325 concurrentes
915 4270 1013 4325 'num
1028 4260 1190 4323 hactonus
1212 4260 1468 4334 subtractarum,
1486 4262 1639 4339 quemad
1657 4278 1732 4322 ser-

100 4374 236 4434 assensu,
265 4359 428 4439 capellam
446 4359 559 4420 Sancti
573 4358 716 4422 Andreae
732 4360 829 4420 sitam
844 4360 880 4421 in
934 4358 1078 4421 vendam
1091 4357 1278 4420 libertatem
1295 4358 1558 4421 ecclesiasticam
1572 4359 1607 4419 in
1621 4359 1748 4422 futuro*

98 4456 167 4519 rilla
180 4461 278 4533 Stoa,
288 4474 351 4519 nec
365 4473 431 4519 non
445 4457 479 4518 et
492 4456 559 4518 alia
571 4456 660 4519 bona
670 4457 782 4519 vestra
794 4456 881 4519 sicut
935 4458 1087 4517 servetur
1111 4455 1229 4517 illaesa.
1248 4455 1409 4528 Quocirca
1439 4456 1740 4519 mansuetudinem<

100 4557 248 4619 eaomnia
263 4556 366 4634 juste,
382 4553 520 4632 pacifice
533 4569 574 4615 ac
592 4555 753 4615 canonico
766 4554 879 4632 possi·
933 4554 1025 4614 tuam
1047 4567 1204 4628 rogamus
1218 4553 1252 4613 et
1267 4568 1438 4615 monemus
1456 4554 1593 4627 attente,
1610 4555 1737 4631 quate·
1803 4577 1806 4585 ·

100 4649 182 4725 detis,
216 4653 312 4715 robis
335 4653 368 4713 et
393 4666 454 4729 per
486 4667 545 4713 ros
573 4650 724 4711 ecclosias
744 4652 881 4722 vestrae,
934 4665 997 4710 nus
1007 4648 1131 4727 quanto
1143 4648 1331 4711 fiducialius
1347 4649 1383 4711 iu
1393 4649 1447 4710 bis
1461 4649 1522 4711 tibi
1535 4649 1730 4724 deferimus,

102 4750 281 4813 auctoritate
294 4748 486 4827 apostolica
500 4749 735 4810 confirmamus
748 4748 783 4810 ot
793 4762 881 4826 prae·
934 4747 1027 4808 tanto
1046 4745 1237 4808 accuratius
1252 4746 1400 4818 studeas
1415 4746 1452 4809 ut
1470 4748 1535 4809 rite
1556 4747 1729 4825 praemissa

102 4843 192 4905 sends
200 4844 314 4922 scripti
327 4842 513 4921 patrocinio
521 4842 775 4904 communimus.
788 4841 880 4904 Nulli
934 4843 1046 4907 omnia
1061 4843 1275 4920 impleantur.
1288 4845 1408 4905 Datum
1418 4844 1586 4916 Laterani,
1601 4846 1643 4907 lv
1655 4844 1731 4907 idus

102 4951 169 5015 ergo
183 4941 315 5003 omnino
327 4939 499 5002 hominum
510 4940 611 5001 liceat
622 4940 709 5001 hauc
724 4940 879 5016 paginam
935 4939 1089 5011 octobris,
1105 4940 1316 5017 pontificatus
1329 4941 1435 5002 nostri
1449 4957 1538 5003 anno
1553 4942 1731 5018 septimo.»

102 5024 779 5114 nostraeconfirmationisiniriugerovelei
794 5052 881 5097 ausu
974 5036 1118 5115 Ideoque
1151 5036 1395 5101 fraternitatem
1431 5041 1522 5100 tuam
1559 5054 1731 5101 monemus

101 5130 260 5199 temerario
289 5134 469 5198 contraire.
495 5135 530 5196 Si
560 5135 634 5211 quis
669 5134 780 5196 autem
815 5133 880 5195 hoc
935 5136 1070 5208 attente,
1103 5149 1164 5211 per
1185 5135 1375 5212 apostolica
1401 5136 1462 5197 tibi
1485 5136 1609 5212 scripta
1635 5152 1736 5198 man·-

103 5232 249 5296 abenbre
260 5232 522 5311 praesumpserit,
535 5230 798 5307 indignationem
809 5247 884 5292 om·
935 5233 1064 5304 dantes,
1081 5234 1245 5310 quatenus
1266 5249 1343 5294 cum
1366 5233 1507 5295 consilio
1531 5232 1620 5308 rogis
1643 5248 1743 5309 prae«

104 5328 263 5406 bipotentis
276 5330 336 5392 Dei
365 5331 399 5392 et
418 5328 590 5390 beatorum
615 5329 706 5390 Petri
731 5329 764 5389 et
784 5327 881 5388 Pauli
935 5328 1026 5400 dicti,
1052 5330 1085 5391 et
1107 5329 1293 5405 legatorum
1318 5328 1480 5399 Francis,
1516 5343 1556 5388 ac
1588 5327 1738 5390 aliorum

106 5428 312 5501 apostolorum
340 5429 412 5503 ejus
443 5441 479 5488 se
504 5425 636 5488 noverit
655 5426 879 5489 incursurum.
936 5425 1150 5503 praelatorum
1172 5426 1229 5504 qui
1250 5427 1292 5487 ad
1315 5426 1378 5487 hoc
1399 5424 1525 5485 suerint
1542 5426 1732 5502 opportuni,

106 5520 209 5587 batum
225 5525 391 5597 Laterani,
404 5525 431 5584 V
445 5522 521 5585 idus
534 5522 690 5597 octobris,
706 5522 883 5599 pontibca-
937 5539 1038 5601 super
1060 5523 1113 5585 his
1135 5523 1316 5585 secundum
1337 5520 1510 5599 praemissa
1530 5521 1630 5599 plane
1654 5522 1741 5589 dolis

108 5617 154 5681 tus
166 5623 263 5685 nostri
279 5637 368 5685 anno
381 5621 532 5699 septimo.
937 5620 1034 5683 beros
1054 5620 1095 5682 ad
1118 5636 1233 5697 pacem
1253 5618 1405 5691 fideliter,
1423 5619 1456 5680 et
1475 5618 1655 5703 prudenter
1675 5619 1750 5681 in*-
