3930 6206
59 231 116 291 797

54 388 200 452 serimus
222 390 431 466 potestatem,
459 388 509 452 sic
534 386 667 451 studeas
694 390 848 466 protare

53 484 158 562 mains
178 485 268 561 regis
285 487 415 562 angliae
430 485 670 553 conseruando,
686 484 772 561 qnod
795 485 850 545 di·

52 582 225 658 ligentiam
251 584 283 644 et
311 583 568 645 sollicitudinem
604 583 696 645 tuam
730 583 848 643 merito

52 680 284 741 commendare
299 680 476 757 possimus,
488 682 520 742 et
530 680 617 741 idern
629 694 690 740 rex
699 678 848 740 debitum

53 776 85 838 et
99 777 269 852 speratum
284 776 319 837 in
333 777 524 853 apostoliea
544 777 628 841 sede
654 775 848 852 praesidium

52 886 88 933 se
102 872 250 946 gaudeat
263 873 443 934 invenisse.
471 874 591 937 Datum
615 872 783 944 Laterani,
802 874 849 933 lll

52 968 119 1030 kal.
133 969 258 1042 martii,
275 983 363 1033 anno
378 985 478 1033 nono.

402 1262 505 1352 XCV

56 1414 107 1505 Ad
130 1416 360 1489 praepositum
388 1414 422 1476 et
448 1415 627 1475 certiorem
652 1415 687 1475 S.
708 1415 847 1481 Martae,

91 1512 125 1574 et
163 1510 375 1588 manistram
409 1513 621 1582 Michaelem,
644 1513 848 1575 corrontcttot

91 1610 126 1670 S.
156 1610 291 1671 Nicolot
312 1609 563 1669 Ambioocasts.

310 1748 346 1806 27
362 1744 496 1805 februarii
509 1747 588 1807 rant.

83 1881 206 1944 [aaran
216 1880 262 1931 lib.
273 1880 319 1939 lx,
328 1880 406 1945 epist.
414 1879 467 1932 198.
481 1881 540 1930 llst.
553 1880 589 1929 La
600 1878 720 1929 Portedu
731 1876 824 1941 Thell]

53 2004 169 2063 llandat
182 2005 226 2063 eis
244 2010 276 2060 ut
288 2004 407 2061 ciericos
429 2003 568 2075 quosdam
583 2004 632 2075 qni
647 2003 794 2073 ecclesias,
812 2001 848 2059 ad

87 2092 184 2150 Sancti
198 2091 315 2150 vedasti
334 2090 530 2149 Atrebatensis
556 2092 762 2148 monasterium
784 2106 847 2163 per·

85 2181 220 2249 tinentes,
239 2178 449 2249 deserviebant,
466 2178 501 2235 ad
529 2194 628 2237 sacros
642 2178 757 2236 ordines
773 2179 844 2236 reci·

85 2267 210 2342 piandos
223 2276 339 2341 cogant.

90 2413 272 2485 Honorius,
293 2411 368 2484 etc,
385 2410 514 2474 dilectis
527 2410 605 2472 filiis
626 2412 803 2488 praeposito
816 2413 849 2495 et

51 2511 184 2572 cantori
198 2510 327 2571 Sanctae
335 2509 462 2581 Mariae,
473 2509 845 2585 eimagistroMicbaeli,

51 2608 217 2669 canonico
244 2607 358 2668 Sancti
377 2607 509 2668 Nicolai
528 2605 771 2678 ambianensis,
790 2620 849 2668 sa-

50 2705 168 2778 lutem,
189 2706 253 2766 eto.

90 2804 142 2863 Ex
170 2803 300 2877 parte...
325 2799 453 2863 abbatis
468 2799 502 2862 et
523 2799 708 2861 conventus
733 2800 848 2861 Sancti

51 2899 192 2961 vedasti
211 2898 439 2961 atrebatensis
460 2897 559 2959 nobis
579 2898 629 2958 est
643 2897 752 2960 oblata
767 2913 849 2974 qne-

52 2998 136 3069 rela,
155 2996 241 3073 qnod
257 3012 331 3057 cnm
351 2999 390 3056 A.
411 2996 444 3057 et
467 2994 663 3071 quibusdam
688 2995 764 3055 aliis
780 2996 850 3056 cle-

51 3095 135 3155 ricis
161 3093 320 3171 quasdam
342 3093 545 3157 contulerint
565 3092 775 3168 parochiales
788 3108 848 3153 ec-

51 3192 176 3253 clesias
200 3192 402 3267 pertinentes
426 3188 467 3249 ad
494 3190 595 3265 ipsos,
610 3186 711 3250 iidem
734 3190 848 3250 clerici

50 3289 94 3352 ad
121 3289 257 3350 ordines
287 3303 369 3365 quos
393 3287 546 3348 ecclesiae
570 3287 652 3363 ipsae
676 3287 850 3364 requirunt

50 3403 113 3465 pro
130 3401 192 3446 suo
206 3385 362 3446 recusant
375 3383 514 3445 arbitrio
530 3384 729 3467 promoveri,
748 3400 850 3465 prop-

49 3486 103 3546 ter
118 3483 207 3560 quod
222 3482 345 3543 eaedem
361 3481 511 3542 ecclesiae
534 3480 653 3541 debitis
681 3481 849 3558 obsequiis

50 3579 302 3643 defraudantur.
321 3582 429 3651 Quare
443 3578 574 3657 praefati
589 3577 693 3638 abbas
716 3580 749 3640 et
768 3594 850 3640 cou-

50 3680 173 3742 ventus
186 3676 353 3754 provideri
369 3691 469 3751 super
479 3675 542 3735 hoc
550 3690 610 3751 per
622 3674 739 3736 Sedem
749 3679 850 3752 Apos-

51 3776 191 3838 tolicam
217 3774 398 3851 petierunt,
423 3772 577 3849 quodvel
592 3772 634 3832 ad
659 3772 850 3851 hujusmodi

50 3872 189 3935 ordines
213 3870 470 3948 promoveantur
506 3868 621 3929 clerici
653 3869 847 3944 supradicti,

48 3970 116 4043 rel,
136 3968 237 4030 ideis
264 3966 500 4040 omittentibus,
516 3967 713 4028 anctoritate
734 3969 849 4028 nostra

49 4068 116 4145 ipsi
146 4065 293 4127 habeant
318 4064 508 4126 facultatem
532 4064 667 4124 easdem
690 4064 849 4124 ecclesias

51 4165 131 4231 aliis
156 4163 309 4240 personis
329 4162 471 4229 idoneis,
488 4176 562 4237 quae
576 4160 659 4236 ipsis
675 4160 711 4220 in
727 4159 850 4223 talibus

50 4260 229 4325 ordinibus
244 4261 403 4331 serviant,
420 4257 624 4319 conferendi.
644 4259 724 4319 Cum
739 4258 850 4318 autem

49 4358 162 4436 magis
175 4358 219 4419 sit
233 4356 472 4434 providendum
481 4354 644 4426 ecclesiia,
661 4370 760 4432 quam
773 4370 852 4431 per·

50 4458 163 4528 sonis,
199 4452 391 4518 discretioni
424 4454 544 4515 restrae
568 4468 627 4529 per
659 4452 850 4528 apostolica

50 4555 180 4632 scripta
216 4551 428 4622 mandamus,
456 4550 636 4629 quatenus,
663 4548 692 4609 si
718 4551 768 4610 est
791 4548 848 4621 ita,

677 224 907 293 aptarem,
929 228 1009 289 ΙιΙΒ.
1030 231 1087 291 ΙΧ.

1641 235 1703 297 798

904 387 1069 459 statuatis,
1086 385 1257 461 facientes,
1284 388 1346 451 etc.
1371 389 1496 460 Testes,
1516 390 1578 455 etc.
1605 388 1698 462 Quod

904 486 932 544 si
947 500 1013 549 non
1027 500 1153 559 omnes,
1170 485 1232 547 etc.
1249 485 1368 549 Datum
1382 487 1550 559 Laterani,
1573 489 1620 549 111
1634 487 1698 549 ka-

904 582 1019 645 lendas
1034 584 1157 656 martii,
1172 598 1260 646 anno
1270 599 1371 647 nono.

1002 1010 1362 1085 dearchiepiscopare
1382 1014 1596 1075 demersam.

1165 1140 1199 1197 27
1210 1137 1344 1199 februarii
1358 1142 1437 1199 itit.

928 1261 1050 1327 tanen,
1061 1261 1105 1313 lib.
1117 1262 1243 1328 lX,epist.
1256 1265 1311 1314 lta.
1325 1266 1383 1315 llas.
1393 1266 1513 1317 Lal'nrte
1522 1267 1558 1317 dn
1573 1267 1666 1332 rnen]

950 1385 1067 1444 Mandat
1080 1387 1107 1443 ei
1119 1394 1150 1444 ut
1163 1388 1319 1460 capitulum
1333 1390 1517 1462 lingonense
1531 1390 1651 1464 exigens

1093 1475 1128 1533 nd
1140 1491 1222 1534 suam
1237 1478 1355 1536 tutelam
1366 1485 1508 1537 coerceat.

943 1602 1121 1671 Honorius,
1135 1603 1198 1665 etc.

942 1697 1151 1761 Venerabilis
1177 1699 1281 1761 frater
1311 1702 1487 1762 noster....¹.
1521 1701 1697 1779 episcopus
1739 1724 1746 1737 ¹

903 1794 1134 1872 Lingonensis,
1147 1797 1243 1861 nobis
1262 1797 1437 1859 insinuare
1453 1798 1593 1869 curavit,
1609 1799 1696 1877 quod

904 1893 1034 1970 quando
1060 1894 1222 1969 contingit
1243 1895 1384 1970 injurias
1406 1895 1523 1957 inferri
1552 1896 1696 1973 capitulo

903 1991 1123 2066 lingonensi,
1147 1992 1225 2052 licet
1254 1991 1328 2067 ipse
1351 1995 1487 2069 paratus
1511 1994 1554 2053 sit
1581 1995 1697 2055 contra

902 2088 1118 2164 injnriatores
1144 2088 1292 2165 ipsorum
1321 2090 1515 2150 canonicam
1540 2105 1697 2151 exercere

903 2201 1092 2257 censuram,
1116 2185 1179 2261 ipsi
1200 2201 1408 2263 nequaqnam
1424 2203 1463 2248 eo
1479 2188 1623 2249 contenti
1639 2203 1697 2248 re-

903 2282 1039 2358 quirunt
1067 2282 1108 2343 ab
1132 2283 1204 2358 ipso
1234 2284 1388 2360 episcopo
1405 2286 1442 2345 nt
1461 2300 1616 2359 guerram
1631 2300 1699 2345 mo·

902 2372 979 2440 'reat
1001 2380 1116 2441 conire
1135 2395 1204 2451 eos,
1222 2380 1308 2457 quod
1328 2380 1395 2440 nisi
1421 2380 1548 2452 fecerit,
1565 2381 1698 2443 cessant

903 2477 1060 2538 continuo
1078 2476 1242 2549 adirinis,
1255 2478 1291 2537 in
1305 2480 1377 2555 ejus
1394 2477 1550 2555 injuriam
1566 2479 1598 2539 et
1613 2494 1696 2539 con-

902 2574 1073 2650 temptum.
1111 2574 1271 2645 Quocirca
1313 2574 1514 2637 fraternitati
1549 2576 1615 2636 tuae
1639 2591 1700 2652 per

902 2671 1091 2747 Apostolica
1127 2672 1251 2748 scripta
1284 2671 1495 2743 mandamus,
1533 2676 1697 2749 quatenus

903 2768 1100 2830 auctoritate
1115 2770 1229 2831 nostra
1244 2769 1398 2833 inhibeas
1412 2770 1557 2846 capitulo
1573 2785 1698 2846 snpra-

903 2865 1002 2934 dicto,
1030 2881 1072 2926 ne
1100 2866 1275 2927 occasione
1306 2867 1496 2945 hujusmodi
1522 2883 1542 2927 a
1576 2866 1699 2928 diuinis

904 2979 1034 3047 cessare
1050 2966 1253 3040 praesumant
1268 2964 1413 3025 maxime
1425 2964 1460 3023 in
1476 2964 1699 3040 contemptum

904 3060 1051 3136 episcopi
1074 3059 1266 3136 supradicti,
1284 3076 1342 3120 eos
1369 3060 1399 3120 si
1417 3061 1532 3122 contra
1545 3060 1699 3136 probibi-

903 3157 1028 3219 tionem
1046 3157 1136 3217 tuam
1157 3157 1274 3217 venire
1287 3156 1569 3233 praesumpserint,
1588 3157 1701 3218 taliter

905 3254 946 3316 ad
972 3255 1141 3331 querelam
1165 3254 1271 3330 ipsius
1296 3254 1444 3335 episcopi
1459 3255 1572 3319 nostra
1595 3253 1700 3314 fretus

905 3351 1114 3423 auctoritate,
1142 3362 1401 3427 percensuram
1426 3350 1698 3423 ecclesiasticam,

905 3448 1040 3524 cognita
1061 3448 1215 3519 veritate,
1239 3448 1417 3524 castigans,
1442 3447 1527 3525 quod
1549 3447 1634 3511 alias
1649 3447 1702 3508 at-

904 3548 1033 3607 tentare
1057 3545 1180 3606 similia
1206 3536 1432 3609 reformident.
1460 3548 1579 3606 Datnm
1602 3545 1702 3606 Late-

903 3642 990 3714 rani,
1008 3644 1054 3702 lll
1069 3642 1231 3703 kalendas
1247 3643 1369 3716 martii,
1385 3659 1473 3705 anno
1485 3658 1585 3703 nono.

1225 3915 1375 4002 ¹XCVII

985 4070 1037 4128 Ad
1059 4069 1354 4140 archiepiscopum
1375 4067 1618 4127 santonensem.

1163 4198 1198 4255 2?
1212 4195 1347 4254 februarii
1362 4196 1440 4254 falb.

947 4320 1065 4385 marest,
1079 4318 1179 4379 libili,
1193 4332 1234 4384 ep.
1244 4320 1300 4371 nio.
1313 4321 1372 4370 blas.
1391 4320 1427 4370 La
1441 4320 1517 4370 Porta
1529 4318 1564 4369 dn
1578 4318 1672 4382 lircil]

906 4444 1038 4518 indulget
1060 4451 1092 4502 nt
1105 4444 1297 4503 visitationem
1319 4443 1477 4501 adsedem
1495 4445 1701 4516 apostolicam,

941 4548 1026 4607 qnam
1041 4534 1116 4591 circa
1139 4532 1241 4590 festum
1263 4533 1475 4605 assumptionis
1491 4547 1526 4590 ex
1539 4533 1701 4606 juramento

50 4651 181 4713 eisdem
196 4649 328 4710 ΜΘΗ
342 4647 382 4708 ad
394 4645 761 4723 vestrampraesenppam
771 4661 852 4707 con,
940 4638 993 4679 suo
1007 4621 1157 4680 tenebatur
1172 4619 1277 4689 facore,
1301 4619 1337 4678 nd
1352 4617 1455 4678 festum
1473 4621 1637 4679 Natiuitatis
1661 4634 1702 4678 re

49 4747 194 4815 vocatis,
220 4746 253 4807 et
279 4745 365 4822 quod
392 4740 577 4820 suscipiant
603 4731 737 4803 ordines
769 4758 851 4819 quos
942 4716 1045 4768 mmm·
1102 4750 1105 4755 ·

49 4845 230 4922 requirunt
244 4842 393 4903 ecclesiae
404 4843 608 4909 memoratae,
619 4840 797 4901 admonitis
806 4839 852 4898 di·
945 4835 1125 4905 Honorius,
1138 4836 1214 4905 etc„
1229 4833 1413 4896 venerabili
1429 4833 1563 4895 fratri...
1580 4835 1698 4896 archi-

50 4942 211 5018 ligenter,
230 4939 259 4999 si
273 4954 340 5000 non
352 4936 581 5016 acquieverint
594 4936 645 4997 illi
666 4935 772 5003 vobis,
789 4952 851 4995 su·
907 4934 1062 5010 episcopo
1078 4931 1274 5003 senonensi,
1291 4931 1451 5013 salutem,
1464 4932 1527 4992 etc.

50 5055 114 5118 per
142 5038 351 5115 promotione
387 5035 584 5096 clericorum
617 5034 766 5110 ipsorum
793 5049 852 5095 seu
947 5029 1139 5107 Exposuisti
1154 5044 1214 5105 per
1235 5028 1370 5091 nuntios
1390 5029 1465 5089 tuos
1479 5028 1574 5088 nobis
1596 5028 1631 5088 in
1646 5044 1703 5091 re-

51 5150 218 5198 concessa
245 5120 412 5210 praedictis
443 5130 603 5191 facultate
627 5130 741 5207 petita,
766 5128 852 5206 qnod
908 5129 1058 5205 ceptione
1086 5126 1180 5202 pallii
1205 5127 1237 5187 te
1259 5129 1412 5202 jurasse,
1442 5125 1528 5201 quod
1561 5125 1703 5200 singulis

51 5231 256 5295 canonicum
274 5229 385 5302 fuerit,
410 5228 633 5305 appellatione
657 5227 851 5304 postposita,
905 5222 1193 5301 annisperte,vel
1208 5221 1699 5299 parcentumnnntiumsedem

52 5397 227 5458 describitur
238 5410 267 5454 n.
285 5399 311 5465 l,
332 5396 397 5453 deta
415 5392 461 5451 die
482 5394 649 5466 dongasti3
672 5378 759 5457 altera
782 5408 851 5449 con·
908 5390 1021 5451 anobis
1034 5397 1127 5449 actum
1147 5402 1279 5462 agamus,
1292 5386 1494 5445 recurrendum
1514 5393 1558 5444 est
1573 5386 1609 5445 ad
1623 5388 1699 5462 epis·

52 5470 175 5528 troctior
198 5482 227 5524 n.
252 5464 313 5533 lta,
342 5466 449 5538 absque
478 5465 615 5536 temporis
641 5463 799 5535 signaculo,
823 5463 852 5519 fn
908 5462 995 5519 tolam
1011 5460 1261 5533 superinsaditsm
1281 5474 1308 5515 n.
1323 5460 1349 5515 l.
1368 5457 1534 5531 (manuel.)

48 5541 135 5598 huuc
148 5535 421 5597 locumretrabeoda
433 5533 587 5597 rideretur.
602 5535 645 5592 lle
657 5541 752 5592 autem
764 5534 853 5590 semol
869 5594 873 5607 ,
