3886 6214
203 296 260 362 tat

514 462 689 552 CCXVII

203 618 256 678 Ad
269 618 474 691 episcopum,
487 617 655 676 decanum
669 612 703 674 ct
716 614 997 675 archidiaconum

469 712 724 774 atrebatenses.

492 841 525 899 II
536 841 609 915 junii
625 841 705 899 1222.

228 968 353 1037 Inapaei,
364 967 410 1020 lib.
420 967 464 1030 vl,
475 966 551 1032 epist.
562 966 617 1016 lat.
628 966 686 1015 1101.
697 965 963 1028 massabuiani]

201 1086 318 1146 Mandat
328 1092 359 1144 ut
368 1098 468 1143 omnes
481 1095 636 1141 conversas
647 1089 705 1139 tam
720 1082 886 1139 monasterii
899 1082 995 1141 Sancti

235 1175 345 1235 Nicolai
356 1173 392 1231 dc
406 1171 560 1231 hrrovasio
574 1185 661 1244 quam
675 1169 824 1228 domorum
838 1171 866 1227 ei
880 1170 992 1244 subjec-

235 1271 329 1323 tarum
341 1263 371 1319 in
386 1276 443 1320 nna
457 1260 558 1320 cellula
573 1259 746 1317 commorari
760 1257 875 1317 lactant.

240 1387 703 1463 Honorius‚etc.,venerabili
717 1370 992 1464 iratriepiscopo,
1030 1396 1032 1403 ’

200 1491 235 1553 et
246 1489 376 1551 dilectis
387 1487 465 1548 tiliis
476 1487 601 1549 decano
612 1487 645 1548 et
655 1483 892 1551 archidiacono
901 1484 994 1546 Atre·

199 1585 312 1649 baten.

242 1685 309 1745 Sua
332 1682 464 1745 nobis...
489 1681 593 1743 abbas
619 1682 653 1742 et
676 1681 858 1743 conventus
880 1678 994 1742 Sancti

201 1781 333 1845 Nicolai
343 1781 384 1842 de
395 1779 587 1852 Arrotasio,
599 1778 727 1841 ordinis
741 1778 855 1841 Sancti
867 1781 994 1854 Augus·

199 1879 274 1951 tini,
287 1878 532 1956 significatione
542 1877 781 1947 monstrarunt,
793 1875 879 1955 quod
893 1891 994 1953 quum

199 1977 369 2048 mulieres,
384 1991 457 2053 quaa
471 1975 613 2052 receptae
632 1974 763 2035 suntin
784 1988 899 2035 eorum
918 1988 993 2034 mo-

199 2075 348 2138 nasterio
368 2075 402 2161 ⁰I
422 2072 579 2150 subjectis
601 2071 665 2132 sibi
683 2069 833 2132 domibus
852 2071 888 2131 in
907 2085 992 2132 con-

197 2188 315 2236 versas
330 2187 397 2234 non
410 2171 509 2232 simul
522 2170 559 2231 in
574 2184 652 2241 una,
667 2168 726 2230 sed
741 2168 873 2230 diverse
887 2167 922 2228 in
935 2167 991 2229 di-

198 2271 306 2335 versis
316 2269 422 2346 ipsius
432 2266 560 2329 ordinis
570 2265 722 2329 domibus
733 2266 991 2339 commorentur,

199 2367 391 2444 frequenter
411 2365 452 2427 de
479 2364 563 2442 ipsis
589 2362 735 2440 suspicio
761 2362 849 2424 mala
873 2363 990 2425 oritur.

199 2465 294 2528 Unde
307 2466 376 2527 tam
390 2463 440 2525 eis
454 2478 553 2540 quam
567 2463 668 2523 tetius
684 2460 850 2524 honestati
864 2460 992 2523 ordinis

199 2563 387 2638 derogatur.
405 2562 511 2632 Quum
525 2560 647 2631 antem,
668 2560 706 2622 ut
723 2558 874 2636 praedicti
889 2557 992 2620 abbas

197 2661 232 2724 et
246 2660 427 2722 conventus
441 2658 605 2729 asserunt,
619 2657 669 2719 eis
684 2672 786 2734 super
798 2656 862 2718 hoc
876 2656 992 2718 utilius

198 2757 368 2841 provideri
391 2771 459 2818 non
487 2754 599 2817 valeat
623 2770 722 2832 quam
754 2753 841 2832 quod
867 2753 992 2837 eaedem

197 2855 356 2918 mulieres
371 2870 392 2914 a
410 2852 613 2915 monasterio
626 2854 660 2914 et
677 2851 828 2914 domibus
842 2851 991 2929 praelatis

136 2968 140 2975 ’
197 2953 325 3017 eductae
353 2949 454 3013 simul
476 2951 513 3012 in
536 2950 649 3028 aliqua
668 2949 774 3026 ipsius
797 2949 991 3011 monasterii

196 3050 282 3113 cella
319 3050 496 3127 ponantur,
540 3046 733 3109 discretioni
766 3047 886 3110 vestrae
931 3062 992 3126 per

196 3148 389 3226 apostoliea
425 3146 549 3222 scripta
586 3143 792 3217 mandamus,
827 3146 990 3221 quatenus

196 3260 312 3309 omnes
340 3258 518 3306 conversas
544 3245 612 3304 tam
642 3241 749 3319 ipatus
783 3242 988 3316 monasterii,

196 3358 296 3420 quam
328 3341 500 3403 domorum
532 3337 766 3414 praedictarum
793 3338 829 3400 in
857 3354 924 3401 una
950 3339 990 3400 de

195 3438 370 3502 memorati
385 3435 579 3498 monasterii
595 3435 725 3497 cellulis
744 3435 785 3497 ad
806 3436 869 3498 hoc
883 3437 989 3512 magis

194 3537 317 3603 idonea
336 3534 587 3611 congregantes,
607 3533 698 3609 ipsas
718 3532 849 3595 faciatis
866 3533 989 3596 ibidem

196 3634 258 3698 sub
268 3631 417 3710 regulari
429 3630 652 3702 observantia,
664 3631 763 3707 prout
775 3630 990 3709 utrorumque

138 3764 146 3781 ι
194 3732 293 3795 lamae
321 3746 362 3793 ac
389 3728 490 3791 saluti
515 3728 673 3805 expedire
698 3727 861 3801 videritis,
897 3744 990 3791 com-

193 3828 331 3902 morari,
357 3826 618 3891 contradictores
639 3841 902 3903 percensuram
927 3841 988 3888 ec-

194 3927 428 3998 clesiasticam,
456 3919 587 3986 sublato
613 3923 846 4001 appellationis
875 3923 989 3987 obsta-

194 4026 282 4098 0010,
294 4023 544 4102 compescendo.
557 4022 648 4094 Quod
659 4023 688 4084 si
698 4038 765 4085 non
780 4037 906 4096 omnes,
922 4024 985 4086 etc.

193 4125 311 4188 Datum
330 4121 447 4193 alatri,
461 4122 552 4182 XVII
568 4119 729 4182 kalendas
739 4120 829 4198 julii,
847 4120 986 4198 pontid-

193 4223 288 4285 catus
302 4219 409 4282 nostri
425 4232 514 4280 anno
531 4216 638 4279 sexto.
657 4219 662 4228 “

494 4480 689 4570 CCXVIII

189 4637 243 4701 Ad
262 4636 445 4698 ttntocrsos
463 4633 592 4696 Christi
611 4633 727 4705 ddetcs
744 4634 783 4694 tn
798 4636 981 4709 asbania.

482 4764 517 4822 lb
526 4762 599 4837 junii
616 4763 695 4822 1222.

340 4886 485 4954 magnaldi,
497 4886 564 4938 dnn.
577 4887 609 4937 ad
621 4900 663 4937 an.
676 4886 746 4946 1222,
759 4886 835 4953 lta]

823 288 1001 352 nortotttt
1021 288 1068 351 111
1088 286 1237 354 OPERA.

1788 293 1847 356 192

1050 449 1158 512 eidem
1182 465 1245 513 nos
1272 448 1399 528 obligat
1425 450 1560 515 vinculo
1585 452 1738 529 speciali.
1764 452 1846 514 cum

1050 547 1198 609 enimait
1216 547 1374 611 Ecclesia
1396 551 1555 612 Romana
1575 548 1756 622 vassallus,
1779 565 1847 611 000

1052 643 1159 705 solum
1184 646 1299 707 contra
1323 646 1479 708 inimices
1502 646 1647 707 nominis
1668 646 1846 708 christiani

1052 739 1116 801 sibi
1135 741 1300 803 auxilium
1324 744 1477 805 tenemur
1499 743 1704 820 impendere,
1729 758 1846 805 verum

1049 838 1150 899 etiam
1178 840 1295 901 contra
1323 840 1541 910 Christianos,
1563 841 1604 913 si,
1632 840 1719 918 quod
1745 841 1844 913 absit,

1049 938 1185 1010 urgeret
1201 937 1395 1009 necessitas,
1413 939 1604 999 teneremur
1617 936 1726 999 eidem
1744 937 1846 1000 lave-

1049 1046 1119 1092 rem
1146 1033 1179 1093 et
1208 1032 1392 1095 subsidium
1421 1033 1593 1096 exhibere.
1622 1034 1706 1106 Quia
1739 1034 1846 1110 igitur

1048 1128 1169 1201 Mauri,
1198 1129 1318 1208 quibus
1343 1132 1434 1192 terra
1459 1131 1566 1207 ipsius
1594 1130 1745 1193 noscitur
1769 1147 1845 1194 esse

1048 1226 1215 1302 contigua,
1239 1242 1338 1303 qnam
1355 1227 1438 1289 adeo
1457 1227 1584 1289 crebris
1606 1227 1774 1290 lacessere
1792 1227 1847 1289 di-

1048 1324 1169 1385 cnntur
1187 1323 1333 1401 injuriis,
1350 1327 1387 1386 ut
1406 1325 1562 1387 credatur
1575 1326 1634 1387 vix
1646 1341 1747 1403 posse
1763 1341 1848 1388 con·

1047 1420 1187 1497 tingere,
1208 1422 1437 1501 quintandem
1452 1423 1612 1485 intereos
1631 1438 1755 1500 guerra
1772 1440 1847 1485 ma-

1048 1517 1200 1581 nilestior
1210 1518 1349 1592 oriatur,
1359 1535 1418 1581 vos
1428 1520 1522 1582 tanto
1532 1520 1715 1582 studiosius
1726 1523 1844 1583 contra

1048 1615 1127 1677 illos
1147 1616 1298 1679 volentes
1321 1618 1479 1680 assistere
1501 1616 1589 1680 dicto
1612 1618 1696 1694 regi,
1719 1620 1846 1696 quanto

1047 1713 1172 1774 corilus
1191 1715 1242 1776 est
1256 1730 1314 1776 eos
1328 1730 1396 1776 000
1417 1713 1524 1776 solum
1540 1715 1647 1793 ipsius
1661 1716 1763 1792 regis,
1785 1716 1845 1779 sed

1047 1810 1149 1872 etiam
1166 1810 1425 1872 christianorum
1439 1812 1587 1874 omnium
1606 1813 1753 1875 existere
1772 1814 1845 1874 ini-

1048 1907 1161 1980 mlcos,
1180 1908 1432 1971 universitatem
1454 1912 1599 1972 vestram
1620 1925 1789 1986 rogamus,
1810 1911 1846 1973 et

1047 2004 1259 2067 obsecramus
1279 2006 1315 2067 in
1328 2007 1560 2070 Dominoiesu
1577 2006 1719 2079 Christo,
1743 2023 1783 2069 00
1805 2009 1844 2070 10
1932 2054 1941 2083 ,

1046 2102 1279 2165 remissionem
1288 2102 1383 2166 vobis
1394 2104 1600 2181 injungimus
1615 2105 1841 2181 peccatoram,

1047 2200 1209 2277 quatenus
1225 2200 1256 2260 si
1276 2199 1361 2262 iorte
1382 2201 1448 2278 ipsi
1472 2202 1580 2263 Mauri
1595 2217 1752 2277 guerram
1767 2203 1846 2279 regi

1046 2294 1187 2358 iecerint
1206 2312 1296 2375 saepe
1317 2297 1416 2371 dicto,
1439 2298 1547 2360 eidem
1567 2313 1628 2376 pro
1651 2299 1844 2362 reverentia

1045 2395 1125 2456 iesu
1140 2394 1272 2465 Christi,
1290 2397 1323 2456 et
1342 2394 1470 2458 honore
1490 2396 1634 2457 nominis
1650 2394 1843 2469 christiani,

1046 2506 1263 2568 personarum
1285 2494 1318 2553 et
1334 2507 1447 2554 rerum
1468 2493 1632 2554 auxilinm
1647 2493 1793 2555 viriliter
1808 2494 1846 2556 et

1045 2587 1226 2651 efficaciter
1244 2589 1455 2666 impendatis,
1480 2591 1516 2652 nt
1532 2592 1681 2667 ipserum
1702 2593 1845 2652 Mauro-

1045 2702 1119 2747 rum
1144 2674 1271 2759 ler'itas,
1299 2688 1435 2749 anctore
1459 2687 1610 2760 Domino,
1635 2703 1695 2765 per
1717 2690 1844 2752 vestrae

1045 2784 1177 2846 virtutis
1192 2783 1355 2845 auxilium
1370 2785 1620 2862 comprimatur,
1637 2785 1700 2848 etc.

1080 2877 1325 2952 indulgentiarum
1341 2881 1458 2952 praemia
1472 2880 1518 2952 iis,
1537 2880 1585 2954 gui
1600 2881 1655 2954 ipsi
1670 2881 1699 2938 in
1713 2894 1750 2938 ec
1763 2879 1844 2940 belle

1045 2968 1148 3025 auxilia
1164 2967 1289 3037 tulerint,
1305 2968 1462 3040 pollicetur.

1084 3058 1203 3119 Datum
1223 3058 1342 3130 alatri,
1358 3059 1450 3120 xvlt
1464 3057 1626 3121 kalendas
1636 3059 1727 3137 julii,
1749 3074 1842 3139 pon·
1941 3124 1942 3127 ,

1044 3155 1189 3217 titicatus
1205 3156 1311 3219 nostri
1324 3171 1413 3218 anno
1427 3156 1533 3219 sexto.

1365 3466 1517 3556 CCXIX

1093 3618 1146 3678 Ad
1159 3618 1339 3692 Alfenam
1349 3632 1469 3695 regem
1482 3619 1782 3696 Portugutcnscm.

1335 3748 1368 3807 td
1377 3748 1450 3822 junii
1463 3748 1543 3807 1222.

1157 3871 1303 3938 mapsa,
1316 3872 1394 3934 mn,
1406 3866 1440 3924 aa
1452 3887 1493 3924 aa.
1507 3873 1577 3933 1111,
1589 3872 1603 3938 g
1617 3872 1716 3939 tous]

1042 3988 1129 4063 Regia
1147 3988 1386 4047 excommunicati
1400 3989 1459 4047 iras
1473 3990 1601 4048 emollire
1615 3996 1701 4063 atque
1715 3989 1753 4048 ad
1767 3992 1843 4050 reli·

1076 4078 1194 4151 glanem
1210 4075 1296 4135 olllcii
1316 4078 1474 4151 principem
1492 4077 1678 4136 ferocientem
1697 4093 1841 4138 revocare

1075 4171 1195 4224 mnatns
1217 4172 1262 4223 est
1284 4167 1436 4225 Honorius.
1460 4165 1539 4224 LIcet
1561 4166 1671 4224 iteratis
1689 4167 1795 4225 litteris
1811 4177 1842 4227 et

1075 4268 1127 4327 per
1146 4254 1243 4328 plures
1262 4254 1414 4328 epIscopos
1434 4257 1576 4313 curaverit
1599 4254 1679 4312 illum
1702 4269 1838 4315 commo·

1074 4343 1137 4399 neri
1153 4349 1184 4400 nt
1205 4350 1401 4415 competenter
1416 4341 1596 4402 satisfaceret
1618 4342 1841 4419 archiepiscopo

1074 4428 1262 4489 bracharensi
1274 4431 1309 4488 de
1318 4431 1404 4488 ihatis
1415 4431 1539 4502 damnis,
1554 4431 1628 4489 etde
1639 4432 1774 4505 irrogatis
1789 4434 1839 4491 in·
1935 4440 1936 4447 ’

1071 4518 1227 4593 imitarer
1242 4519 1358 4578 monitis
1369 4521 1552 4592 acquiescere
1563 4520 1751 4593 contempsit3
1766 4520 1841 4579 inde

1073 4608 1685 4681 00000110010010010010011001010100001
1699 4617 1729 4666 et
1743 4608 1837 4669 inter·

1072 4695 1140 4755 dicti
1154 4697 1184 4754 in
1198 4704 1303 4755 terram
1317 4711 1399 4755 suam
1411 4697 1612 4771 promulgata.

1075 4823 1747 4900 Honoriusepiscopus,servasservcrum
1756 4824 1835 4896 Dei,

1036 4918 1159 4981 illustri
1174 4921 1245 4996 regi
1261 4920 1506 4997 portugalensi,
1528 4920 1682 4997 spiritum
1697 4920 1839 4982 consilii

188 5009 282 5082 Rogat
302 5012 334 5063 et
352 5004 491 5073 obsecrat,
514 5010 546 5061 nt
563 5003 587 5059 si
606 5002 698 5062 110011
720 5017 854 5076 guerram
875 5004 982 5065 Jacobo
1036 5017 1191 5079 sanioris,

223 5096 286 5169 regi
296 5095 464 5166 aragonum
476 5089 604 5163 iecerint,
617 5090 672 5164 lpsl
684 5090 759 5149 dicto
771 5092 834 5166 regi
845 5094 981 5152 0111111001

223 5178 400 5257 impendant.

1074 5115 1144 5176 Etsi
1170 5113 1354 5176 venerabili
1378 5114 1476 5178 tratri
1502 5116 1654 5178 nostro...
1681 5114 1839 5177 Bracha-

1033 5212 1124 5274 rensi
1139 5211 1390 5291 archiepiscopo
1411 5212 1677 5304 persecutionem
1694 5214 1838 5289 propter

228 5309 397 5385 Susceptae
428 5306 599 5369 servitutIs
621 5305 779 5380 cilicium,
807 5308 893 5386 quod
918 5325 980 5373 nos
1029 5310 1195 5388 justitiam
1209 5310 1361 5387 patienti,
1377 5312 1535 5388 tanquam
1549 5308 1655 5371 nobili
1668 5308 1836 5373 Ecclesia

188 5405 363 5468 carissimo
379 5405 414 5467 in
435 5404 567 5467 Christo
582 5402 652 5465 dlio
671 5404 786 5467 nostro
800 5405 924 5467 Jacobo
936 5406 982 5467 il·
1033 5408 1093 5470 Dei
1103 5407 1262 5480 membro,
1274 5422 1318 5470 ex
1325 5408 1445 5469 intimo
1454 5407 1576 5469 mentis
1587 5406 1838 5484 compatiamur

186 5500 286 5563 lustri
302 5503 375 5579 regi
392 5503 595 5578 aragonum,
616 5500 703 5564 sicut
723 5502 758 5563 et
779 5501 856 5564 aliis
871 5501 981 5564 chris-
1033 5503 1166 5578 affectu,
1182 5520 1279 5567 exeo
1297 5506 1409 5567 100100
1423 5505 1656 5582 exspectantes
1672 5502 1836 5565 consola-

187 5596 289 5659 aenis
334 5598 539 5677 principibus
583 5598 755 5662 constituit
801 5599 976 5674 debitores,
1032 5602 1134 5666 tionIs
1147 5602 1302 5666 solatium
1315 5603 1557 5675 incunctanter,
1573 5600 1629 5680 qui
1645 5599 1835 5663 clamantes
