3916 6204
213 298 274 359 550
830 300 1007 362 HONORII
1028 300 1074 362 111
1096 302 1243 363 OPERA
1770 302 1816 363 5⁶0

210 455 401 529 milenaret,
417 457 450 519 et
461 457 510 519 eis
526 456 575 519 sic
589 456 714 519 taceret
726 456 904 534 provideri,
920 457 1005 535 quod
1062 459 1211 536 plenarie
1230 456 1445 521 satisfactum.
1466 458 1558 520 Licet
1577 456 1682 520 autem
1700 457 1817 522 velimus

208 552 245 613 in
260 553 433 628 religionis
446 552 659 630 opprobrium
677 556 711 616 et
723 570 859 615 suarum
874 555 1007 632 pericu·
1061 560 1098 617 ut
1112 556 1291 618 secundum
1306 555 1549 616 ordinationem
1575 554 1752 632 predictam
1773 572 1819 617 us·

210 649 279 710 lum
291 650 490 721 animarum,
500 666 630 712 necnon
643 652 678 712 ut
690 650 883 713 scandalum
892 650 1005 728 populi
1061 668 1124 729 que
1150 653 1191 713 ad
1222 653 1402 713 valentiam
1431 652 1658 712 sexcentarum
1683 651 1818 712 librarum

209 762 276 808 non
298 749 496 822 cogerentur
510 748 545 808 in
569 747 693 809 saeculo
716 749 870 823 evagari3
887 748 1005 809 deinde
1062 748 1275 824 Stephanion.
1304 747 1479 826 provideas
1511 747 1772 809 Praedimtoribm
1790 748 1819 808 in

208 846 249 905 de
262 845 446 921 quantitate
462 859 502 906 ao
521 843 682 921 qualitate
700 846 949 921 possessionum
971 847 1006 906 et
1060 846 1249 923 supradicto
1269 846 1470 907 monasterio
1491 846 1677 917 moraturis,
1692 846 1819 905 nolumus

209 941 399 1003 reddituum
418 941 497 1003 dicti
520 942 714 1003 monasterii
729 957 769 1003 ac
783 941 1004 1003 membrorum
1059 944 1169 1003 tamen
1184 942 1270 1019 quod
1285 942 1348 1018 ipsi
1364 944 1498 1019 propter
1516 942 1578 1002 hoc
1593 941 1768 1017 relinquant
1778 940 1820 1001 sui

210 1043 285 1115 ejus
295 1042 327 1099 et
346 1040 494 1100 omnium
505 1038 546 1099 ad
559 1038 616 1098 illa
627 1039 849 1115 spectantium
861 1038 1006 1115 inquire
1060 1038 1186 1101 ordinis
1210 1039 1373 1110 instituta,
1402 1039 1481 1115 quia
1514 1038 1641 1099 scilicet
1665 1038 1768 1099 vivant
1789 1036 1821 1096 de

210 1136 459 1210 retdiligenter,
468 1138 501 1197 et
512 1136 647 1197 inventa
660 1135 766 1211 redigi
778 1134 1006 1197 laceretinau·
1059 1135 1279 1214 eleemosynis
1307 1135 1370 1196 sibi
1401 1135 1570 1196 devotioni
1593 1133 1732 1195 fidelium
1759 1148 1821 1195 ero-
1920 1214 1921 1217 Ἴ

209 1233 369 1294 tlrenticis
392 1233 627 1303 monumentis,
659 1232 809 1294 adhibita
839 1232 1004 1309 exquisita
1059 1233 1188 1308 gandia,
1203 1248 1276 1310 quae
1291 1234 1319 1292 si
1336 1232 1385 1293 eis
1405 1233 1545 1294 forsitan
1564 1246 1631 1293 non
1652 1230 1820 1300 sumserint,

209 1331 352 1401 cautela,
369 1344 411 1390 ne
431 1329 584 1399 distrahi,
605 1329 812 1399 commutari,
828 1329 881 1390 vel
899 1328 1004 1389 minui
1059 1330 1233 1406 episcopus
1242 1330 1437 1405 lingonen„
1449 1330 1506 1407 qui
1517 1326 1821 1406 protemporeluerlt,

208 1442 268 1487 seu
283 1426 394 1503 aliquo
406 1424 502 1487 modo
512 1424 654 1486 alienari
667 1425 829 1493 valerent,
843 1427 880 1486 ut
891 1425 920 1485 si
935 1423 1006 1485 for·
1059 1426 1159 1489 iaciat
1174 1427 1214 1487 de
1227 1427 1375 1504 praeiatis
1396 1426 1563 1488 sexcentis
1579 1425 1674 1486 libris
1688 1439 1823 1485 neeessa-

209 1538 271 1583 san
284 1525 331 1594 tu,
346 1522 398 1584 vel
420 1537 631 1583 successores
650 1522 710 1594 tui,
725 1521 759 1582 in
774 1520 1004 1582 observatione
1058 1523 1109 1583 ria
1124 1523 1222 1584 dictis
1249 1522 1407 1585 tratribus
1426 1538 1572 1598 congrue
1596 1520 1824 1596 ministrariper

208 1619 387 1680 deficerent
397 1618 647 1695 promissorum,
659 1634 718 1679 seu
728 1619 876 1695 tempora
887 1632 1005 1694 proce-
1058 1621 1150 1682 viros
1164 1621 1303 1682 idoneos
1317 1623 1350 1682 et
1360 1620 1485 1692 tldeles,
1495 1621 1551 1697 qui
1566 1618 1668 1680 semel
1677 1617 1727 1679 vel
1741 1616 1822 1676 hisin

208 1717 305 1778 dente
321 1716 531 1784 necessitate,
549 1715 602 1778 vel
617 1715 762 1778 utilitate
787 1716 938 1792 pensata,
962 1714 1004 1774 de
1058 1731 1147 1777 anno
1173 1731 1285 1777 coram
1313 1715 1425 1793 priore
1461 1730 1501 1775 ac
1535 1714 1706 1792 provisore
1729 1710 1822 1772 domm

208 1815 280 1892 ipso
296 1814 498 1875 monasterio
513 1813 723 1889 contingeret
736 1804 834 1874 aliter
854 1811 1002 1873 ordinari
1057 1811 1200 1875 reddant
1227 1812 1268 1873 de
1294 1812 1358 1884 liis,
1387 1827 1461 1889 quae
1482 1813 1517 1873 in
1543 1810 1715 1888 povisione
1736 1808 1824 1869 dicto·

207 1911 446 1988 possessiones,
459 1913 492 1972 et
507 1911 574 1971 alia
585 1913 735 1987 J'urasua
751 1910 860 1971 eidem
873 1908 1002 1970 illibata
1058 1924 1132 1970 rum
1163 1909 1303 1970 tratrum
1340 1908 1569 1986 expenderint,
1600 1908 1770 1976 rationem,
1796 1904 1824 1963 ut

208 2010 392 2080 manerent,
421 2008 539 2085 hisque
554 2008 618 2069 rite
639 2008 784 2084 peractis
798 2006 834 2068 in
860 2004 1000 2067 ordina·
1058 2006 1086 2066 si
1113 2006 1153 2068 de
1177 2006 1261 2082 ipsis
1290 2005 1457 2067 sexcentis
1473 2004 1568 2065 libris
1591 2002 1715 2081 aliquid
1729 2015 1825 2078 super·

205 2108 297 2168 tione
312 2106 505 2183 prescripta
513 2104 553 2165 de
567 2108 680 2165 nostra
691 2103 909 2182 permissione
919 2117 1001 2179 pro·
1057 2103 1169 2176 tuerit,
1184 2102 1326 2165 fideliter
1339 2105 1530 2164 reservetur
1547 2102 1583 2162 in
1599 2101 1767 2162 utilitatem
1784 2097 1825 2174 ip·

206 2204 339 2265 cederet
353 2203 386 2265 e't
397 2218 547 2263 assensu.
559 2203 674 2278 Nuper
688 2201 845 2263 autemie
871 2215 911 2261 ao
930 2199 1002 2275 ipso
1058 2201 1127 2261 sius
1160 2200 1353 2262 monasterii
1381 2199 1653 2261 convertendum.
1681 2195 1765 2258 Nulli
1781 2208 1825 2254 er·

207 2302 363 2378 episcopo
388 2299 422 2360 in
453 2300 568 2360 nostra
592 2298 771 2375 prasentia
799 2296 1000 2368 constitutis,
1057 2313 1111 2374 go,
1127 2298 1202 2369 etc„
1219 2298 1342 2358 nostrae
1357 2296 1614 2367 constitutionis,
1631 2298 1694 2356 etc.
1712 2288 1824 2367 Siquis

206 2396 434 2461 intelleximus
463 2395 647 2457 clausulam
677 2393 783 2465 illam,
814 2409 874 2472 per
902 2408 1000 2470 quam
1057 2396 1119 2456 etc.
1136 2396 1254 2457 Datum
1266 2393 1433 2467 Laterani,
1455 2392 1609 2455 kalendis
1622 2390 1740 2462 martii,
1756 2400 1825 2449 auno
1920 2426 1921 2453 1

207 2495 437 2558 mandavimus
450 2494 490 2555 de
505 2493 611 2569 ipsius
623 2491 817 2553 monasterii
831 2489 932 2551 rebus
947 2489 1002 2550 in·
1057 2494 1187 2554 octavo.
1920 2476 1921 2515 ³

205 2593 393 2655 tentorium
408 2591 481 2652 lieri
496 2593 529 2652 et
538 2591 672 2652 inventa
685 2588 786 2649 scribi
799 2587 1002 2650 authenticis
1489 2644 1501 2659 ‚

207 2689 435 2759 munimentis,
452 2690 489 2750 ut
500 2687 530 2749 si
545 2687 586 2748 de
600 2687 672 2764 ipso
688 2683 890 2747 monasterio
901 2683 1002 2744 fuerit
1367 2643 1543 2730 CXLVII
1566 2701 1569 2707 ·

208 2790 308 2850 aliter
320 2785 551 2855 ordinandum,
569 2782 836 2862 possessioneset
846 2780 1000 2858 aliajura
1057 2798 1109 2856 Ap
1136 2797 1332 2870 episcopum
1357 2796 1610 2869 Lpnyonenspm
1637 2791 1671 2853 ep
1697 2787 1827 2851 appetem

207 2901 268 2948 sna
281 2884 345 2945 sibi
356 2885 512 2945 maneant
525 2881 665 2951 illibata,
677 2879 739 2942 tibi
753 2895 889 2956 gravem
900 2877 1002 2939 dubi·
1098 2890 1362 2954 emercpmpm
1375 2905 1418 2952 ap
1426 2892 1584 2965 ypporem
1597 2892 1640 2950 pe
1659 2890 1731 2950 appe
1743 2887 1827 2946 Maro

205 2982 342 3045 tationis
357 2976 917 3058 scrupulumingesslssequasivisi
929 2974 1003 3036 lue-
1098 2991 1329 3052 capqopensps
1350 2989 1383 3050 pt
1397 2989 1569 3048 [appensas
1590 2989 1777 3047 dpoeoegpm,

207 3082 312 3143 rimus
327 3095 386 3157 per
401 3079 471 3140 liaeo
492 3077 594 3140 verba
613 3078 765 3147 innuere,
787 3073 873 3152 quod
896 3072 1003 3135 nostri
1341 3099 1468 3158 immi
1488 3099 1566 3158 liti.

207 3180 297 3241 esset
311 3178 471 3255 propositi
480 3176 724 3238 ordinationem
736 3171 927 3249 praedictam
938 3168 1003 3230 ali-

208 3276 344 3355 quando
358 3289 527 3336 revocare.
544 3273 592 3335 Ad
606 3269 796 3349 hujusmodi
810 3284 890 3345 ergo
912 3266 1004 3328 dubi·

206 3375 343 3436 tationis
358 3372 550 3449 scrupulum
565 3370 606 3431 de
623 3369 723 3431 corde
738 3368 794 3428 tuo
805 3366 937 3442 penitus
947 3379 1003 3425 re-

208 3470 417 3540 movendum,
439 3467 636 3530 anctoritate
651 3465 866 3543 presentium
886 3461 1001 3523 decla·
1919 3496 1920 3543 3

207 3585 332 3640 ramus,
369 3565 454 3644 quod
478 3564 695 3643 praenotatam
732 3560 917 3622 clausulam
943 3573 1004 3635 po-
1098 3546 1347 3609 Ordinationem
1365 3560 1385 3605 a
1403 3541 1590 3607 venerabili
1612 3542 1715 3604 tratre
1736 3538 1830 3602 norm
1919 3550 1920 3599 l

209 3667 338 3727 sitimus
362 3664 398 3725 in
424 3661 545 3725 litteris
561 3659 760 3737 supradictis
783 3657 823 3719 ad
840 3654 1003 3717 cautelam
1058 3632 1830 3746 C.PortuensiepiscopetuncApostolicesedis
1919 3728 1920 3737 ἵ

208 3763 343 3842 propter
363 3759 633 3822 incertitudinem
655 3755 811 3818 videlicet
825 3754 1004 3816 eventuum
1059 3743 1179 3818 legato,
1192 3740 1324 3810 laetam,
1341 3742 1416 3810 eto,
1435 3738 1474 3798 ul
1487 3751 1609 3811 aspra,
1625 3750 1730 3810 usquc
1743 3731 1832 3794 melu·

208 3862 407 3932 futurorum,
424 3874 486 3920 nec
507 3857 630 3918 nostrae
649 3851 845 3916 intentionis
869 3849 932 3912 luit
945 3864 1004 3926 per
1059 3856 1125 3902 sas.
1142 3839 1225 3910 Quia
1246 3852 1326 3899 vero
1346 3836 1510 3897 incertum
1531 3834 1582 3895 est
1600 3836 1710 3895 utrum
1730 3830 1831 3892 frtilffl
1919 3840 1920 3871 l

208 3959 273 4021 hoc
288 3957 531 4019 ordinationem
541 3952 722 4024 infirmare,
731 3950 784 4011 vel
793 3948 1004 4026 aliquatenus
1059 3937 1187 3999 ordinis
1203 3934 1475 4004 Praedlcatorum
1492 3931 1548 4008 (lui
1564 3931 1744 3993 secundum
1754 3939 1832 3989 eam·

210 4056 386 4118 debilitare
421 4052 625 4129 praedictam,
653 4063 751 4126 quam
775 4045 908 4123 quidem
925 4060 1006 4120 gra·
1059 4034 1133 4095 dem
1160 4031 1401 4095 ordinationem
1425 4029 1459 4089 in
1486 4028 1559 4105 ipso
1580 4028 1702 4090 debent
1724 4035 1833 4086 moues·

208 4155 277 4216 tam
293 4152 453 4213 habemus
465 4151 499 4211 et
513 4148 631 4217 ratam,
643 4148 676 4208 et
689 4145 842 4206 volumus
859 4142 1003 4202 tirmita-
1058 4132 1143 4194 tario
1156 4127 1366 4198 commorari,
1376 4126 1417 4187 ad
1433 4124 1516 4186 illud
1528 4125 1645 4197 velint,
1657 4117 1834 4188 velvalaanl

208 4253 275 4313 tem
291 4249 483 4327 perpetuam
501 4243 656 4314 obtineri,
682 4241 747 4302 nisi
772 4239 886 4301 lorsan
912 4237 1003 4299 aliud
1060 4228 1256 4298 convenire,
1286 4226 1319 4287 et
1347 4224 1445 4302 juxta
1476 4222 1721 4283 ordinationem
1744 4221 1833 4325 ipsam

210 4348 361 4423 exigeret
382 4360 503 4421 urgens
519 4341 712 4410 necessitas,
724 4338 777 4401 vel
793 4337 919 4400 utilitas
932 4348 1005 4395 ma·
1060 4341 1186 4387 moram
1207 4323 1318 4385 facere
1332 4322 1368 4382 in
1383 4321 1510 4390 eodem,
1532 4320 1746 4396 praesentium
1756 4313 1834 4423 robis

211 4445 443 4507 nilesta.Etne
454 4442 543 4503 metu
552 4437 775 4500 revocationis
784 4432 1005 4496 ordinationis
1060 4421 1258 4485 auctoritate
1285 4418 1497 4488 mandamus,
1524 4417 1701 4492 quatenus,
1718 4413 1745 4474 si
1769 4408 1833 4517 dicta
1918 4460 1919 4497 ᾧ

211 4543 359 4622 ejusdem
378 4541 413 4602 in
429 4543 500 4617 ejus
526 4536 759 4600 observatione
783 4534 945 4609 tepescas,
973 4530 1006 4590 et
1060 4520 1179 4582 iratres
1192 4519 1224 4579 id
1240 4517 1350 4579 iacere
1367 4515 1451 4576 torte
1463 4513 1647 4584 noluerint,
1668 4516 1725 4574 aut
1740 4521 1835 4584 nequi
1918 4502 1919 4559 l

210 4644 339 4704 metuas
350 4655 409 4718 pro
424 4654 463 4699 ea
477 4635 641 4699 servanda
654 4631 810 4710 expensis
824 4632 858 4691 te
868 4629 1004 4690 actuam
1060 4618 1181 4689 verint,
1198 4613 1408 4690 investigatis
1427 4610 1617 4689 prudenter,
1633 4610 1670 4671 nt
1684 4623 1756 4670 oum
1768 4602 1835 4710 ordo

210 4739 386 4802 ecclesiam
400 4749 551 4805 onerare,
575 4730 762 4801 statuimus,
784 4728 819 4788 ut
836 4723 891 4805 [si]
921 4723 1005 4785 torte
1061 4713 1299 4776 monachorum
1324 4711 1496 4785 nigrorum
1524 4707 1651 4768 utiliter
1674 4706 1835 4767 instaurari

211 4853 272 4916 per
284 4840 467 4899 Romanam
487 4830 669 4892 Ecclesiam
686 4825 898 4903 sepedictam
909 4820 1004 4883 ordi·
1060 4812 1171 4877 valeat
1185 4811 1220 4871 in
1235 4807 1437 4870 monasterio
1456 4804 1636 4875 antedict0,
1657 4806 1691 4866 et
1709 4803 1738 4864 si
1757 4802 1836 4862 inve·

210 4934 379 4997 nationem
406 4931 540 5007 propter
562 4925 735 5000 urgentem
759 4917 1004 4987 necessitatem,
1061 4910 1179 4971 neritis
1202 4908 1237 4968 id
1266 4919 1364 4984 posse
1390 4901 1568 4964 salubriter
1591 4901 1677 4972 fleri,
1705 4898 1835 4962 ordinem

209 5032 264 5095 vel
277 5030 462 5093 evidentem
475 5024 651 5086 utilitatem
667 5022 702 5082 in
724 5018 870 5081 futurum
893 5015 1004 5076 conti-
1062 5008 1181 5085 ipsum,
1205 5001 1377 5065 monachis
1391 5006 1513 5070 tamen,
1530 5014 1613 5076 quos
1634 4999 1708 5075 ipse
1726 4994 1836 5071 legata

210 5112 1006 5209 geritrevocari,tuetsuocessorestuiacecclesia
1062 5102 1305 5167 sententialiter
1326 5097 1451 5161 amovit
1465 5096 1506 5157 ab
1524 5095 1595 5166 illo,
1618 5094 1698 5205 inde
1719 5102 1837 5172 prorsus

211 5229 394 5303 Lingonen.
408 5216 650 5284 conservemini
667 5230 806 5292 prorsus
822 5211 1004 5280 indemnes,
1061 5202 1188 5280 ejectis,
1209 5196 1402 5260 instauratis
1429 5193 1561 5265 ibidem,
1582 5191 1678 5253 nohis
1700 5188 1837 5268 praem

1074 3228 1193 3293 [Regem
1206 3226 1325 3285 lilim,
1339 3225 1413 3290 epist.
1421 3225 1477 3275 359.
1491 3224 1547 3274 lisa.
1559 3223 1597 3274 La
1607 3223 1685 3275 Porta
1694 3222 1727 3272 du
1739 3217 1815 3277 lid]

1093 3332 1209 3395 Mandat
1220 3340 1251 3390 ut
1264 3332 1439 3404 investigent
1456 3328 1601 3403 montedo
1614 3326 1802 3387 monasterium

1240 3420 1377 3479 Beruensi
1392 3416 1541 3476 rolormari
1556 3423 1666 3491 posset.

210 5326 319 5402 sitque
343 5320 439 5384 vobis
470 5318 597 5379 licitum
622 5312 750 5375 tamdiu
777 5308 1006 5388 possessiones
1062 5295 1324 5363 confirmationis
1348 5289 1684 5400 litteras-remissuri.
1711 5280 1838 5359 Quodsi

210 5422 356 5500 ejusdem
373 5414 567 5480 monasterii
580 5411 736 5482 retinere,
753 5408 859 5469 donec
873 5406 914 5466 de
929 5403 1007 5464 uni·
1061 5411 1123 5456 nec
1143 5391 1223 5454 dicti
1245 5391 1364 5452 iratres
1386 5388 1514 5451 ordinis
1532 5376 1788 5446 praedicatorum
1803 5373 1838 5436 ad
1917 5414 1918 5465 3

211 5518 318 5580 versis
333 5516 465 5586 debitis,
480 5528 554 5591 quae
567 5509 744 5572 occasione
758 5504 863 5583 ipsius
872 5516 1008 5562 monas-
1061 5494 1170 5555 locum
1184 5490 1293 5568 ipsum
1311 5485 1489 5556 voluerint,
1510 5483 1568 5544 aut
1587 5479 1755 5543 valuerint
1767 5490 1837 5584 con·
1917 5470 1918 5531 l

210 5613 287 5677 terii
302 5628 361 5672 vos
381 5609 564 5671 incurrisse
576 5604 772 5673 constiterit,
794 5600 894 5662 luerit
910 5596 1005 5659 vobis
1060 5590 1187 5660 venire,
1217 5601 1279 5647 nec
1302 5582 1465 5653 videritis,
1494 5579 1580 5656 quod
1615 5578 1837 5639 monasterium
