3916 6204
105 303 166 367 sti
710 295 940 361 Eristos-di.
962 296 1041 357 bin
1063 297 1150 357 VIII.
1689 300 1752 361 m

107 455 565 533 emmeramensem
587 457 811 519 moromuctso
835 454 904 521 ito-
956 454 1751 533 smpmssrs,etsicustpuointramsnsomuuum

107 573 217 621 manse
231 556 390 621 &oleum
401 554 499 618 matri
511 554 591 616 tum,
605 552 740 617 Utinam
754 566 901 628 saperes,
956 553 1071 613 nomio
1090 553 1126 613 te
1145 554 1336 630 sonemus
1357 556 1589 631 repraesentes,
1603 569 1751 632 rospon-

106 657 143 719 et
154 653 376 729 intelligeres,
392 666 432 715 ec
447 650 629 715 norissima
644 648 822 727 prouidens
835 661 903 709 non
956 656 1072 709 surum
1089 648 1131 710 de
1153 650 1246 715 auu
1257 650 1486 713 inobedientia
1499 652 1534 715 et
1546 653 1750 730 contemptu,

107 753 183 817 brec
201 752 240 815 ei
261 751 477 822 retribueres,
496 763 570 826 quae
591 748 624 810 to
649 745 787 819 creauit,
807 747 841 809 et
861 744 904 806 ad
956 744 992 805 et
1013 746 1226 822 recepturum
1246 746 1333 824 qnod
1357 746 1403 808 do
1425 748 1459 808 te
1483 749 1591 811 nostri
1617 749 1751 811 consilii

107 843 907 925 tentmuprovexitapioemdignitstis,quaequo·
957 840 1211 919 drcnmspectio
1221 842 1407 920 providerit
1418 844 1676 907 decernendum
1690 849 1754 909 iia-

108 961 174 1024 que
188 959 281 1007 nunc
293 944 407 1007 dicere
425 942 466 1005 de
480 943 517 1005 te
531 942 664 1019 potesis
682 940 805 1003 rutum
819 950 907 1004 enu-
956 939 1204 1016 teredinis...
1217 941 1427 1019 septembris,
1441 942 1654 1020 pondnastus
1666 958 1752 1007 ηοε-

108 1043 202 1117 trivi,
213 1043 249 1105 ot
261 1040 422 1114 exaltari
433 1040 506 1118 lpse
518 1040 631 1102 sutem
643 1050 697 1101 me
710 1037 904 1107 contemnit,
957 1035 1003 1099 tri
1016 1048 1106 1099 anno
1119 1038 1248 1100 octavo.

106 1141 143 1205 et
155 1139 307 1218 spernit3
322 1135 558 1217 propterquod
575 1135 727 1200 dolemus
738 1132 907 1212 compelli·
1019 1156 1023 1163 ¹

105 1231 806 1313 murexclamaresznitetnosbominem
814 1230 906 1292 huuc

106 1332 249 1409 tesiam
268 1349 347 1396 eum
362 1332 498 1411 proptor
514 1329 644 1393 neoda
664 1330 697 1393 te
711 1344 780 1391 non
791 1327 907 1391 modi-

106 1444 187 1494 cum
203 1427 461 1502 oonitmdamur,
479 1427 516 1490 et
528 1425 716 1491 adversarii
726 1425 777 1488 tui
790 1424 907 1487 comba
937 1416 938 1499 J
1308 1373 1402 1464 XIV
1748 1470 1752 1475 .

106 1541 184 1600 nos,
192 1526 255 1604 qui
268 1526 302 1589 te
315 1525 555 1603 promovimus,
564 1523 742 1587 materiam
759 1520 909 1585 micant
1003 1523 1222 1600 adpeterent
1237 1525 1272 1588 ct
1284 1526 1703 1601 memetipsam,

107 1622 309 1687 insultandi.
318 1621 481 1685 Nonnulli
493 1619 634 1683 fratrum
646 1619 835 1681 nostrormn
845 1631 909 1678 no-
1242 1648 1261 1715 9
1279 1656 1469 1717 mmm

107 1718 163 1783 bis
179 1720 217 1782 in
230 1719 351 1782 taciem
361 1722 432 1797 jam
445 1717 571 1796 pluries
584 1714 799 1787 insultarent,
808 1730 852 1776 ex
864 1728 909 1775 eo

108 1816 199 1895 quod
221 1816 424 1894 apostolice
442 1814 531 1888 Sodi,
554 1815 589 1876 et
605 1813 701 1876 nobis
715 1815 750 1875 te
763 1812 907 1874 indevo-

107 1914 183 1977 mm
214 1913 265 1975 sio
288 1912 427 1976 exffibes
444 1914 481 1974 et
501 1912 680 1987 ingratum.
706 1912 747 1971 nt
776 1907 908 1987 quidem
961 1900 1202 1975 compositionem
1221 1903 1295 1961 inter
1313 1904 1437 1976 primone
1457 1912 1488 1963 et
1511 1905 1614 1965 iratres
1633 1906 1753 1968 cadhu-

107 2010 343 2089 poenitentiam
360 2011 508 2072 noemam
521 2008 555 2069 in
573 2009 608 2070 to
622 2006 777 2080 celeriter
795 2006 910 2068 sortiri
995 1989 1108 2049 litim
1120 2005 1157 2049 0¹
1175 1999 1257 2064 ltili
1270 2000 1379 2063 ⁸²⁸2&
1396 2000 1567 2053 serventu-
1588 1995 1755 2057 monostnd

107 2106 300 2171 lscemmus
315 2106 484 2178 effectum,
493 2119 651 2167 excessus
662 2102 853 2181 hujusmodi
861 2102 910 2164 ta·
972 2075 1033 2135 ¹⁴¹⁰
1060 2080 1135 2152 Μ)
1156 2078 1208 2137 ὓθῙ
1236 2094 1273 2137 ⁰⁰¹
1297 2082 1400 2149 istest,
1415 2097 1502 2155 ⁸³90?
1527 2082 1616 2143 (¹⁰ffl0
1633 2086 1754 2145 iloutis·

108 2203 191 2267 liter
202 2203 412 2280 metiendo,
429 2202 529 2281 duod,
551 2216 649 2279 poena
668 2199 910 2275 doceutcoos.
941 2190 945 2201 ’
997 2167 1490 2328 ffigupffessossfffiessfflcgisgffll
1505 2172 1691 2248 buitim
1705 2188 1753 2233 Μ·

1068 1770 1237 1842 [Guicbenoit
1248 1777 1313 1830 Ilist.
1326 1778 1358 1831 de
1368 1780 1466 1840 Brosse,
1478 1796 1566 1847 prees.
1577 1783 1647 1850 tit]

108 2315 270 2367 nosceres
289 2314 391 2378 mam
415 2299 632 2363 temerarium
652 2298 697 2360 sit
709 2296 909 2374 apostolicis

107 2412 180 2460 nou
194 2397 331 2461 obedire
351 2395 531 2467 mendatis,
546 2393 685 2459 braoliia
702 2395 818 2457 matrs
839 2394 911 2467 tor,-
999 2388 1674 2469 Honoriusepiscopns,ssrvusserrorum
1682 2396 1754 2470 bet,

108 2495 241 2557 renim
254 2493 444 2564 extendere,
458 2492 640 2570 contraque
655 2490 825 2555 stimulum
840 2490 911 2553 cal-
963 2486 1094 2551 dilsotis
1109 2487 1188 2549 tiliis
1202 2490 1307 2566 priori
1321 2490 1525 2554 ettratribus
1538 2493 1758 2556 calmacian-
1848 2480 1854 2493 '

109 2591 248 2664 citrare,
262 2590 329 2653 nisi
343 2588 701 2655 mansuetudomotum
714 2588 823 2651 nostri
835 2586 912 2649 aui-
963 2583 1072 2659 sibus,
1099 2585 1244 2649 samem
1272 2587 1306 2650 ot
1336 2588 1561 2665 spontaneam
1596 2589 1757 2654 benedic·

109 2687 159 2749 mi
172 2688 385 2766 temperaret,
401 2686 435 2751 et
459 2700 527 2749 non
542 2685 653 2747 mium
668 2686 794 2757 nostro,
810 2696 909 2762 ouem
962 2682 1098 2769 tionem.

109 2784 170 2848 tuo
185 2782 530 2862 pararemuspndori,
542 2798 645 2859 quum
657 2781 716 2843 rix
737 2781 812 2843 sine
831 2794 912 2843 nos-
1001 2781 1051 2840 Ea
1065 2790 1140 2856 pisa
1159 2778 1287 2858 jndicio
1308 2782 1364 2844 rel
1379 2783 1558 2846 concordia
1571 2784 1764 2849 terminas

108 2883 177 2953 tra,
207 2880 265 2959 (pisi
289 2880 323 2942 te
351 2879 521 2945 nonnullis
547 2877 852 2941 contradicentibus
877 2879 911 2940 et
962 2875 1028 2949 tur,
1057 2877 1154 2938 tirma
1183 2878 1308 2941 debent
1333 2881 1368 2942 et
1387 2881 1517 2943 illibata
1545 2896 1754 2959 permanere,

108 2977 232 3040 inritis
244 2977 482 3055 promovimus,
496 2974 820 3054 posseseonlusiono
834 2990 911 3037 oon·
963 2975 997 3036 et
1013 2986 1058 3035 ne
1080 2975 1117 3036 in
1139 2974 1297 3037 recidive
1312 2978 1537 3057 contentionis
1561 2980 1756 3057 scrupulum

108 3073 218 3137 tundi.
228 3074 346 3137 Adbuc
357 3074 462 3150 igitur
476 3073 623 3149 expertri
634 3072 784 3134 volantes
800 3074 909 3133 utrum
962 3070 1168 3145 relabantur,
1192 3072 1382 3149 apostolico
1412 3076 1569 3137 conuenit
1594 3077 1752 3153 praesidio

109 3172 148 3234 in
174 3172 208 3235 te
233 3171 350 3234 saitem
372 3170 564 3249 synderesis
590 3170 791 3235 remanserit
812 3169 911 3230 inex·
963 3169 1173 3231 communiri.
1189 3171 1236 3231 Ea
1260 3172 1404 3247 propter,
1426 3170 1537 3234 dileotl
1557 3173 1594 3234 in
1611 3175 1753 3236 Domino

107 3269 300 3341 timialia
329 3268 415 3347 quod
449 3267 639 3353 itiusmodi
668 3264 909 3343 objurgationis
963 3264 1036 3337 liiii,
1067 3267 1189 3328 romnis
1218 3266 1319 3343 justin
1350 3268 1630 3345 postulationibus
1657 3273 1754 3348 grato

108 3366 249 3428 vexatio
263 3366 321 3428 tuo
335 3365 465 3429 auditui
477 3365 603 3429 imbuat
616 3363 910 3431 intellectumetra-
963 3366 1198 3427 concurrentes
1212 3378 1366 3437 assensu,
1380 3368 1664 3443 compositionem,
1677 3382 1751 3446 quaa

108 3462 264 3525 tornitati
278 3462 345 3524 tuae
369 3478 429 3539 per
451 3462 642 3539 apostolica
667 3461 789 3537 scripta
814 3476 910 3521 man·
962 3459 1050 3521 inter
1075 3475 1135 3522 sos
1158 3476 1202 3522 ex
1224 3463 1318 3537 parte
1341 3478 1420 3535 una,
1441 3465 1487 3524 et·
1503 3462 1640 3527 dilectos
1667 3466 1755 3528 tilios
1877 3486 1879 3499 ’

110 3558 248 3631 damus,
272 3561 306 3621 et
333 3560 369 3620 in
390 3560 514 3622 virtuto
538 3558 735 3622 obedientiae
757 3546 909 3620 'districte
963 3555 1114 3618 abbatem
1127 3559 1373 3621 siccatorium
1392 3562 1587 3623 monasterii
1607 3563 1648 3624 de
1668 3566 1755 3640 iugo

109 3657 339 3736 praecipimus,
352 3658 515 3734 quatenus
530 3657 722 3718 mandatum
736 3655 910 3733 praescrip·
962 3653 1025 3715 Dei
1037 3666 1081 3715 eu
1094 3654 1212 3726 altera,
1237 3664 1339 3731 snper
1359 3656 1456 3718 domo
1481 3660 1753 3732 Montismarulae,

109 3756 195 3825 tum,
212 3753 304 3815 omni
319 3754 428 3831 gratia
447 3754 481 3815 et
496 3752 615 3815 timore
635 3752 803 3814 mundano
818 3754 911 3828 post·
945 3758 950 3775 ¹
963 3766 1037 3827 qaum
1051 3750 1118 3812 alio
1137 3752 1272 3813 nomine
1287 3751 1387 3813 taliis
1408 3754 1442 3813 S.
1465 3753 1623 3829 Stephani
1638 3757 1756 3833 appel-

108 3852 244 3933 positis,
270 3851 353 3912 iilud
377 3849 467 3913 inira
485 3850 561 3913 octo
579 3851 651 3913 dies
669 3851 745 3928 post
772 3865 910 3927 suscop-
962 3847 1062 3919 latur,
1090 3846 1257 3909 medianto
1281 3847 1466 3910 venerabili
1501 3850 1603 3913 tratre
1641 3855 1754 3916 nostro

108 3947 240 4009 tionem
281 3947 509 4022 praesentium,
541 3946 690 4023 qualibet
720 3946 907 4016 occasione,
962 3945 1002 4005 R.
1018 3943 1232 4019 Lugduneusi
1258 3944 1509 4023 archiepiscopo
1532 3948 1756 4013 amicabiliter

109 4041 377 4105 contradictione
390 4058 430 4104 ac
449 4042 672 4120 appellatione
689 4043 906 4129 cessantibus,
962 4040 1167 4110 intercessit,
1198 4041 1286 4105 siout
1317 4043 1390 4105 sine
1421 4045 1585 4120 pravitate
1616 4047 1755 4124 provide

109 4139 211 4218 plene
233 4152 275 4200 ao
299 4138 442 4201 fideliter
462 4138 667 4218 exsequaris,
683 4143 715 4202 et
736 4138 778 4202 ad
802 4154 909 4215 saepe-
962 4135 1049 4199 saota
1067 4137 1128 4209 est,
1153 4140 1188 4199 et
1212 4138 1254 4199 sb
1277 4140 1421 4217 unaque
1441 4143 1536 4217 parte
1557 4149 1674 4220 sponte
1699 4160 1756 4208 re-

109 4236 193 4298 dicti
214 4235 334 4314 perfidi
358 4235 587 4299 condisionem
601 4238 774 4314 majorem,
791 4237 908 4312 atejus
962 4237 1069 4312 cepta,
1084 4236 1117 4297 et
1136 4235 1300 4297 amenus
1314 4237 1453 4314 pacifice
1467 4238 1653 4314 observata,
1669 4244 1754 4305 utin

110 4333 358 4396 contumaciam
367 4333 728 4412 confutandam,ipsum
738 4348 812 4395 cum
823 4346 909 4394 com·
961 4331 1181 4395 instrumento
1200 4332 1322 4395 exinde
1345 4334 1508 4407 coniecto,
1529 4336 1640 4413 sigillo
1661 4343 1755 4419 ejus-

109 4430 258 4509 plieibus
273 4446 313 4492 ao
328 4429 513 4492 fautoribus
528 4431 609 4504 suis,
627 4430 770 4507 singulis
791 4429 907 4491 diebus
961 4427 1035 4489 dem
1050 4428 1295 4507 archiepIscopi
1309 4430 1476 4503 roborato,
1489 4437 1586 4510 cujus
1605 4438 1753 4499 tenorem

110 4526 293 4589 dominicis
312 4528 346 4590 et
366 4526 505 4597 festivis,
523 4528 664 4605 pulsatIs
677 4527 858 4605 campanis,
876 4528 910 4590 ot
961 4524 1002 4586 de
1015 4526 1117 4587 serbo
1130 4525 1172 4587 ad
1187 4527 1324 4589 uerbum
1344 4530 1501 4605 praesenti
1521 4534 1652 4608 paginas
1667 4532 1752 4596 feei·

109 4625 265 4687 caudelis
287 4624 451 4697 accensis,
467 4624 794 4697 anathematizatum,
811 4625 847 4686 et
866 4624 907 4685 ab
961 4639 1034 4684 mus
1049 4623 1214 4694 annotari,
1231 4624 1364 4701 plenius
1378 4624 1579 4697 continetur,
1603 4632 1752 4693 auotori-

107 4720 346 4784 eeclesisstina
369 4721 496 4783 unitate
516 4721 703 4796 precisum,
725 4722 759 4783 ot
779 4722 816 4782 tu
835 4721 907 4797 ipse
960 4721 1028 4782 tate
1051 4719 1242 4797 apostolica
1263 4721 1510 4791 confirmamus,
1524 4728 1560 4787 et
1578 4730 1752 4809 praesentis

108 4816 301 4889 denunties,
325 4819 360 4878 et
390 4816 496 4878 lamas
522 4820 583 4894 pei
606 4818 710 4879 totam
737 4818 905 4880 civitatem
961 4816 1076 4894 scripti
1090 4817 1276 4892 patrocinio
1293 4820 1546 4882 communimus
1563 4818 1673 4885 Tener
1687 4840 1753 4886 au·

107 4915 273 4977 Pisanum
285 4916 320 4975 et
332 4913 584 4991 ojnsdioecosim
595 4914 725 4991 publico
740 4915 904 4989 nuntiari3
960 4915 1026 4975 tem
1039 4913 1253 4976 instrumenti
1265 4914 1412 4989 eiusdem
1427 4919 1478 4979 est
1489 4918 1566 4979 talis
1583 4940 1592 4979 z

107 5011 538 5086 amnnosprovisurusmt
551 5010 734 5074 incivitate
747 5011 907 5088 predicta
999 5009 1248 5087 «Raynaudus,
1271 5012 1331 5073 liei
1350 5014 1459 5088 gratia
1482 5016 1597 5090 primae
1617 5017 1752 5091 Lugdu-

105 5107 293 5171 interdicto
320 5107 492 5180 conclusa,
518 5107 675 5185 quamdiu
708 5107 906 5184 sepedictus
960 5107 1073 5168 nensis
1096 5107 1248 5170 ecclesia
1267 5108 1421 5173 minister
1434 5111 1582 5184 humilis,
1598 5114 1751 5177 omnibus

104 5203 279 5284 reprobus
293 5203 400 5266 eidem
420 5203 602 5282 praetuerit,
623 5203 751 5265 nulium
769 5220 907 5281 prorsus
959 5205 1215 5281 inperpetuum,
1232 5204 1319 5283 quod
1331 5221 1443 5269 coram
1457 5207 1552 5269 nobis
1567 5210 1622 5286 pia
1634 5210 1749 5274 inmu-

84 5288 378 5367 ‘eccieslasticum
405 5302 650 5363 sacramentum
671 5302 794 5378 praetor
818 5301 905 5379 bap·
959 5301 1048 5363 tione
1062 5300 1201 5378 reims,
1216 5318 1259 5365 ne
1275 5306 1471 5381 cujusquam
1485 5304 1572 5373 dolo,
1595 5308 1648 5368 rel
1672 5325 1751 5372 ver-

102 5403 213 5465 tisma
228 5398 453 5476 parvulorum,
472 5399 505 5460 et
519 5398 732 5475 poenitentias
754 5399 904 5460 morien·-
958 5398 1046 5461 sutia
1060 5400 1281 5476 pervertetur,
1296 5399 1349 5462 roi
1364 5402 1462 5463 annis
1485 5400 1586 5465 tacito
1600 5404 1748 5471 labenti·

102 5500 198 5562 tium
211 5494 436 5570 ministreturs
448 5494 596 5572 alioquin
611 5510 655 5558 ex
673 5510 761 5559 nunc
781 5496 814 5557 ts
837 5511 904 5558 no·
957 5494 1018 5556 hus
1032 5494 1194 5559 oblivioni
1207 5496 1359 5559 tradetur
1370 5497 1406 5557 in
1418 5500 1599 5573 posterum,
1610 5502 1748 5581 dignum

102 5592 203 5659 seris
230 5590 275 5653 ab
303 5589 413 5652 cilicio
436 5591 618 5668 pontificali
645 5593 678 5652 et
705 5592 903 5655 sacerdotali
958 5593 1113 5654 duximus
1123 5593 1311 5655 litterarum
1324 5593 1526 5658 admistoulo
1536 5606 1746 5669 communiri.
