4014 6224
144 250 202 315 lue
764 253 992 315 EPISTOLAE.
1015 255 1094 315 LIBr
1118 256 1172 318 vl.
1732 255 1791 317 llo

144 408 348 476 senteutiam
359 409 542 486 interdicti,
554 412 756 476 memoratus
768 411 836 474 dux
848 411 943 474 noble
997 413 1214 479 correctionis
1233 413 1362 490 virgam
1383 411 1563 475 salubriter
1582 412 1788 491 apponendo,

144 509 303 588 captiose,
314 509 482 586 suggessit
497 509 582 586 quod
597 525 672 570 cum
683 508 840 587 praefatus
853 525 943 587 prae·
998 527 1071 587 quaa
1084 511 1324 588 consequenter
1334 509 1572 572 consolationis
1585 509 1684 571 etiam
1693 509 1792 586 rirgs

144 607 272 685 positus
287 607 450 683 quasdam
465 621 485 667 a
500 605 596 668 nobis
611 609 726 668 contra
739 621 815 667 eum
828 605 868 667 ad
885 623 944 668 vos
966 624 967 639 ³
997 608 1116 668 merito
1132 608 1176 670 sit
1190 607 1339 669 dicenda.
1358 610 1445 668 Saue
1459 607 1501 669 ad
1517 607 1668 668 nostram*
1682 622 1790 669 nove·

144 719 247 781 super
275 703 419 781 quadam
455 719 583 764 summa
619 703 784 781 pecuniae,
815 703 943 765 litteras
998 704 1072 765 ritis
1095 705 1299 766 audientiam
1321 703 1664 782 pervenissequod...
1687 703 1790 769 abhas

146 801 372 878 impetrasset,
394 816 465 873 vos,
479 800 702 877 praetermisso
712 800 803 877 jurIs¹
813 801 942 869 ordine,
998 800 1547 873 monasterii...‚crimineirretitus
1558 817 1597 863 ac
1607 801 1791 864 simoniaca

145 900 270 960 terram
299 898 405 974 ipsius
438 898 687 975 supposueratis
716 897 942 958 ecclesiastico
998 898 1072 963 labe
1093 899 1357 975 respersus,alia
1377 899 1552 961 committit
1568 900 1717 961 enormia
1732 914 1792 975 per

142 995 334 1057 interdicto.
358 997 398 1056 Et
413 995 492 1056 licet
506 1010 565 1072 per
579 995 829 1072 procuratorem
846 1011 943 1055 suum
990 1011 1071 1073 quae
1092 998 1196 1057 Deum
1220 995 1367 1068 offendit,
1394 996 1614 1058 monasticum
1640 996 1791 1069 ordinem

144 1080 369 1154 sufficientem
389 1090 532 1153 offerens
552 1092 739 1154 cautionem
760 1092 944 1153 celeraria
998 1092 1194 1155 dehonestat
1203 1095 1236 1155 et
1247 1092 1367 1154 iratres
1383 1092 1560 1169 plurimum
1575 1093 1788 1157 scandalizat.

143 1188 238 1253 vobis
256 1189 456 1251 sententiam
471 1188 633 1265 petiisset,
648 1204 706 1251 vos
718 1190 828 1250 tamen
842 1189 945 1251 dene-
998 1190 1088 1251 Idem
1105 1205 1235 1267 quoque
1254 1189 1323 1267 qni,
1349 1189 1418 1250 suis
1442 1190 1548 1267 culpis
1567 1190 1789 1267 exigentibus,

143 1287 334 1364 gaverastis
362 1285 506 1359 eidcere,
528 1287 662 1363 propter
688 1286 774 1363 quod
800 1286 873 1362 ipse
901 1286 943 1347 ad
998 1286 1130 1349 uinculo
1140 1276 1505 1369 excommunicationis,
1514 1286 1691 1348 adstrictus
1703 1287 1791 1349 divi-

144 1386 295 1446 nostram
307 1384 512 1446 audientiam
523 1383 715 1460 appellarit,
728 1383 769 1444 ad
783 1384 942 1461 quosdam
998 1400 1042 1447 na
1053 1386 1177 1447 temere
1192 1384 1373 1457 celebrare,
1386 1386 1438 1445 rel
1454 1385 1565 1461 potius
1580 1384 1791 1461 prophanare

144 1498 222 1544 suos
237 1480 373 1559 jndices
388 1482 520 1543 nostras
542 1481 670 1542 litteras
690 1480 891 1557 impetravit,
911 1482 944 1544 ut
998 1482 1179 1557 praesumit,
1196 1480 1283 1544 bona
1298 1482 1447 1560 ejusdem
1460 1481 1654 1543 monasterii
1672 1481 1790 1543 multi-

143 1579 172 1639 si
187 1578 279 1639 esset
294 1578 352 1650 ita,
380 1577 451 1654 ipso
478 1576 621 1639 faciente
647 1577 734 1654 quod
764 1577 940 1646 obtulerat,
966 1642 967 1645 ,
998 1566 1129 1656 p'Iiciter
1143 1579 1305 1655 dilapidat
1318 1581 1351 1641 et
1366 1579 1536 1656 dispergit,
1552 1577 1640 1641 unde
1655 1578 1792 1656 praedio·

143 1675 268 1737 dictam
279 1675 839 1738 sententiamrelaxarentincansa
845 1676 944 1752 Juxta
997 1677 1067 1738 tum
1093 1677 1333 1737 monasterinm
1359 1692 1464 1754 usque
1490 1676 1573 1737 adeo
1601 1692 1661 1753 per
1685 1676 1791 1753 ipsius

142 1772 294 1834 mandati
309 1771 414 1833 nostri
430 1774 573 1835 tenerem
585 1772 714 1833 ratione
727 1771 851 1847 praevia
867 1786 944 1847 pro-
997 1772 1126 1836 abbatis
1139 1773 1315 1845 incuriam,
1332 1773 1381 1834 vel
1397 1774 1506 1850 potius
1520 1773 1680 1836 malitiam
1693 1774 1790 1851 jugi·

141 1869 294 1943 cessuri3
310 1869 459 1947 alioquin
476 1869 645 1946 negotium
664 1868 702 1930 ad
723 1885 778 1930 ros
794 1870 944 1930 remitte-
996 1873 1048 1932 ter
1074 1872 1107 1931 ln
1133 1869 1364 1948 spiritualibus
1388 1870 1583 1932 diminuitur
1611 1871 1696 1948 quod
1725 1871 1791 1933 nisi

142 1969 227 2040 rent,
242 1968 474 2043 impetrantem
490 1967 523 2027 iu
535 1968 689 2045 expensis
702 1966 857 2042 legitimis
869 1982 943 2028 con·
965 1970 966 2031 3
997 1982 1056 2045 per
1066 1968 1266 2045 apostolicae
1277 1967 1372 2030 Sedis
1385 1967 1626 2045 providentiam
1637 1968 1793 2029 celeriter

141 2064 344 2126 damnando.
360 2066 428 2126 Nos
448 2064 558 2126 autern
579 2064 715 2141 provide
735 2064 943 2126 attendentes
997 2066 1211 2142 succurratur
1233 2065 1351 2137 eidem,
1373 2064 1523 2127 incurret
1546 2063 1662 2143 procul
1690 2065 1791 2129 dubio

142 2162 230 2240 quod
258 2161 451 2239 hujusmodi
475 2162 595 2224 litterae
619 2178 686 2235 uon
710 2160 843 2223 inerunt
870 2164 941 2221 sine
996 2162 1256 2239 irrecuperabile
1285 2162 1531 2224 detrimentum.
1571 2162 1654 2233 Quia
1689 2162 1792 2240 igitur

142 2259 369 2335 subreptionis
383 2259 463 2321 uitio
476 2259 671 2336 impetrarim,
687 2275 759 2320 cum
772 2275 843 2329 nos,
856 2259 943 2320 sicut
997 2259 1115 2321 melius
1130 2260 1181 2321 est
1192 2260 1229 2319 in
1243 2260 1393 2337 tempore
1404 2275 1591 2332 occurrere,
1604 2276 1702 2337 quam
1717 2260 1793 2337 post

141 2358 322 2434 exprimis
345 2357 465 2419 litteris
485 2357 751 2418 adrosdirectis
777 2357 866 2434 patet
881 2373 943 2417 ex·
996 2357 1123 2419 exitum
1155 2356 1338 2429 vindicare,
1362 2356 1556 2418 discretioni
1588 2358 1709 2418 vestrae
1735 2371 1794 2432 per

141 2470 268 2534 presse,
275 2470 412 2516 causam
423 2454 580 2515 Ecclesiae
592 2455 840 2531 persequentes,
853 2470 944 2515 man·
995 2454 1185 2531 apostoliea
1200 2453 1325 2531 scripta
1343 2453 1550 2521 mandamus,
1567 2454 1729 2531 quatenus
1748 2453 1790 2515 ad

140 2551 344 2622 darerimus,
356 2552 632 2628 praenominatum
646 2550 762 2611 «lucem
777 2551 818 2612 ad
834 2551 940 2613 satis·
995 2552 1233 2614 monasterium
1243 2552 1353 2629 ipsum
1365 2552 1585 2628 personaliter
1594 2552 1792 2614 accedentes

140 2648 331 2712 iaciendum
354 2648 461 2711 eidem
488 2649 647 2724 magistro
668 2663 729 2725 per
751 2665 811 2710 ros
833 2648 942 2710 eccle-
996 2649 1203 2712 ethabentes
1217 2665 1287 2727 prae
1305 2649 1411 2711 oculis
1425 2648 1532 2710 solum
1548 2651 1662 2722 Deum,
1678 2649 1792 2727 inqui-

139 2747 278 2810 siastica
301 2761 443 2808 censura
465 2745 630 2821 compelli,
648 2746 778 2809 litteras
801 2745 842 2808 ad
865 2746 940 2808 illos
995 2747 1078 2811 ratIs
1097 2763 1198 2825 super
1216 2747 1260 2808 iis
1274 2746 1308 2808 et
1321 2746 1399 2808 aliis
1417 2748 1485 2808 tam
1504 2745 1674 2824 incapite,
1691 2761 1790 2825 quam

139 2845 286 2907 directas
302 2844 511 2905 decernimus
534 2843 647 2906 irritas
671 2845 705 2905 et
727 2844 942 2916 inanesdis-
995 2844 1030 2906 irr
1052 2843 1209 2906 membris
1237 2844 1429 2920 diligentius
1454 2843 1640 2917 veritatem,
1663 2845 1697 2905 et
1716 2850 1820 2920 quae*

139 2942 283 3004 crationi
323 2942 443 3003 vestrae
486 2956 546 3018 per
590 2940 780 3018 apostolica
817 2941 940 3017 scrIpta
992 2941 1193 3005 inueneritis
1203 2941 1298 3003 nobis
1314 2940 1374 3003 sub
1387 2942 1507 3004 vestris
1517 2940 1637 3017 sigillis
1648 2940 1791 3004 fideliter

140 3039 352 3108 mandantes,
378 3039 541 3116 quatenus
569 3039 694 3099 eisdem
723 3038 844 3099 intents
874 3054 940 3100 non
994 3038 1167 3111 intimetis,
1180 3040 1216 3100 ut
1229 3054 1273 3100 ex
1287 3040 1397 3100 vestra
1408 3038 1570 3101 relatione
1585 3038 1791 3101 sufficienter

139 3135 351 3199 obstantibus
363 3135 465 3197 latam
478 3151 498 3196 a
510 3134 604 3196 vobis
617 3135 785 3199 interdicti
805 3136 941 3197 senten·
994 3137 1151 3198 instructi
1168 3135 1386 3214 procedamus
1410 3135 1530 3197 exinde
1552 3135 1650 3212 prout
1670 3150 1791 3198 secun·

139 3234 221 3298 tiam
251 3233 386 3296 faciatis
400 3233 599 3295 anctoritate
624 3238 749 3305 nostra,
767 3249 873 3311 nsque
897 3234 939 3296 ad
994 3232 1072 3293 dum
1096 3235 1199 3293 Deum
1219 3230 1401 3293 viderimus
1425 3231 1680 3309 procedendum.
1697 3230 1790 3303 Quod

141 3329 405 3394 satisfactionem
418 3330 627 3406 condignam,
644 3330 867 3407 appellatione
882 3345 940 3392 re·
994 3330 1104 3393 sinon
1120 3344 1246 3404 omnes,
1267 3330 1330 3391 etc.
1348 3329 1469 3391 Datum
1482 3328 1655 3404 Anagniae,
1671 3326 1789 3395 Vidua

141 3430 228 3491 mota
243 3426 487 3490 inviolabiliter
507 3426 691 3490 observari.
717 3426 809 3500 Quod
828 3428 939 3489 sinon
993 3426 1116 3501 martii,
1133 3426 1343 3504 pontificatus
1355 3426 1462 3488 nostri
1476 3441 1565 3489 anno
1579 3426 1685 3489 sexto

141 3540 266 3598 omues,
291 3525 354 3586 etc.
374 3524 493 3586 Datum
523 3521 698 3600 anagnie,
733 3522 828 3587 sexto
861 3524 938 3586 idus

142 3622 263 3697 martii,
281 3636 371 3685 auno
386 3622 495 3683 serto.

1026 3884 1029 3888 Α
1289 3754 1486 3842 CXXXIII

450 3904 627 3992 CXXXII
1134 3907 1188 3967 no
1203 3904 1394 3981 meorum
1416 3905 1642 3981 emmenum.

143 4057 193 4117 Ad
211 4058 410 4132 episcopum
423 4056 728 4127 cenomannensem,
745 4054 779 4116 ct
800 4055 938 4116 abbates
1266 4034 1300 4092 ¹²
1314 4033 1408 4091 martti
1423 4033 1503 4092 llll.

184 4156 387 4216 Vadattnen.
424 4153 460 4216 et
489 4152 748 4216 Claromoltiett.
782 4154 938 4213 dioeeerttt
1136 4157 1231 4223 [Fater.
1242 4156 1328 4210 Codex
1337 4154 1455 4223 diplom,
1469 4154 1525 4217 vll,
1535 4170 1562 4216 r,
1576 4155 1645 4223 m]

180 4254 366 4313 ommim·
542 4344 560 4358 ..
990 4283 1087 4343 blouet
1100 4283 1256 4357 capitulum
1271 4281 1449 4356 Ragusinum
1464 4286 1495 4339 ut
1507 4278 1549 4341 ad
1557 4281 1726 4341 electionem
1738 4297 1784 4342 ar·

419 4345 450 4403 II
466 4349 561 4402 martrr
575 4344 654 4403 ran.
1025 4370 1199 4445 chlepiseopi
1213 4372 1382 4429 canonicam
1396 4368 1562 4443 procedant,
1574 4377 1601 4427 et
1613 4379 1710 4429 contra
1721 4370 1781 4436 bm-

172 4456 350 4525 [aegentia.
363 4456 556 4525 vl,epist.uli8.
568 4456 907 4523 dssmlortedulhed]
1012 4452 1128 4518 ¹reticos
1149 4461 1179 4517 in
1200 4460 1339 4518 Dalmatia
1359 4458 1480 4517 Acontio
1506 4457 1587 4517 Schs
1612 4460 1784 4534 Apostolices

143 4583 253 4644 Xaudm
274 4590 307 4642 ut
330 4582 517 4657 personaliter
540 4581 710 4640 accedentes
729 4581 765 4639 ad
789 4588 932 4640 monaste·
1024 4549 1184 4624 ¹⁰3³¹⁰Pf⁰
1198 4548 1306 4606 Vffibffl
1320 4547 1464 4606 mmm·

174 4673 282 4732 rium...
301 4671 448 4745 inquirant
466 4669 503 4729 da
518 4669 686 4728 criminibus
703 4669 813 4727 abbatis
830 4671 934 4728 verita·
1028 4683 1390 4761 Honoriuggpjswpus,
1400 4697 1698 4745 ggrvusservomm
1706 4682 1779 4757 Dei,

172 4768 240 4833 tem,
265 4768 294 4819 et
318 4774 383 4834 qus
403 4759 564 4818 invenerint
586 4757 640 4816 sub
661 4759 721 4817 suis
744 4758 847 4832 sigillis
868 4759 933 4817 iuti·
990 4781 1120 4844 dilectis
1134 4780 1252 4842 fiffigm
1267 4781 1301 4841 et
1321 4779 1466 4858 capitulo
1487 4779 1669 4856 Ragusino'
1685 4778 1781 4841 salu,

174 4857 264 4908 mem·
988 4877 1621 4955 temetapostolieambenedmtlonem.

175 4974 357 5047 Honorius,
373 4974 456 5048 etc,
466 4972 650 5035 venerabili
665 4971 760 5035 tratri
779 4972 934 5051 episcopo
1029 4977 1136 5053 Super
1144 4990 1279 5053 gregem
1288 4975 1496 5037 bominicum
1505 4974 1692 5052 uigilantes,
1702 4973 1781 5051 quia

141 5070 513 5143 Cenomanen.,dilectis
526 5070 805 5133 tiliisl'adaunen.
816 5071 933 5132 etdle·
988 5071 1083 5136 nobis
1098 5074 1176 5134 suut
1196 5088 1274 5135 ores
1294 5071 1417 5133 Christi
1432 5087 1476 5134 ex
1495 5071 1606 5133 officio
1620 5071 1781 5149 pastorali

139 5172 322 5233 remonten.
340 5167 748 5232 abbatibuscenomanen.
767 5167 932 5230 dioecesis.
988 5169 1183 5241 commissae,
1199 5169 1296 5246 lupos
1319 5168 1361 5230 ab
1388 5168 1513 5231 eisdem
1539 5183 1700 5241 arcemus,
1724 5184 1778 5242 ne,
1810 5154 1814 5161 ’

176 5270 226 5330 b'e
249 5268 356 5344 virgae
380 5266 553 5343 vigilantis
579 5264 725 5327 officium
748 5265 933 5328 inofficiose
988 5266 1073 5346 quod
1083 5266 1179 5339 absit,
1188 5266 1641 5342 mercenariocomparemur.
1651 5267 1779 5328 Rursus

139 5380 252 5441 gerere
269 5364 453 5436 videamur,
470 5360 604 5441 expedit
617 5365 664 5435 ut,
681 5378 756 5423 cum
771 5363 935 5426 ecclesia·
987 5365 1074 5428 inter
1084 5363 1259 5447 operarios
1268 5363 1376 5425 vineae
1386 5363 1517 5424 Domini
1533 5360 1688 5435 Sabaoth,
1700 5362 1780 5427 licet

141 5477 211 5524 rum
223 5462 372 5525 omnium
385 5461 430 5523 sit
438 5460 536 5522 nobis
545 5459 734 5522 sollicitudo
742 5461 931 5535 commissa,
987 5463 1077 5525 circa
1104 5462 1222 5524 boram
1245 5460 1465 5532 undecimam,
1490 5475 1511 5521 a
1538 5458 1778 5537 patrefamilias

140 5574 205 5633 eas,
232 5576 309 5623 cum
336 5558 480 5637 expedit,
507 5556 698 5631 visitemus,
726 5557 933 5635 corrigendis
987 5558 1180 5637 evangelico
1195 5557 1364 5621 constituti
1379 5557 1420 5618 ad
1435 5555 1629 5634 vulpeculas
1643 5559 1779 5636 capien-
