3916 6204
74 281 128 341 37
666 269 1106 337 armuuatnm.un.
1315 242 1319 249 ’
1649 274 1710 336 aa

72 437 204 500 ciericos
219 431 469 511 expeditionum
489 434 623 493 tuarum
649 430 809 507 angariis,
827 429 861 491 et

72 534 142 595 aliis
152 530 370 593 saecularibus
385 528 615 592 exactionibus
634 543 808 604 aggravas,
827 528 860 589 et

71 631 220 692 molestas
242 629 275 690 et
289 628 534 690 contradivina
556 629 589 689 et
617 627 763 686 huruuua
785 625 858 686 sta·

71 729 182 790 fatain
198 727 355 788 saeculari
381 724 553 801 compellis
564 724 692 801 jndicio
720 738 860 799 respon-

71 827 152 887 dere.
167 827 276 896 Quum
292 824 402 885 autem
430 823 503 883 haec
519 821 636 884 salutis
651 820 711 882 tihi
727 820 860 897 pariant

70 922 310 992 detrimentum,
326 922 359 982 et
379 936 439 981 nos
453 936 517 997 quo
537 919 702 980 sincerius
722 920 756 979 te
778 917 859 978 dili-

69 1022 236 1095 gimus,eo
256 1018 413 1079 libentius
439 1032 598 1079 revocare
619 1018 652 1077 te
680 1015 721 1076 ah
742 1015 860 1090 hujus-

67 1117 146 1177 modi
160 1117 348 1193 cupiamus,
366 1115 579 1176 serenitatem
609 1114 735 1188 regiam
758 1126 859 1186 roga-

67 1230 144 1284 mus,
160 1228 335 1274 monemus
347 1212 380 1274 et
395 1212 569 1273 hortamur
583 1212 720 1280 attente,
736 1209 856 1286 quate-

67 1327 125 1371 nus
142 1326 188 1371 ne
207 1312 323 1372 contra
348 1311 381 1371 te
406 1309 489 1370 iram
516 1311 589 1385 ejus
615 1308 673 1385 qui
698 1305 859 1367 transfert

67 1424 176 1484 regna,
195 1409 229 1469 et
240 1408 392 1484 spiritum
408 1406 518 1467 aufert
534 1405 721 1482 principum
737 1419 859 1480 provo·

67 1507 131 1567 cari
156 1504 341 1580 contingat,
359 1503 400 1564 ah
420 1503 472 1563 his
501 1503 614 1565 taliter
625 1501 854 1579 conquiescas,

66 1601 143 1678 quod
158 1603 197 1663 et
211 1601 358 1663 divinam
370 1599 492 1660 exinde
507 1600 613 1660 vitare
628 1599 737 1674 possis
750 1597 858 1660 offen-

66 1715 141 1770 sam,
161 1701 200 1761 et
225 1714 287 1759 nos
309 1700 426 1759 contra
451 1711 627 1773 personam
645 1696 748 1765 tuam,
776 1697 856 1757 tan-

65 1812 156 1874 quam
172 1797 259 1858 velis
273 1796 308 1855 in
321 1794 623 1857 ecclesiasticarum
639 1808 856 1870 personarum

65 1894 220 1956 delectari
232 1894 426 1969 gravamine
445 1908 512 1954 non
527 1890 703 1969 possimus,
720 1891 807 1968 quod
823 1892 856 1953 te

64 2006 204 2066 gravare
219 1992 336 2052 debeat
361 1991 519 2066 cogitare.
540 1992 659 2051 Datum
685 1989 853 2060 Laterani,

64 2091 91 2147 X
100 2088 264 2151 kalendas
276 2088 400 2159 martii,
411 2102 498 2148 anno
512 2089 639 2148 octavo.

381 2392 537 2478 CXXVI

197 2547 252 2606 Ad
270 2545 412 2604 Ericum
435 2557 555 2618 regem
577 2541 714 2603 Soettoe.

317 2682 353 2740 20
366 2680 500 2740 februarii
516 2681 595 2738 1221.

132 2807 283 2872 perrupto,
292 2806 409 2858 swsnsnt
423 2805 540 2870 diplom,
552 2804 584 2863 n,
597 2803 654 2861 aas,
668 2815 693 2852 n.
706 2802 775 2867 aaa]

63 2936 95 2993 t't
118 2934 258 3006 quiescat,
283 2929 451 2989 vacantibus
476 2930 675 3002 episcoporum
701 2928 785 3001 regni
808 2928 853 2986 sui

93 3022 233 3090 ecclesiis,
248 3020 322 3077 hona
340 3033 439 3076 aarum
454 3019 593 3075 violenter
607 3031 745 3090 usurpare
760 3022 789 3074 et
807 3015 850 3073 di·

93 3126 197 3184 ripere.

97 3238 160 3308 Qui
183 3235 314 3312 paravit
333 3235 367 3294 in
389 3234 473 3295 coeio
497 3233 608 3295 sedem
630 3248 736 3307 suam,
759 3233 793 3294 et
815 3233 851 3293 in

62 3349 161 3409 regno
190 3331 362 3393 hominum
390 3330 594 3401 dominatur,
621 3330 776 3405 dignatos
803 3329 853 3391 est

62 3430 275 3492 habitationis
290 3429 375 3499 loca,
387 3428 547 3489 ecclesias
563 3426 718 3488 videlicet
730 3427 763 3488 in
777 3427 853 3503 qui-

61 3527 118 3588 hus
133 3543 254 3588 nomen
273 3526 446 3587 invocetur
465 3526 584 3602 ipsius,
601 3524 689 3585 inter
701 3524 852 3585 homines

62 3625 219 3696 obtinere,
243 3639 327 3700 quas
349 3623 463 3699 utique
484 3638 524 3683 ac
543 3636 703 3698 personas
722 3622 853 3682 consis-

61 3723 164 3784 tentes
185 3723 220 3783 in
241 3720 325 3797 ipsis
347 3720 468 3791 cuncti,
483 3719 539 3797 qui
560 3718 744 3780 christiana
769 3734 851 3796 pro-

61 3818 202 3880 fessione
214 3818 403 3888 censentur,
414 3816 534 3877 dehent
548 3830 608 3893 pro
617 3815 739 3877 Christi
756 3830 853 3876 reve-

60 3916 167 3979 rantia
185 3914 345 3986 revereri,
365 3915 398 3976 et
418 3929 485 3974 non
507 3912 613 3973 solum
636 3912 677 3974 ab
703 3914 852 3991 ipsarum

61 4013 192 4091 injuriis
216 4012 397 4083 abstinere,
420 4026 536 4072 verum
563 4010 663 4071 etiam
685 4009 762 4070 aliis
782 4009 851 4071 suis

60 4109 311 4188 injuriatoribus
323 4107 473 4177 obviare,
489 4123 589 4184 quum
604 4106 690 4167 idem
701 4106 851 4168 Christus

60 4208 93 4267 in
107 4223 221 4269 aarum
240 4204 402 4267 honorari
420 4204 547 4265 honore
562 4220 598 4265 33
613 4205 753 4281 reputet,
770 4206 803 4266 et
816 4204 851 4264 in

59 4304 208 4366 molestia
232 4301 415 4364 molestari.
445 4300 494 4362 Ad
521 4302 668 4362 nostram
692 4316 772 4360 sane
790 4316 853 4361 au·

59 4400 216 4462 hennam
236 4399 334 4476 regni
348 4399 397 4461 tui
419 4390 587 4475 ¹episcopis
606 4397 851 4460 insinuantibus

59 4500 108 4560 est
120 4498 276 4570 delatum,
294 4495 381 4574 quod
398 4494 594 4556 vacantibus
613 4510 727 4556 eorum
743 4495 852 4555 eccle-

58 4595 129 4667 siis,
160 4611 240 4672 quas
267 4594 379 4655 alieno
404 4592 484 4654 tunc
513 4591 700 4667 indigentes
724 4590 851 4652 auxilio

58 4691 194 4754 deberes
209 4709 251 4752 ne
266 4690 302 4751 in
315 4689 412 4751 bonis
425 4689 495 4749 suis
506 4688 698 4765 paterentur
711 4688 850 4765 dispen-

57 4789 150 4849 dium
162 4789 346 4860 defensare,
358 4785 445 4848 bona
455 4786 572 4847 eadem
584 4785 748 4847 violenter
758 4801 853 4846 usur·

57 4899 129 4960 pas,
147 4886 179 4947 et
189 4901 248 4962 pro
264 4887 322 4946 tua
337 4882 455 4960 diripis
468 4881 649 4952 voluntate,
667 4881 752 4957 quod
773 4879 851 4958 qui-

56 4981 132 5042 dem
147 4982 212 5043 tam
227 4995 364 5043 enorme
379 4980 477 5057 parit,
490 4980 526 5040 ut
539 4977 689 5055 praedicti
704 4977 851 5055 episcopi

56 5080 219 5151 asserunt,
227 5078 354 5140 eisdem
362 5076 514 5138 ecclesiis
523 5075 755 5137 detrimentum
764 5076 850 5153 quod

56 5175 107 5235 sic
126 5173 220 5236 bonis
233 5174 402 5236 distractis
418 5162 533 5234 eornm
548 5172 600 5233 sui
622 5171 781 5240 redditus,
794 5172 849 5249 qui

55 5271 146 5332 alias
162 5273 242 5334 satis
256 5274 334 5333 sunt
349 5271 514 5343 exiisset
532 5272 649 5331 tenues
668 5269 852 5330 annullen-

53 5372 123 5430 tur.
141 5370 242 5439 Quum
255 5370 366 5431 autem
376 5368 449 5429 haec
460 5368 561 5443 regiae
575 5365 772 5428 celsitudini
784 5382 851 5427 non

55 5466 256 5529 conveniant
273 5481 333 5544 per
348 5481 421 5542 quae
441 5464 651 5541 dispendium
667 5462 784 5526 salutis
797 5464 852 5525 in·

54 5576 221 5631 curreres,
233 5564 266 5626 et
282 5561 406 5640 regalis
421 5561 649 5624 munificentia
664 5560 847 5634 notaretur,

916 428 1136 490 serenitatem
1166 429 1260 489 tuam
1286 443 1470 499 monemus,
1498 444 1654 506 rogamus
1678 434 1713 494 et

914 524 1087 586 hortamur
1109 526 1245 598 attente,
1269 528 1444 602 quatenus,
1470 543 1513 588 ne
1538 528 1654 590 contra
1677 531 1711 591 te

913 621 999 682 iram
1022 624 1105 698 ejus,
1121 623 1178 698 qui
1199 622 1359 685 transfert
1377 639 1491 707 regna,
1509 626 1541 686 et
1557 625 1712 703 spiritum

914 719 1023 780 aufert
1046 718 1233 795 principum
1262 722 1439 797 provocari
1463 722 1645 798 contingat,
1667 723 1709 785 ab

914 815 966 875 his
987 815 1099 877 taliter
1117 817 1334 893 conquiescas
1354 818 1440 895 quod
1456 819 1488 879 et
1502 820 1539 880 tu
1560 820 1709 882 divinum

914 912 1022 988 possis
1049 913 1107 990 qui
1130 929 1173 975 ex
1197 914 1260 975 hoc
1288 916 1513 977 concitaretur
1540 916 1711 980 declinare

913 1009 1070 1082 furorem,
1089 1013 1122 1071 et
1142 1027 1203 1073 nos
1226 1015 1343 1073 contra
1363 1014 1396 1074 te
1419 1014 1578 1090 tanquam
1601 1015 1711 1076 eccle·

913 1106 1126 1168 siasticorum
1148 1108 1336 1169 invasorem
1358 1108 1520 1171 bonorum
1549 1112 1708 1186 cogitare,

913 1203 999 1280 quod
1031 1220 1134 1279 grave
1153 1205 1214 1266 tibi
1246 1206 1416 1279 existeret,
1443 1222 1511 1269 non
1538 1223 1707 1283 cogamur.

912 1302 1033 1369 Datum
1053 1303 1220 1378 utsupra.

1221 1578 1395 1665 cxxvss

910 1736 963 1795 Ad
993 1735 1148 1798 abbufcm
1175 1739 1393 1809 Anemoreia„
1425 1740 1564 1800 Preces.
1592 1743 1702 1815 31333,

949 1836 1230 1895 archidiaconum
1247 1835 1280 1895 et
1299 1837 1468 1896 decanum
1481 1837 1517 1898 S.
1537 1837 1704 1912 scapnam

951 1931 1091 1990 f‘receu.

1165 2006 1201 2064 21)
1219 2006 1353 2064 februarii
1373 2009 1452 2066 1221.

943 2130 1062 2194 [11333313
1075 2128 1312 2195 hh.v111,ep.233.
1325 2131 1383 2181 ides.
1396 2133 1433 2182 La
1443 2133 1519 2183 Porta
1531 2131 1566 2184 da
1579 2133 1673 2198 rheu]

910 2254 1026 2313 Mandat
1049 2262 1079 2312 ut
1102 2255 1131 2311 iu
1151 2269 1238 2313 causa
1261 2257 1333 2313 inter
1354 2255 1588 2316 archidiaconum
1612 2260 1703 2318 Seno·

945 2357 1064 2400 oensem
1080 2351 1109 2400 et
1124 2342 1256 2400 abbatem
1271 2358 1305 2401 ac
1318 2352 1491 2403 conventum
1504 2347 1532 2404 S.
1551 2347 1627 2404 Petri
1639 2347 1705 2407 Viri

945 2430 1089 2491 senonen.
1106 2431 1271 2504 procedant.

949 2556 1127 2628 Honorius,
1145 2560 1222 2630 etc,
1243 2556 1372 2621 dilectis
1388 2558 1468 2619 111113
1486 2558 1599 2621 abbati
1613 2563 1704 2623 Ave-

908 2668 1048 2721 moren.,
1069 2657 1206 2716 133333.
1230 2655 1395 2727 dioecesis,
1412 2656 1648 2720 archidiacono
1672 2658 1706 2721 et

908 2750 1034 2811 decano
1050 2752 1162 2813 Sancti
1179 2752 1337 2828 Stephani
1351 2755 1488 2815 Trecen.

948 2847 1092 2909 Dilectus
1112 2848 1238 2908 tilius...
1255 2850 1512 2911 archidiaconus
1533 2853 1700 2913 Senonen.

907 2959 966 3004 sua
983 2944 1078 3005 nohis
1096 2945 1253 3020 petitione
1267 2947 1474 3018 monstravit,
1489 2948 1576 3023 quod
1600 2964 1702 3024 quum

908 3041 996 3102 iuter
1017 3041 1125 3117 ipsum
1145 3057 1189 3102 ex
1210 3045 1304 3118 parte
1329 3058 1405 3114 uua,
1434 3045 1467 3105 et
1485 3043 1638 3106 abbatem
1659 3061 1700 3107 ac

907 3142 1106 3199 conventum
1135 3140 1328 3200 monasterii
1358 3140 1471 3201 Sancti
1504 3141 1594 3202 Petri
1623 3141 1700 3203 Viri

908 3237 1072 3296 senonen.
1091 3251 1134 3295 ex
1148 3235 1264 3306 attera,
1282 3251 1383 3311 snper
1394 3240 1473 3313 jore
1486 3237 1701 3300 archidiaco-

907 3332 1005 3394 natus
1037 3333 1089 3393 sui
1112 3348 1225 3394 coram
1248 3332 1344 3394 vohis
1364 3334 1563 3396 auctoritate
1587 3338 1703 3399 nostra

908 3429 1048 3506 quaestio
1063 3431 1260 3502 verteretur,
1272 3430 1405 3513 tandem
1417 3431 1454 3491 in
1467 3447 1526 3493 vos
1537 3431 1599 3494 suit
1615 3433 1703 3493 tam·
1748 3428 1752 3432 ’

908 3542 1008 3603 quam
1034 3527 1068 3586 in
1087 3526 1247 3588 'arbitros
1278 3530 1468 3604 iuramento
1505 3529 1703 3607 interposito

908 3624 1196 3700 compromissum
1221 3625 1277 3686 sed
1293 3641 1371 3702 pars
1386 3626 1527 3687 adversa
1550 3629 1702 3704 postmo-

908 3720 996 3793 dum,
1011 3720 1053 3781 ab
1067 3721 1257 3797 huJusmodi
1273 3722 1426 3783 resiliens
1445 3725 1697 3799 compromisso,

907 3834 966 3879 vos
982 3818 1023 3879 ad
1039 3818 1213 3880 arbitrium
1232 3819 1412 3895 procedere
1434 3835 1502 3880 non
1529 3820 1701 3896 permittit.

905 3914 1041 3975 Abbatis
1056 3931 1136 3976 vero
1151 3916 1185 3976 et
1197 3916 1377 3976 conventus
1393 3916 1509 3992 petitio
1527 3915 1702 3979 11311333-

907 4011 1012 4072 hibita
1046 4011 1085 4072 de
1116 4012 1203 4073 dicto
1234 4012 1472 4087 compromisso
1501 4013 1703 4077 mentionem

906 4124 973 4170 non
989 4108 1115 4170 faciens
1128 4108 1329 4179 continebat,
1342 4110 1428 4186 quod
1440 4126 1540 4186 quum
1552 4110 1587 4171 in
1600 4114 1703 4188 Apos-

906 4205 1016 4266 tolicis
1045 4205 1176 4277 litteris,
1204 4220 1264 4281 per
1292 4220 1374 4281 quas
1402 4204 1497 4267 robis
1523 4207 1701 4271 commissa

906 4303 956 4363 est
988 4302 1177 4378 supradicta
1205 4302 1342 4378 quaestio
1365 4301 1409 4364 sit
1432 4318 1639 4380 expressum,
1665 4305 1702 4368 ut

907 4399 1085 4474 inquiratis
1100 4398 1273 4459 veritatem
1290 4414 1349 4475 per
1363 4399 1542 4460 canonicos
1562 4402 1701 4478 majoris

906 4495 1056 4556 ecclesiae
1071 4497 1249 4567 Senones,
1265 4499 1298 4556 et
1319 4495 1386 4556 nisi
1407 4494 1501 4558 vohis
1525 4496 1613 4559 infra
1632 4498 1701 4560 tres

907 4608 1037 4653 menses
1052 4593 1253 4673 postprimae
1275 4593 1443 4654 citationis
1460 4593 1604 4656 edictum
1625 4611 1702 4657 con·

906 4690 1027 4751 stiterit
1053 4706 1112 4768 per
1135 4690 1268 4751 eosdem
1292 4690 1465 4766 praefatum
1486 4686 1700 4753 archidiaco-

906 4803 996 4858 num,
1023 4786 1076 4847 vei
1102 4786 1365 4863 praedecessores
1391 4790 1463 4864 ejus
1490 4787 1531 4849 da
1562 4787 1702 4864 pacifice

905 4883 1037 4946 obtenta
1067 4884 1306 4944 consuetudine
1335 4884 1603 4961 jurisdictionem
1632 4885 1700 4947 ali-

906 4995 1004 5057 quam
1023 4980 1058 5040 in
1079 4979 1154 5055 ipso
1169 4979 1382 5051 monasterio,
1399 4980 1452 5041 vel
1477 4980 1512 5041 in
1532 4980 1609 5041 aliis
1633 4981 1701 5042 hu-

901 5076 1049 5154 jusmodi
1062 5075 1215 5146 abbatiis,
1224 5075 1385 5137 hactenus
1401 5076 1570 5149 hahuisse,
1583 5079 1701 5153 praefa-

905 5177 974 5236 tum
988 5174 1226 5234 monasterium
1241 5172 1282 5233 ah
1297 5176 1370 5250 ejus
1392 5173 1551 5249 petitione
1568 5175 1700 5250 penitus

906 5270 1105 5344 absolvatis3
1133 5271 1205 5347 ipso
1231 5270 1467 5331 archidiacono
1493 5272 1637 5346 petente,
1665 5275 1701 5336 ut

905 5367 1100 5443 reciperetis
1126 5368 1228 5429 testes
1253 5368 1481 5445 undecumque
1509 5367 1698 5445 productos,
1744 5444 1752 5457 ‚

906 5467 939 5527 et
951 5479 1051 5542 super
1063 5463 1210 5527 abbatiis
1219 5480 1284 5525 non
1302 5465 1466 5524 senonen.
1483 5463 1700 5542 interrogatis

906 5561 1052 5624 eosdem.
1082 5564 1150 5623 Vos
1176 5561 1353 5623 occasione
1386 5560 1555 5637 petitionis
1578 5563 1701 5642 hujus-

1829 414 1836 457 t
