3916 6204
89 296 148 359 565
1673 296 1733 360 566

89 471 219 519 merum
238 455 368 518 indulta
393 455 547 518 remissio
562 471 630 518 non
643 456 793 529 excedat,
809 459 843 520 et
856 460 886 521 si
980 458 1098 523 Dilecti
1122 457 1183 518 tilii
1207 456 1310 519 abbas
1324 458 1553 521 etconventus
1567 455 1734 519 demente

90 553 132 616 ab
145 553 195 614 eis
210 552 264 614 uel
291 551 493 629 quibuslibet
516 554 604 625 aliis,
628 555 685 632 qui
706 555 748 615 ad
764 555 885 632 buius·
941 556 1072 618 Sancta
1086 556 1213 626 Mariae,
1233 555 1465 617 Cisterciensis
1479 555 1618 626 ordinis,
1638 553 1735 615 nobis

91 651 181 712 modi
217 649 474 712 convocationes
504 652 740 724 convenerint,
775 651 886 728 aliqua
941 652 1172 729 conquerendo
1185 653 1421 724 monstrarunt,
1443 653 1530 729 quod
1544 651 1666 713 nobilis
1681 650 1734 713 vir

92 747 205 809 oblata
225 746 359 819 luerint,
381 748 435 809 vel
458 748 543 809 alias
570 748 646 810 data
665 765 724 826 pro
740 748 887 810 subsidio
941 749 1160 811 Bersonensis
1196 746 1318 827 (Burs)
1351 750 1384 810 et
1418 750 1551 826 quidam
1574 748 1631 810 alii
1648 751 1736 810 Jau-

90 847 205 905 Terrae
219 846 359 916 sanctae,
377 845 437 907 illa
446 844 578 907 iacietis
590 846 732 908 fideliter
751 861 888 907 oonser-
940 845 1086 909 rinensis
1108 845 1272 917 diaecesis,
1297 860 1398 921 super
1416 846 1558 922 quadem
1583 845 1735 923 pecuniae
1805 836 1811 843 ’

90 941 177 1013 vari,
193 941 232 1002 ut
254 943 403 1017 tempore
418 942 564 1019 passagii
577 941 739 1008 faciamus
756 944 887 1020 disponi
941 958 1079 1013 summa,
1094 942 1227 1018 praediis
1239 943 1273 1003 et
1283 942 1381 1002 rebus
1394 943 1471 1003 aliis
1481 942 1522 1004 ad
1532 957 1646 1004 eorum
1659 957 1733 1003 mo·

89 1039 131 1099 de
143 1038 226 1110 illis,
239 1041 338 1114 prout
351 1039 457 1115 ipsius
471 1043 582 1101 Terrae
598 1041 728 1102 Sancta
739 1039 887 1101 subsidio
941 1039 1125 1100 nasterium
1146 1039 1187 1100 de
1206 1041 1283 1115 Jure
1309 1038 1545 1115 spectantibus,
1562 1039 1733 1115 injurian-

89 1134 261 1197 videbitur
278 1135 447 1213 expedire.
468 1137 587 1199 Datum
606 1138 774 1210 Laterani,
790 1138 888 1199 nonis
941 1137 996 1198 tur
1018 1136 1153 1197 eisdem.
1176 1136 1319 1211 Ideoque
1334 1135 1527 1198 discretioni
1544 1137 1663 1199 vestrae
1676 1150 1736 1213 per

90 1230 218 1303 martii,
231 1231 445 1309 pontificatus
460 1233 568 1295 nostri
582 1248 670 1296 anno
685 1234 813 1297 convo.
941 1233 1132 1310 Apostolica
1168 1234 1291 1310 scripta
1329 1234 1537 1306 mandamus,
1573 1235 1736 1311 quatenus

942 1330 1091 1406 partibus
1119 1330 1328 1400 convocatis,
1357 1329 1501 1391 audiatis
1530 1345 1675 1401 causam,
1704 1330 1739 1392 et

942 1427 1166 1504 appellatione
1180 1428 1319 1499 remota,
1331 1428 1396 1488 tine
1411 1426 1522 1489 debito
1532 1427 1736 1502 terminetis;

943 1523 1103 1586 iacientes
1124 1524 1210 1601 quod
1236 1524 1452 1586 decreveritis
1476 1539 1536 1600 per
1560 1539 1737 1585 censuram

942 1621 1203 1683 ecclesiasticam
1250 1620 1390 1682 firmiter
1418 1620 1601 1682 observari.
1626 1620 1741 1683 Testes

694 299 924 360 EPISTOLAEI.
947 300 1026 359 LIB.
1049 300 1135 361 VIII.

450 1509 532 1595 CLI

193 1660 246 1718 Ad
263 1659 452 1733 capitulum
476 1660 787 1735 Hameurpeasem.

943 1720 1064 1790 autem,
1082 1719 1112 1779 si
1127 1718 1184 1795 qui
1194 1716 1319 1778 luerint
1331 1717 1506 1788 nominati,
1522 1716 1551 1777 si
1564 1733 1600 1778 se
1615 1718 1736 1793 gratia,
1855 1730 1864 1749 ²

380 1790 398 1846 9
416 1786 511 1848 martii
524 1790 603 1848 leat.

198 1910 382 1977 [Lappenberp
397 1912 534 1976 [lemburg.
546 1913 603 1971 bb,
618 1914 638 1972 l,
652 1911 709 1977 us,
721 1913 789 1975 tlt]

308 2026 358 2084 Eis
375 2027 516 2099 postulata
528 2026 668 2085 coneedit.

943 1814 1030 1886 odio,
1041 1815 1095 1877 vel
1107 1815 1225 1877 timore
1240 1813 1479 1885 subtraxerint,
1491 1829 1738 1889 percensuram

943 1912 1105 1984 eamdem,
1122 1911 1343 1988 appellatione
1358 1913 1521 1983 cessante,
1538 1911 1665 1986 cogatis
1679 1926 1740 1972 ve·

943 2010 1034 2071 ritati
1059 2009 1286 2070 testimonium
1310 2007 1495 2084 perhibere.
1513 2007 1603 2079 Quod
1628 2007 1657 2067 si
1671 2021 1739 2067 non

944 2122 1058 2169 omnes
1073 2105 1127 2167 his
1137 2105 1358 2183 exsequendis
1370 2104 1544 2182 potueritis
1559 2104 1736 2175 interesse,

943 2206 980 2265 tu
1008 2203 1122 2275 trater,
1148 2203 1313 2280 episcope,
1339 2218 1412 2263 cum
1435 2217 1550 2263 eorum
1570 2201 1677 2261 altero
1697 2216 1739 2262 ea

945 2300 1162 2362 nibilominus
1186 2299 1393 2376 exsequaris.
1423 2300 1541 2360 Datum
1567 2296 1735 2369 Laterani,

944 2399 974 2459 V
987 2398 1062 2458 idus
1077 2397 1202 2468 martii,
1218 2395 1430 2474 pontificatus
1450 2394 1556 2457 nostri
1570 2410 1659 2455 anno
1675 2407 1738 2456 oe-

944 2495 1034 2556 tavo.

130 2150 303 2212 Honorius
311 2152 499 2229 episcopus,
509 2167 624 2213 servus
636 2168 808 2215 servorum
816 2154 887 2227 Ilei,

90 2247 312 2309 dilectisliliis
325 2249 471 2326 capitulo
482 2249 736 2326 Hamburgensi,
750 2250 889 2313 salutem

89 2346 125 2406 et
137 2345 365 2423 apostolicam
377 2345 650 2408 benedictionem.

131 2445 185 2503 Ex
198 2443 295 2519 parte
308 2443 421 2504 vestra
434 2441 496 2504 tuit
514 2443 610 2505 nobis
624 2443 797 2506 humiliter
811 2460 891 2523 sup-

89 2540 267 2619 plicatum,
297 2539 440 2618 utJuxta
463 2541 619 2602 Ecclesiae
637 2544 795 2604 Romanae
811 2558 891 2604 con-

89 2636 347 2710 suetudinem,a
362 2638 613 2714 septuagesima
627 2655 731 2716 usque
746 2640 786 2699 ad
803 2642 890 2700 Pas-

90 2733 156 2796 cha
172 2735 206 2795 et
220 2732 263 2794 ab
283 2733 434 2795 Adventu
446 2735 576 2796 Domini
593 2752 696 2813 usque
708 2735 748 2797 ad
765 2737 892 2798 Nativi-

90 2833 196 2893 tatem
211 2830 248 2890 in
258 2828 492 2916 festivitatibus
505 2847 624 2893 novem
638 2833 829 2907 lectionum,
847 2838 890 2896 Tc

90 2932 208 2990 Decem
230 2926 407 2989 laudamus
422 2928 454 2989 et
470 2932 587 2991 ownia
601 2934 638 2991 in
652 2933 798 2993 excetrae
820 2935 891 2993 Dee

89 3026 127 3086 in
143 3025 290 3087 ecclesia
304 3026 416 3087 vestra
438 3026 593 3087 cantandi
609 3026 778 3089 licentiam
797 3028 891 3090 vobis

90 3121 279 3184 concedere
304 3121 530 3197 dignaremur.
557 3126 627 3185 Nos
651 3124 755 3200 igitur
770 3126 891 3187 vestris

89 3218 398 3297 supplicationibus
416 3220 584 3293 inclinati,
597 3223 795 3285 auctoritate
810 3239 893 3300 prae·

90 3318 239 3379 sentium
252 3317 351 3378 vobis
366 3318 578 3380 concedimus
602 3320 779 3397 postulata.
796 3320 892 3381 Nulli

88 3429 172 3491 ergo
182 3415 321 3476 omnino
336 3414 507 3475 hominum
523 3416 623 3477 liceat
638 3416 724 3478 hanc
735 3417 891 3494 paginam

89 3514 218 3573 nostrae
235 3512 461 3574 concessionis
476 3511 672 3590 infringere,
696 3515 749 3577 vel
763 3514 795 3575 ei
807 3530 892 3575 ausu

90 3608 274 3670 temerario
291 3609 469 3670 contraire.
488 3609 523 3670 Si
549 3611 623 3686 quis
637 3613 747 3673 autem
761 3610 824 3673 boc
836 3612 891 3673 at-

89 3708 225 3769 tentare
253 3707 513 3784 praesumpserit,
540 3707 801 3784 indignationem
816 3724 891 3770 om-

91 3803 277 3881 nipotentis
292 3803 351 3864 Dei
366 3819 406 3865 ac
420 3803 594 3867 beatorum
620 3806 712 3867 Petri
738 3807 770 3869 et
795 3806 893 3868 Pauli

92 3900 322 3976 apostolorum
349 3904 422 3979 ejus
448 3917 485 3964 se
508 3903 641 3965 noverit
665 3903 889 3965 incursurum.

90 3999 213 4059 Datum
231 3998 402 4071 Laterani,
418 4001 478 4060 Vll
493 3999 567 4060 idus
582 4001 705 4073 martii,
721 4002 893 4081 pontifica-

91 4096 146 4156 tus
160 4094 268 4156 nostri
287 4109 375 4155 anno
391 4096 518 4157 octavo.

445 4379 547 4466 CLII

116 4533 168 4592 Ad
182 4532 395 4604 episcopum,
407 4530 638 4603 praepositum
652 4531 685 4591 et
698 4532 866 4592 decanum

376 4628 618 4689 insinuantes.

371 4756 402 4812 II
419 4755 512 4812 martii
528 4755 607 4814 list.

239 4877 333 4943 [Fejen
346 4876 409 4929 (lod.
423 4877 542 4941 diplom..
557 4877 600 4938 iil,
612 4892 631 4938 r,
645 4893 671 4929 n.
687 4876 757 4943 lael

1285 2783 1408 2874 CLIII

996 2950 1048 3009 Ad
1057 2950 1353 3024 archepiscopum
1367 2948 1641 3020 Lapdnneasem,
1660 2944 1694 3006 et

945 3045 1101 3107 abbatem
1110 3047 1301 3116 Redeamus,
1319 3044 1559 3119 Laedunensta
1573 3042 1740 3105 dtoeceats.

1205 3184 1240 3242 10
1253 3182 1387 3240 februarii
1400 3181 1480 3273 ΗΞΕ.Ι

978 3317 1097 3382 menese,
1109 3316 1155 3367 lib.
1168 3316 1233 3375 VIII,
1247 3330 1286 3380 ep.
1296 3315 1353 3366 bid.
1366 3317 1425 3367 lise.
1435 3315 1472 3365 La
1480 3315 1558 3365 Porta
1567 3312 1603 3364 du
1616 3310 1712 3377 aneti]

946 3441 1062 3501 Mandat
1075 3448 1116 3510 ut,
1133 3441 1208 3515 quod
1235 3442 1333 3498 statuit
1356 3439 1393 3496 de
1418 3438 1620 3497 archidiacono
1640 3436 1744 3510 majori

981 3530 1139 3589 Viennensi
1163 3530 1193 3590 (l.
1221 3528 1387 3588 Portuensis
1413 3529 1575 3605 episcopus,
1597 3525 1744 3584 observari

982 3617 1098 3677 iaciant.

986 3744 1166 3817 Honorius,
1192 3744 1268 3815 etc,
1297 3739 1484 3804 venerabili
1507 3738 1605 3800 fratri
1630 3737 1744 3799 archi-

946 3843 1101 3918 episcopo
1119 3839 1344 3917 Lugdunensi.
1365 3838 1399 3900 et
1413 3837 1533 3899 dilecto
1548 3835 1617 3896 filio
1632 3834 1743 3895 abbati

946 3939 1140 4009 Bellevillae,
1153 3936 1385 4013 Lugdunensis
1394 3933 1558 3995 dioecesis.

988 4035 1196 4113 Significavit
1210 4034 1306 4094 nobis
1328 4032 1469 4093 dilectus
1491 4029 1618 4091 tilius...
1635 4032 1744 4107 major

947 4126 1744 4206 archidiaconusViennensis,quodcumquidam

946 4231 1109 4306 negarent
1138 4229 1247 4307 ipsum
1275 4244 1350 4289 esse
1377 4242 1554 4304 persenam
1592 4224 1745 4287 ecclesiae

946 4327 1148 4388 Viennensis
1171 4326 1227 4388 hio
1248 4326 1356 4402 ipsum
1376 4339 1451 4386 esse
1471 4322 1745 4385 archidiaconum

947 4423 1142 4495 faterentur,
1159 4420 1363 4483 venerabilis
1377 4420 1482 4482 trater
1495 4420 1609 4481 noster
1618 4421 1653 4480 C.
1666 4421 1746 4480 Por·

947 4521 1075 4585 tuensis
1087 4520 1275 4596 episcopus,
1283 4517 1569 4594 tunoapostoneae
1582 4516 1677 4579 Sedis
1690 4515 1745 4577 le-

946 4619 1056 4694 gatus,
1073 4616 1249 4680 attendens
1263 4614 1297 4676 id
1317 4615 1425 4691 ipsum
1442 4614 1538 4691 quasi
1552 4613 1743 4685 ridiculum,

946 4715 979 4777 et
1007 4714 1212 4776 contrarium
1241 4711 1475 4773 consuetudini
1501 4709 1667 4787 generali,
1703 4709 1745 4770 de

946 4811 1089 4873 consilio
1101 4809 1429 4886 archiepiscoporum
1448 4810 1482 4871 et
1497 4809 1741 4885 episcoporum,

946 4908 1155 4985 aliorumque
1163 4906 1389 4984 praelatorum,
1402 4921 1441 4969 ac
1447 4905 1535 4983 juris
1546 4905 1741 4983 peritorum,

88 4996 217 5071 ¹⁰1⁰&OE
243 4993 398 5051 ⁰⁰¹¹V⁰¹¹¹¹¹l
427 4994 456 5051 S·
478 4994 577 5052 Marisa
599 4994 708 5063 illatas,
737 4994 891 5067 0l>i⁸00l⁰2
946 5006 1002 5083 qui
1025 5021 1099 5067 cnm
1124 5019 1164 5066 eo
1188 5003 1230 5065 ad
1255 5004 1431 5065 ecclesiam
1451 5004 1558 5081 ipsam
1571 5015 1742 5063 convene-

122 5083 282 5182 praeposito
310 5090 340 5139 et
369 5081 479 5140 decano
504 5083 667 5173 taurinensi
694 5081 893 5156 dijudicandas
946 5104 1037 5175 rant,
1054 5101 1233 5173 ordinavit,
1257 5103 1290 5164 01
1310 5101 1436 5172 statuit,
1458 5102 1495 5163 ut
1509 5100 1616 5175 major
1629 5097 1744 5159 archi.

122 5177 291 5232 ⁶⁰¹¹¹¹¹¹¹t⁸¹‘·
946 5200 1106 5261 diaconus
1121 5199 1162 5260 de
1177 5199 1298 5260 caetero
1318 5199 1353 5260 in
1374 5197 1489 5258 eadem
1505 5194 1648 5258 ecclesia
1670 5196 1745 5271 post

126 5296 304 5360 Honorius
315 5295 503 5373 episcopus,
512 5312 629 5359 servus
639 5297 890 5368 servorumDei,
946 5297 1161 5374 praepositum
1187 5297 1331 5373 primum
1356 5294 1489 5357 stallum
1525 5294 1560 5353 in
1583 5292 1687 5354 choro
1712 5295 1746 5356 et

88 5391 893 5472 venerabililratriepiscopo,dilectistiliisprae-
946 5395 1093 5471 capitulo
1116 5393 1247 5455 habeat·
1262 5395 1299 5455 ut
1323 5407 1466 5469 persona
1481 5392 1515 5453 et
1536 5390 1571 5450 in
1590 5389 1745 5452 omnibus

89 5492 203 5570 posito
218 5491 252 5551 et
271 5490 398 5553 decano
416 5490 684 5564 taurinensibus,
701 5493 842 5554 salutem
859 5492 893 5554 et
946 5492 1024 5553 aliis
1035 5493 1110 5568 post
1121 5491 1294 5560 decanum,
1311 5488 1523 5566 praepositum
1535 5488 1568 5549 et
1576 5489 1745 5551 cantorem

89 5586 319 5666 apostolicam
333 5586 609 5651 benedictionem.
947 5588 1208 5667 praeminente
1234 5586 1382 5648 obtineat
1403 5584 1616 5661 dignitatem,
1642 5601 1745 5662 quare
1785 5672 1789 5687 Ι
