4014 6224
777 356 1006 424 EPISTOLAE.
1030 360 1107 422 LIB.
1131 360 1186 423 vi.
1764 360 1805 422 78

497 548 620 638 XCVI
1009 518 1807 598 vesprimiensisdieceslscssnictenostrtsnt·

1009 618 1093 680 teris
1107 620 1142 680 in
1153 619 1329 692 mandatis,
1344 620 1381 682 ut
1395 620 1424 680 si
1439 618 1523 681 torte
1535 621 1571 681 in
1585 618 1806 696 exsequendis

155 702 207 763 Λᾶ
218 702 419 763 JOmem
432 703 727 775 “millesimum
744 702 956 776 &riomen-
1011 715 1193 791 praemissis
1209 712 1413 792 negligentes
1434 715 1576 787 fueritis,
1596 716 1650 777 rel
1659 715 1804 788 remissi,

242 811 333 870 iem»
355 801 552 873 timidum
576 800 862 872 Veiiirimmissm·
1011 813 1047 873 ut
1062 812 1209 889 experiri
1221 813 1367 889 possitis,
1384 814 1542 890 quantum
1558 812 1680 875 existat
1694 812 1806 874 inobe-

426 926 463 987 20
478 926 602 1000 jannuti
614 928 693 987 1222,
1011 909 1144 971 dientiae
1173 910 1271 986 culpa
1297 911 1421 986 gravis,
1456 911 1636 973 terminum
1664 911 1805 972 duorum

242 1048 453 1116 metuentior.
467 1049 640 1114 flacceat.
653 1052 674 1111 1,
689 1067 716 1119 p.
728 1050 769 1110 32,
781 1064 807 1101 n.
818 1050 871 1116 ,U
1011 1008 1175 1068 mensium
1203 1007 1306 1073 robis,
1322 1008 1483 1078 statuant,
1510 1007 1596 1068 intra
1621 1023 1717 1085 quem
1745 1022 1805 1069 vos

1014 1106 1128 1165 nostro
1143 1105 1336 1181 conspectui
1351 1104 1570 1182 personaliter
1582 1104 1804 1181 praesentetis,

156 1173 306 1237 mmm
327 1173 495 1244 mmm*
513 1182 545 1232 ”t
564 1176 598 1234 ὓ·
614 1176 643 1232 in
658 1176 885 1248 P'ffllmnufflfflr
901 1188 956 1247 (¹¹¹³
1012 1201 1099 1278 quod
1116 1200 1508 1274 debeturinubedientiae,
1521 1201 1699 1279 recepturi.
1714 1200 1806 1272 Quod
1865 1244 1871 1253 ,

189 1263 333 1337 spoliatus
340 1262 443 1333 iuerat,
451 1263 609 1334 restituant,
616 1262 736 1339 regique
743 1262 955 1321 commendent.
1012 1298 1041 1358 Si
1054 1314 1120 1359 non
1133 1313 1259 1370 omnes,
1277 1298 1339 1360 etc.
1355 1299 1473 1359 Datum
1489 1297 1656 1370 Laterani,
1672 1300 1733 1358 XII
1744 1298 1807 1358 ka·

196 1397 873 1475 Honorinsepiscopns,serrasserrorum
884 1396 955 1470 Dei,
1012 1395 1118 1456 lendis
1142 1396 1324 1468 februarii,
1352 1394 1565 1473 pontificatus
1591 1394 1699 1457 nostri
1718 1409 1806 1456 anno

155 1494 409 1558 venerabilibus
440 1494 662 1556 tratribus.....
702 1492 957 1572 archiepiscopo
1013 1494 1118 1555 serto.

158 1592 383 1669 strigoniensi
396 1594 428 1654 et
429 1635 490 1653 .....
504 1593 661 1670 episcopo
669 1592 910 1670 vesprimensi,
925 1591 959 1654 et

158 1689 284 1752 dilecto
299 1690 368 1751 tilio
371 1732 431 1750 .....
448 1689 561 1752 abbati
575 1689 729 1766 deEgres
744 1689 958 1752 (lhenadien-
1338 1722 1482 1813 XCVII

158 1786 207 1848 sis
222 1786 389 1858 mancosis,
406 1786 563 1858 salutem,
574 1786 637 1849 etc.

200 1885 284 1944 cum
305 1883 461 1946 rideatur
492 1884 574 1946 satis
600 1882 779 1956 notodmn,
803 1883 958 1945 dilectum
1093 1878 1452 1950 Adorchtcpncopum
1466 1876 1726 1937 Caesariensem

161 1980 270 2042 hlium
280 1984 318 2042 G.
328 1981 446 2052 Orode,
459 1981 683 2059 prepositum,
697 1980 914 2059 prepositura
927 1981 961 2043 et
1278 2006 1314 2064 20
1322 2006 1446 2079 janum
1462 2005 1541 2064 tibi.

162 2077 318 2140 omnibns
331 2079 408 2140 aliis
421 2078 517 2140 bonis
532 2079 691 2151 suis,tam
706 2078 957 2150 ecclesiasticis,
1037 2129 1084 2194 Π),
1097 2130 1150 2182 M„
1159 2126 1244 2180 marie
1264 2127 1375 2180 sibene
1387 2124 1419 2179 de
1435 2128 1487 2178 me
1497 2128 1529 2178 de
1538 2127 1639 2193 cmm
1659 2127 1694 2178 111
1714 2125 1782 2191 m]

163 2190 264 2254 quam
279 2175 468 2248 mundanis,
485 2175 663 2253 spoliatum
685 2174 800 2245 inisse,
816 2175 961 2237 nonuti-
1247 2168 1253 2189 ’
1640 2164 1648 2188 '
1696 2163 1702 2185 '

162 2287 227 2350 que
250 2272 377 2351 absque
402 2273 499 2349 gravi
522 2272 695 2350 dispendio
721 2272 960 2336 ecclesiastica,
1014 2251 1175 2313 Mandatus
1193 2249 1229 2313 ad
1247 2248 1439 2311 obedientiam
1458 2258 1487 2310 et
1502 2252 1692 2310 reverentiam
1713 2249 1807 2309 archi·

162 2368 347 2442 libertatis,
375 2385 436 2432 nos
462 2370 602 2447 paterno
633 2369 697 2431 sibi
722 2370 960 2447 compatientes
1049 2343 1184 2417 ⁰Pi⁸⁰⁰l⁰
1216 2340 1263 2399 Ἴθι
1290 2341 1432 2415 0l¹⁸⁰⁰ll⁸
1469 2340 1624 2399 dloessfflssm
1650 2340 1679 2396 5¹¹
1707 2339 1810 2412 (illilus

163 2466 298 2539 affectu,
325 2466 518 2530 discretioni
539 2467 659 2530 vestm
682 2481 744 2544 pel.
767 2467 960 2544 Apostoli&
1049 2437 1243 2504 suut,cogant
1257 2431 1405 2501 surianos,
1420 2429 1582 2500 lacohinos,
1597 2429 1773 2488 Nestoriucs.
1813 2472 1818 2517 Ι

163 2564 288 2642 scripta
311 2565 536 2642 praecipiendo
563 2564 776 2639 mandamus,
798 2566 960 2642 quatenus
1021 2589 1026 2599 ·
1054 2557 1728 2635 Honoriusepiscopus,serrasserrcrum
1737 2555 1809 2629 Dei,

162 2661 419 2740 preposituram
446 2662 572 2740 ipsam,
600 2664 634 2725 et
660 2662 728 2724 alia
760 2662 871 2724 omnia
897 2662 961 2723 sihi
1014 2655 1262 2718 venerabilibus
1284 2654 1442 2717 iratribus
1466 2654 1718 2732 archiepiscopo
1733 2655 1810 2716 Can·
1928 2680 1932 2695 ·

163 2757 287 2829 ablata,
304 2760 419 2821 nostra
445 2759 522 2821 theti
543 2760 742 2822 auctoritate
764 2760 838 2821 aine
859 2775 961 2822 morae
1016 2753 1160 2833 sariensi
1187 2754 1220 2815 et
1245 2753 1400 2830 episcopo
1427 2751 1611 2816 acconensi
1635 2753 1669 2816 et
1690 2751 1811 2814 dilecto

164 2854 341 2934 dispendio
360 2857 545 2920 restituatis
562 2857 682 2929 eidem,
699 2856 807 2935 ipsum
823 2857 859 2918 in
881 2872 960 2919 cor·
1016 2851 1086 2913 tilio
1101 2854 1137 2912 P.
1158 2849 1370 2912 thesaurario
1391 2849 1601 2923 Caesariensi,
1622 2848 1813 2912 salutemet

164 2954 314 3031 poralem
330 2953 574 3031 possessionem
595 2954 742 3015 omnium
763 2951 960 3028 ablatorum,
1016 2946 1232 3026 apostolicam
1246 2945 1519 3009 benedictionem.

165 3050 296 3112 sublato
322 3049 500 3128 cuiuslibet
530 3049 736 3113 difficultatis
771 3047 960 3124 obstaculo,
1056 3042 1266 3107 Venerabilis
1285 3043 1389 3105 frater
1406 3044 1520 3105 noster
1541 3042 1812 3129 archiepiscopus

166 3145 366 3211 inducentes
380 3147 414 3209 et
432 3146 645 3210 defendentes
666 3147 855 3223 inductum3
877 3163 961 3210 con·
1017 3141 1223 3204 Nicosiensis
1238 3156 1299 3219 pro
1314 3156 1350 3203 se
1372 3155 1412 3204 ac
1432 3140 1681 3204 venerabilibus
1699 3141 1815 3204 fratri·

166 3243 368 3306 hadictores
392 3259 454 3321 per
476 3258 652 3306 censuram
681 3244 961 3317 ecclesiasticam,
1017 3238 1079 3300 bus
1106 3239 1230 3302 ucshis
1253 3238 1475 3315 suffraganeis
1502 3238 1584 3311 suis,
1601 3239 1696 3315 regni
1711 3239 1812 3317 Cypri

167 3342 392 3420 appellatione
415 3341 609 3419 postposita,
626 3340 875 3419 compescendo.
892 3343 965 3404 Cae-
1018 3336 1178 3415 prelatis,
1192 3338 1227 3398 in
1247 3337 1362 3399 nostra
1385 3336 1465 3398 iecit
1485 3336 1663 3414 praesentia
1677 3336 1813 3400 recitari

165 3438 274 3501 terum
299 3438 378 3516 qnia
396 3439 504 3500 dictus
521 3437 718 3516 prepositus
737 3454 757 3500 a
776 3438 885 3514 gratia
901 3454 962 3499 ca·
1018 3433 1104 3512 quod
1114 3435 1148 3496 in
1157 3433 1354 3496 dioecesibus
1362 3434 1554 3496 eorumdem
1563 3434 1708 3507 suriani,
1718 3437 1812 3498 Jaco-

166 3536 294 3597 rissimi
314 3537 350 3596 in
365 3536 496 3598 Christo
511 3534 573 3596 tilii
592 3536 698 3597 nostri
714 3538 753 3597 A.
779 3536 963 3612 Hungariae
1018 3532 1101 3602 hini,
1114 3530 1284 3594 Nestorini
1294 3533 1327 3594 et
1337 3532 1471 3610 quidam
1482 3531 1542 3594 alii
1552 3532 1812 3605 commorantur,

166 3634 256 3710 regis
270 3633 412 3695 illustris
432 3632 579 3696 creditur
604 3632 781 3705 excidisse,
811 3633 964 3694 volumus
1019 3629 1075 3708 qui
1106 3645 1168 3692 nec
1191 3629 1347 3693 Ecclesiae
1367 3633 1537 3702 Romanae,
1561 3646 1624 3692 nec
1646 3629 1813 3707 praedictis

167 3734 201 3793 et
216 3730 426 3802 mandamns,
446 3731 608 3807 quatenus
628 3730 780 3791 eumdem
794 3744 907 3806 regem
922 3729 964 3790 ad
1019 3728 1283 3807 archiepiscopo,
1299 3727 1459 3804 praelatis,
1481 3743 1544 3790 nee
1561 3726 1713 3789 ecclesiis
1730 3727 1811 3789 obe-

168 3828 396 3906 reoipiendum
411 3828 520 3905 ipsum
534 3826 568 3887 in
584 3827 702 3903 gratie
717 3842 785 3889 suae
799 3827 875 3888 sinu
887 3842 966 3904 pre-
1019 3826 1114 3889 diunt
1140 3825 1345 3898 Latinorum,
1373 3824 1449 3897 sed,
1477 3826 1634 3902 tanquam
1661 3824 1814 3902 acephali

169 3925 263 3988 cibus
298 3925 333 3987 et
362 3924 498 3987 monitis
528 3922 706 3987 inducatis.
736 3927 859 3986 Verum
887 3924 965 4002 quia
1019 3924 1210 4000 evagantes,
1231 3923 1301 3984 sais
1322 3922 1421 3984 sactis
1436 3921 1582 4000 antiquis
1595 3923 1628 3985 et
1643 3921 1813 3985 erroribus

169 4022 320 4084 enormia
342 4022 539 4099 gravamina
563 4021 627 4099 ipsi
642 4021 820 4099 praeposlto
833 4021 868 4082 in
882 4036 965 4082 nos·
1020 4021 1219 4083 innituntur.
1236 4019 1340 4091 Unde,
1357 4019 1515 4096 praetatus
1530 4019 1812 4097 archiepiscopus,

168 4119 256 4179 trum
271 4118 305 4180 et
320 4117 519 4194 Apostolicae
532 4117 627 4178 Sedis
643 4116 858 4194 opprobrium
869 4116 967 4180 irro-
1021 4134 1080 4197 pro
1095 4134 1131 4180 sa
1146 4133 1186 4180 ac
1200 4117 1347 4196 praelatis
1359 4117 1495 4189 eisdem,
1507 4116 1679 4179 humiliter
1693 4118 1813 4195 postu-

170 4216 247 4292 gata
268 4214 320 4276 sic
334 4214 488 4277 nolumus
503 4215 649 4277 mansire
662 4214 780 4287 inulta,
794 4214 830 4275 iu
844 4214 966 4277 virtute
1020 4216 1126 4279 latita
1136 4215 1275 4277 nobisut
1286 4215 1417 4292 aperire
1429 4231 1530 4292 snper
1539 4214 1813 4293 hochpostolicae

170 4311 265 4375 vobis
278 4312 477 4374 obedientiae
491 4311 643 4375 districte
658 4312 874 4389 injungimus,
887 4328 966 4389 qua·
1021 4311 1326 4391 circumspectionis
1346 4312 1504 4374 intuitum
1521 4313 1554 4375 et
1569 4312 1743 4390 providere
1758 4324 1815 4374 sa-

169 4410 267 4473 tenns
290 4425 359 4471 non
383 4409 568 4471 deferentes
590 4408 695 4470 alicui
717 4411 836 4471 contra
849 4412 969 4482 Deum
1021 4409 1161 4472 lubritor
1181 4410 1406 4485 dignaremur.
1422 4408 1595 4481 Quocirca,
1613 4408 1816 4472 fraternitati

172 4507 351 4587 inquiratis
362 4504 513 4584 diligenti
529 4506 563 4569 et
578 4505 728 4568 studiosa
742 4505 969 4568 sollicitudine
1020 4507 1140 4570 vestrae
1168 4521 1229 4585 per
1248 4505 1438 4583 Apostolica
1470 4505 1594 4583 scripta
1620 4507 1816 4568 mandamus

171 4606 359 4676 rentamm,
381 4618 524 4682 qnorum
543 4602 659 4665 iarore
677 4603 732 4666 rel
753 4603 873 4680 quibus
887 4618 968 4681 pro·
1022 4606 1184 4683 quatenus
1196 4603 1816 4678 surianosiacohinos,etNestorincs

173 4702 368 4765 curantibus
383 4700 544 4779 spoliatus
564 4699 665 4763 tuerit
680 4699 877 4778 praepositus
892 4715 967 4762 me·
1022 4705 1056 4766 et
1076 4703 1160 4765 alins
1181 4701 1388 4780 supradictos
1412 4701 1454 4764 ad
1469 4702 1690 4765 obedientiam
1706 4703 1739 4765 et
1755 4718 1814 4763 re-

171 4803 332 4872 moratus,
354 4799 454 4876 quire
471 4797 607 4869 tuerint,
626 4799 685 4875 qui
706 4796 793 4860 bona
819 4799 970 4876 ejusdem
1022 4800 1207 4863 versutiam
1235 4800 1487 4877 archiepiscopo
1511 4798 1576 4877 ipsi
1600 4800 1633 4863 et
1651 4799 1817 4876 suffraga-

172 4897 346 4976 praepositi
360 4894 579 4967 abstulerunt,
588 4896 621 4957 et
630 4894 829 4956 retinuerint
840 4894 968 4957 ablata:
1023 4898 1096 4959 neis
1116 4901 1200 4974 ejus,
1218 4896 1315 4974 prout
1339 4898 1415 4958 sunt
1438 4899 1470 4958 et
1495 4896 1628 4959 fuerunt
1647 4897 1681 4958 in
1701 4912 1816 4958 eorum

173 4997 206 5059 at
217 4995 306 5074 qnod
320 4992 530 5065 inveneritis,
545 4991 606 5053 sub
617 4992 737 5070 sigillis
748 4993 868 5055 restris
880 4991 969 5054 inira
1023 4993 1232 5066 dioecesibus,
1246 4993 1511 5072 impendendam,
1528 4994 1710 5057 monitione
1726 5008 1817 5071 proe-

173 5092 257 5155 dnos
271 5106 405 5153 menses
423 5092 498 5169 posi
517 5090 740 5167 receptionem
755 5091 969 5168 praesentium
1023 5093 1138 5164 missa,
1154 5107 1215 5169 per
1229 5106 1402 5153 censuram
1413 5092 1683 5163 ecclesiasticam,
1700 5092 1817 5168 appel-

174 5191 270 5253 nobis
285 5188 432 5251 fideliter
444 5187 616 5260 intimetis,
628 5189 665 5250 ut
685 5204 745 5265 per
755 5188 899 5249 vestram
914 5203 971 5250 re·
1025 5190 1149 5252 latione
1162 5189 1300 5261 remota,
1319 5190 1461 5266 cogatis3
1480 5187 1740 5252 contradictores
1756 5204 1818 5266 per

174 5287 335 5351 lationem
357 5287 514 5349 instructi
532 5300 633 5362 super
651 5284 715 5357 his,
734 5286 832 5362 prout
845 5301 969 5347 secun·
1025 5300 1200 5350 censuram
1213 5287 1373 5359 eamdem,
1387 5286 1610 5364 appellatione
1619 5286 1812 5364 postposita,

177 5384 364 5447 danenm
373 5383 731 5461 expedireriderimus
741 5383 968 5460 procedamus.
1025 5384 1274 5463 compescendo.
1289 5383 1381 5456 Quod
1396 5383 1424 5445 si
1438 5400 1505 5445 non
1519 5399 1634 5445 omnes
1653 5383 1708 5445 his
1719 5400 1819 5447 exse-

175 5482 332 5560 Alioquin
356 5481 517 5543 noveritis
541 5496 603 5541 nos
629 5479 762 5541 dedisse
785 5480 971 5541 venerabili
1026 5482 1163 5561 quendis
1175 5482 1347 5560 potueritis
1361 5481 1532 5548 interesse,
1545 5481 1610 5543 duo
1619 5483 1765 5544 vestrum
1777 5498 1817 5546 ea

178 5580 271 5643 tratri
281 5580 434 5642 nostro...
446 5578 602 5657 episcopo
613 5577 778 5655 Agriensi,
795 5579 828 5639 et
841 5578 971 5640 dilectis
1026 5579 1242 5642 nihilominus
1256 5578 1492 5655 exsequantur,
1507 5578 1726 5643 nonobstante
1743 5597 1820 5642 con-

180 5678 256 5741 tiliis
258 5721 319 5740 .....
343 5676 385 5739 de
405 5680 510 5756 Cyrce
533 5680 602 5740 et...
625 5676 667 5738 de
691 5675 779 5738 Palis
798 5674 972 5739 abbatibus
1026 5678 1199 5741 stitutione
1215 5676 1353 5739 concilii
1366 5677 1533 5752 generalis
1546 5692 1611 5755 qna
1625 5679 1817 5741 caveturne
