3930 6206
110 344 168 406 aba

109 502 140 564 el
154 517 243 564 ausu
253 500 434 564 temerario
447 498 625 562 contraire.
648 498 683 560 Si
701 498 776 575 quis
792 495 903 559 autem

108 600 171 662 hoo
182 597 351 660 attentare
365 596 626 675 praesumpserit,
638 594 903 671 indignationem

108 695 345 771 omnipotentis
360 693 420 755 Dei
435 695 468 757 et
479 693 651 755 beatorum
663 691 752 753 Petri
761 691 794 752 et
808 688 904 751 Pauli

107 792 344 869 Apostolorum
371 793 445 867 ejus
468 806 504 853 66
523 791 654 852 6666611
679 789 902 850 incursurum.

108 890 227 951 Datum
246 888 415 959 Laterani,
432 903 538 952 nonas
553 886 676 958 martii,
693 884 905 963 pontificatus

108 987 217 1049 nostri
229 1001 317 1047 anno
332 1000 432 1048 nono.

476 1206 540 1294 tx

139 1359 441 1438 admonentem,
455 1359 637 1432 officiatem
652 1356 686 1418 61
698 1355 872 1431 66661166-

301 1458 446 1519 ttertum
459 1457 715 1517 ambianenses.

396 1588 411 1644 7
430 1583 620 1642 6661111111.

141 1711 264 1775 [negem.
274 1708 320 1760 lib.
333 1708 378 1768 ix,
386 1708 460 1773 epist.
471 1707 527 1757 226.
540 1708 598 1757 1166.
607 1706 725 1757 LaPorte
735 1703 770 1754 du
780 1702 874 1768 rheti]

108 1834 229 1895 Mandat
236 1842 267 1892 ut
280 1832 518 1892 consuetudinem
531 1846 585 1904 qua
599 1830 719 1889 usurarii
728 1831 906 1887 Peronenses

144 1922 280 1996 66611116
303 1921 439 1978 extremis
462 1934 519 1977 non
548 1918 602 1974 nisi
621 1918 733 1974 tertiam
755 1931 906 1974 usurarum

145 2017 257 2083 partem
273 2008 469 2078 restituebant,
485 2007 634 2080 abrogant.

150 2135 823 2212 Honoriusepiscopus,servasservorum
832 2131 904 2201 Dei,

107 2232 243 2294 dilectis
267 2232 382 2293 111116...
417 2232 633 2309 praeposito...
660 2228 807 2301 officiali,
835 2229 904 2291 61...

108 2329 361 2408 poenitentiario
388 2327 677 2398 ambianensibus,
706 2326 847 2387 salutem
874 2325 908 2387 et

108 2425 337 2503 Apostolicam
351 2424 626 2486 benedictionem.

150 2518 907 2585 Dilectustllius...decannsPeronensisnobis

108 2617 286 2679 insinuare
299 2617 438 2689 curavit,
451 2617 536 2694 quod
545 2615 691 2678 usurarii
702 2618 907 2677 Peronenses

108 2715 214 2793 positi
229 2715 263 2774 in
280 2714 438 2776 extremis
453 2729 520 2775 non
534 2713 600 2774 nisi
623 2713 756 2774 tertiam
779 2714 907 2788 partam

108 2811 296 2873 restituunt
323 2826 511 2883 usurarum,
534 2810 733 2873 excusantes
756 2825 793 2871 66
820 2825 909 2886 666-

108 2909 208 2973 textu
223 2908 473 2971 consuetudinis
483 2924 563 2980 suae,
577 2923 650 2986 quae
661 2907 849 2985 corruptela
858 2907 909 2969 est

107 3006 236 3085 potius,
261 3022 359 3083 quam
377 3005 581 3068 consuetudo
596 3004 746 3065 dicenda.
766 3003 908 3080 Ideoque

107 3102 321 3175 mandamus,
338 3106 502 3180 quatenus
524 3101 907 3179 hujusmodiconsuetu-

108 3199 226 3261 dinem
236 3200 394 3276 tanquam
407 3199 520 3261 divino
535 3201 567 3260 et
589 3199 735 3260 humano
744 3197 815 3275 juri
828 3213 909 3259 666-

106 3295 264 3366 trariam,
292 3294 494 3356 denuntietis
516 3293 647 3371 6661166
671 3292 798 3355 nullam
822 3308 906 3354 6666.

108 3392 252 3465 Quodsi
279 3408 346 3454 non
361 3407 487 3465 omnes,
514 3394 577 3454 etc.
594 3393 713 3453 batum
738 3390 906 3463 Laterani,

107 3488 345 3562 nonismartii,
363 3505 450 3550 anno
464 3504 565 3550 6666.
612 3474 618 3488 ’

469 3739 554 3827 CIII

176 3892 231 3951 Art
253 3870 464 3968 manistram
486 3889 674 3963 61661666
696 3890 829 3950 6611616

363 3988 654 4050 predicatorum.

402 4119 418 4176 7
430 4115 525 4174 martii
540 4116 619 4174 titt.

223 4240 340 4306 [11166111
352 4240 450 4292 Bullar.
468 4238 612 4298 Praedicat,
623 4238 642 4297 1,
657 4238 695 4297 lt,
708 4252 734 4288 6.
748 4237 801 4303 32]

105 4365 248 4441 Indulget
266 4374 296 4423 ut
314 4365 563 4424 commissionesa
584 4361 657 4422 Sede
681 4361 844 4435 apostoliea
863 4362 909 4418 vel

146 4453 289 4526 delegatis
312 4453 375 4526 ejus
396 4460 444 4511 aot
463 4450 635 4525 quibuslibet
654 4450 717 4508 aliis
732 4449 801 4523 ipsis
819 4448 909 4505 166166

145 4542 268 4600 minime
282 4548 434 4600 tencantur
448 4543 587 4612 recipere.

151 4667 323 4729 Honorius
333 4667 519 4745 episcopus,
529 4680 646 4727 666666
656 4663 906 4737 servorumDei,

105 4764 245 4829 dilectis
264 4764 343 4826 filiis
364 4764 523 4841 magistro
547 4764 581 4824 et
598 4761 757 4823 fratribus
781 4760 907 4825 ordinis
1021 4796 1028 4811 ·

105 4860 387 4933 Praedioatorum,
405 4860 556 4931 salutem,
578 4859 641 4921 616.

150 4958 264 5032 Quieti
287 4960 406 5020 666166
432 4957 609 5034 providere
639 4955 800 5027 volentes,
824 4970 908 5016 666-

105 5055 249 5121 toritate
272 5054 367 5115 vohis
390 5054 604 5131 praesentium
627 5052 848 5129 indulgemus,
871 5052 909 5113 ut

105 5151 365 5217 commissiones
385 5167 406 5212 6
429 5151 512 5212 Sede
527 5150 727 5228 apostolica,
744 5147 796 5210 661
812 5148 907 5209 dele-

105 5249 201 5328 gatis
216 5251 299 5326 ejus,
317 5263 378 5309 seu
390 5247 592 5325 quibuslibet
603 5246 680 5307 aliis
694 5245 788 5308 vobis
803 5243 909 5307 factas

105 5362 181 5410 non
195 5344 379 5409 teneamini
394 5343 508 5407 contra
522 5345 667 5406 vestram
680 5343 829 5420 recipere
843 5357 907 5403 vo·

106 5444 288 5506 16616166.
303 5440 395 5502 Nulli
406 5457 485 5517 ergo
498 5441 632 5503 omnino
645 5439 828 5511 hominum,
843 5440 905 5500 etc.

105 5541 234 5605 Datum
249 5539 417 5610 Laterani,
438 5539 536 5603 nonis
558 5536 908 5614 6661111666111166166

106 5635 219 5700 nostri
235 5649 325 5707 anno
342 5650 439 5707 6666.

727 334 957 401 EPISTOLAE.
981 332 1060 397 LIB.
1084 331 1140 393 IX·

1306 493 1412 580 CXII

1071 641 1124 700 Ad
1145 640 1341 712 episcopum
1363 636 1639 696 Anibioaensem.

1247 761 1262 817 7
1279 757 1375 816 martii
1390 756 1468 814 litt.

990 876 1059 940 [1166.
1069 873 1156 932 161166,
1170 873 1267 923 collect.
1283 873 1394 930 llorcau,
1405 876 1425 920 t.
1438 868 1617 928 llCLXXXflt,
1631 865 1724 931 6171,

1211 952 1333 1004 Biblioth.
1348 950 1504 1014 Notionem]

959 1060 1120 1121 Iohannem
1135 1059 1171 1117 de
1186 1061 1271 1128 Lens,
1286 1058 1421 1115 clericum
1436 1055 1541 1113 dictum
1557 1052 1754 1112 1616111166-

994 1149 1122 1206 batensis
1136 1147 1268 1205 dioecesis
1283 1145 1337 1218 ipsi
1349 1143 1541 1211 commendat,
1554 1150 1586 1199 ut
1599 1156 1665 1199 eum
1678 1156 1751 1214 prte-

994 1235 1109 1296 1666611
1123 1234 1264 1293 beneflcio
1280 1234 1308 1291 in
1322 1232 1443 1291 66616616
1460 1247 1510 1288 666
1526 1229 1682 1303 provideat.

1001 1361 1179 1433 Honorius,
1202 1360 1278 1431 etc,
1303 1355 1487 1420 venerabili
1510 1354 1644 1417 fratri...
1665 1354 1756 1430 epis·
1771 1368 1786 1389 r
1843 1428 1851 1441 ι

960 1476 1043 1537 copo
1063 1457 1292 1528 ambianensi,
1314 1455 1454 1519 salutem
1476 1455 1509 1515 61
1532 1451 1755 1529 apostolicam

959 1556 1235 1619 benedictionem.

999 1654 1068 1716 Etsi
1078 1653 1120 1715 ad
1134 1651 1359 1730 provisionem
1374 1650 1567 1711 cunctorum
1584 1646 1640 1723 qni
1655 1644 1756 1707 cleri·

960 1752 1026 1813 oali
1045 1751 1173 1812 militiae
1195 1750 1272 1809 6661
1290 1746 1449 1823 adscripti
1464 1762 1507 1806 ex
1526 1740 1631 1806 oflicii
1648 1743 1755 1804 nostri

960 1849 1069 1910 debito
1084 1845 1463 1915 intenderadebeamus,
1481 1842 1548 1903 illis
1563 1842 1674 1903 tamen
1692 1855 1755 1900 cu-

960 1962 1032 2007 ram
1055 1961 1116 2007 nos
1143 1945 1238 2007 decet
1261 1942 1453 2020 impendere
1481 1938 1673 2017 specialem,
1696 1936 1755 2014 qui

961 2042 1144 2120 potioribus
1155 2040 1282 2102 meritis
1291 2039 1502 2116 adjuvantur.
1516 2037 1600 2099 Hinc
1608 2033 1753 2110 estquod

961 2140 1202 2202 fraternitatem
1216 2138 1307 2200 tuam
1325 2138 1448 2198 attente
1462 2133 1644 2210 rogandam
1659 2130 1755 2192 duxl-

960 2228 1756 2311 musethortandam,parapostolioatibisoripta

961 2334 1184 2412 precipiendo
1210 2332 1419 2402 6666166166,
1445 2331 1609 2406 quatenus
1635 2326 1756 2388 dilecto

961 2432 1030 2493 illio
1052 2430 1198 2494 Johanni
1213 2429 1254 2490 de
1277 2430 1375 2496 Lens,
1389 2426 1513 2488 clerico
1534 2425 1621 2485 dicto
1636 2421 1756 2485 nudati

963 2525 1190 2589 atrebatensis
1211 2523 1376 2594 dioecesis,
1406 2522 1461 2583 cui
1484 2522 1525 2582 de
1547 2518 1695 2582 moribus
1723 2519 1757 2579 et

961 2622 1102 2684 66166116
1117 2620 1343 2683 testimonium
1361 2616 1528 2679 laudabile
1550 2613 1757 2692 perhibetur,

962 2736 1036 2781 oum
1052 2719 1139 2780 sicut
1153 2717 1274 2779 asserit
1288 2715 1416 2777 nullum
1434 2715 1479 2776 sit
1494 2711 1759 2775 ecclesiasticum

961 2816 1159 2878 beneficium
1179 2814 1361 2886 assecutos,
1379 2813 1413 2874 in
1435 2813 1492 2874 tua
1512 2808 1654 2872 ecclesia
1675 2824 1758 2885 pro-

961 2913 1077 2974 videas
1106 2912 1141 2973 16
1166 2910 1329 2974 beneflcio
1357 2907 1578 2988 praebendali,
1604 2906 1633 2967 si
1661 2906 1760 2967 66661

963 3010 1086 3071 ibidem
1101 3010 1143 3071 ad
1165 3024 1314 3086 6666666
1331 3024 1338 3068 :
1353 3006 1502 3083 alioquin
1515 3021 1590 3065 cum
1603 3001 1759 3066 obtulerit

963 3124 999 3169 se
1022 3107 1175 3179 facultas,
1192 3105 1437 3175 nonobstante,
1457 3103 1485 3163 61
1503 3101 1589 3163 16616
1603 3100 1645 3162 ad
1662 3115 1759 3161 man-

963 3206 1077 3267 datum
1093 3208 1242 3267 nostrum
1258 3203 1317 3264 alii
1333 3199 1517 3278 providisti,
1534 3213 1609 3260 cum
1627 3197 1674 3257 nil
1693 3196 1756 3257 de-

963 3305 1077 3380 pereat
1101 3302 1207 3379 ipsius
1235 3299 1397 3370 ecclesiae,
1421 3297 1526 3359 61616
1555 3294 1695 3358 idoneus
1721 3294 1757 3354 in

964 3401 1080 3462 eadem
1095 3397 1392 3461 1666111661116166.
1411 3395 1537 3456 Taliter
1553 3394 1663 3455 autem
1679 3407 1759 3452 nos-

963 3500 1052 3561 trum
1085 3512 1182 3559 cures
1218 3494 1400 3572 adimplere
1429 3492 1636 3563 mandatum,
1671 3487 1757 3567 quod

964 3596 1052 3658 idem
1067 3595 1221 3662 clericus,
1238 3592 1295 3670 qui
1309 3592 1455 3653 nostram
1473 3588 1616 3666 gratiam
1636 3600 1759 3663 expec-

962 3693 1064 3755 tando
1083 3691 1204 3753 multos
1225 3689 1370 3761 labores,
1391 3691 1428 3749 ut
1450 3686 1614 3756 novimus,
1631 3683 1758 3745 substi-

963 3790 1037 3852 nuit
1059 3790 1092 3853 et
1113 3802 1291 3867 expensas,
1320 3783 1454 3846 tandem
1480 3783 1611 3859 gratum
1633 3796 1677 3841 ex
1697 3795 1758 3841 suo

964 3887 1079 3948 labore
1095 3885 1236 3946 fructum
1259 3898 1295 3943 66
1310 3881 1477 3956 recepisse
1492 3879 1625 3940 laetetur
1643 3879 1676 3939 et
1697 3892 1758 3939 nos

964 3983 1138 4045 caritatem
1158 3981 1248 4043 tuam
1266 3978 1444 4041 debeamus
1459 3976 1494 4037 in
1509 3975 1648 4037 Domino
1663 3989 1758 4035 com-

964 4080 1133 4142 mendare.
1163 4080 1282 4140 Datum
1313 4074 1481 4145 Laterani,
1507 4073 1605 4134 nonis
1633 4069 1756 4145 martii,

964 4176 1177 4255 pontificatus
1191 4175 1298 4237 nostri
1310 4187 1398 4235 anno
1413 4186 1512 4234 nono.

1295 4388 1422 4475 CXIII

1028 4543 1081 4603 Ab
1100 4544 1267 4603 66666666
1288 4540 1322 4601 61
1341 4538 1530 4612 capitulam
1546 4537 1695 4598 66616616

1128 4641 1163 4700 S·
1181 4636 1354 4699 Witlcbadt
1375 4637 1588 4696 bremensis.

1245 4765 1372 4824 inarsit
1393 4764 1471 4822 maa.

1071 4881 1172 4947 11116611,
1189 4879 1328 4932 Bremisoh.
1346 4879 1418 4938 Urk,
1436 4879 1456 4939 l,
1474 4878 1529 4936 11111,
1542 4892 1568 4927 6.
1584 4875 1651 4941 lat]

989 5006 1111 5066 1166661)
1123 5005 1198 5064 beati
1213 5005 1289 5063 Petri
1302 5010 1330 5062 et
1344 5019 1395 5063 sua
1410 5003 1585 5077 protectione
1598 4999 1728 5073 susciptt.

1002 5141 1171 5205 Honorius
1184 5140 1370 5217 episcopus,
1381 5154 1496 5201 666666
1506 5135 1758 5206 servorumDei,

962 5239 1093 5302 dilectis
1124 5238 1202 5309 tiliis
1233 5237 1358 5299 decano
1381 5238 1414 5298 61
1433 5232 1577 5311 capitulo
1589 5230 1759 5303 ,66616616

964 5337 1078 5399 Sancti
1100 5334 1451 5407 111116666166161616
1474 5332 1506 5392 61
1531 5329 1764 5406 apostolicam

962 5433 1238 5497 benedictionem.
1285 5484 1287 5488 ,

1001 5528 1310 5607 1661166616611616
1333 5524 1507 5589 desideriis
1529 5525 1664 5602 dignum
1692 5525 1764 5592 est.

964 5644 1026 5691 nos
1052 5626 1185 5690 facilem
1221 5625 1368 5703 praebere
1395 5637 1592 5686 consensum
1620 5612 1771 5693 616616,
1806 5672 1815 5687 ,
