3972 6204
245 232 306 293 839
866 229 1042 291 HONORII
1063 229 1109 291 111
1131 228 1278 292 OPERA.
1826 231 1880 291 tto

247 391 334 453 datis
348 390 415 453 tuis
430 406 548 469 parere
560 388 829 467 contempserint,
857 389 1042 452 sententias
1097 391 1194 461 tensi,
1234 387 1373 451 salutem
1407 392 1440 451 et
1471 388 1697 466 apostolicam
1729 385 1877 450 benedic-

246 490 314 550 tam
327 489 414 556 tuas,
430 503 528 564 quam
544 487 690 563 episcopi
707 486 880 547 memorati
896 487 1043 562 prolatas
1096 489 1231 549 tionem.

180 658 187 667 ,
248 587 284 647 in
298 586 388 662 ipsos
401 601 461 661 per
470 585 592 655 vicina,
607 586 641 644 et
652 584 718 644 alia
732 584 816 651 loca,
831 598 904 660 quae
919 584 961 645 ad
981 584 1044 644 boc
1137 587 1183 645 Ea
1199 601 1272 661 quae
1289 599 1351 660 pro
1365 583 1580 645 ecclesiarum
1597 581 1743 643 utilitate
1757 598 1796 642 ac
1808 597 1880 658 pace

249 684 383 745 noveris
398 684 582 758 opportuna
598 681 803 742 solemmiter
815 680 921 741 iacias
933 680 1046 757 publi·
1099 681 1235 758 provide
1250 680 1448 741 ordinantur
1467 680 1658 756 Apostolico
1680 681 1760 740 sunl
1778 679 1880 738 muni-

249 781 331 851 cari,
347 796 420 841 eam
435 780 471 840 in
489 779 552 839 boc
575 778 708 854 negotio
723 776 932 853 diligentiam
945 776 1044 837 babi-
1099 779 1187 839 mine
1211 776 1412 848 roboranda,
1436 777 1473 838 ut
1501 776 1696 852 impensiori
1719 774 1880 849 diligentia

248 878 355 943 turns,
373 875 458 952 quod
473 874 550 935 inde
563 874 603 934 ab
625 873 778 935 omnibus
800 873 943 943 laudem,
971 873 1044 933 eta
1100 876 1327 938 observentur.
1357 877 1407 935 Ex
1433 874 1527 950 parte
1553 872 1717 949 siquidem
1743 875 1801 933 tua
1825 871 1879 933 luit

249 976 317 1033 Deo
342 972 512 1048 praemium
539 971 698 1047 consequi
725 970 899 1031 merearis.
924 970 1044 1030 Datum
1100 973 1306 1051 propositum
1318 969 1551 1041 coramnobis
1567 969 1655 1047 qnod
1670 985 1746 1031 cum
1762 969 1882 1030 intarta

223 1132 225 1143 ,
251 1069 419 1141 Laterani,
430 1071 505 1130 XVI
518 1068 680 1131 kalendas
692 1067 784 1140 maii,
799 1083 887 1128 anno
902 1081 1003 1127 nono.
1101 1088 1143 1133 ex
1157 1071 1251 1147 parto
1265 1084 1344 1140 rina,
1364 1070 1398 1129 et
1417 1070 1547 1128 Sanctae
1562 1069 1679 1128 Mariae
1693 1064 1882 1140 Magdebnr-

1101 1167 1224 1243 gensis,
1240 1165 1280 1227 de
1295 1165 1409 1227 Gratia
1424 1165 1496 1235 Dei,
1507 1163 1548 1224 de
1561 1162 1717 1233 Liezelia,
1733 1162 1775 1222 de
1788 1164 1885 1223 Bran-

1101 1263 1239 1338 deburg,
1269 1262 1310 1322 de
1334 1261 1533 1336 Harelberg,
1561 1261 1602 1321 de
1628 1258 1830 1333 Rasceburg,
1851 1258 1885 1318 de

500 1428 505 1439 ,
583 1316 721 1402 CXLII
1103 1361 1254 1431 lericow,
1269 1359 1309 1420 de
1322 1357 1496 1429 colebatis,
1513 1358 1554 1418 de
1568 1356 1695 1427 Robde,
1709 1355 1752 1416 de
1766 1357 1886 1426 Quece-

530 1470 583 1529 Ad
599 1469 769 1528 eumdem.
1103 1456 1288 1534 lingeburg,
1303 1456 1343 1517 de
1357 1455 1475 1525 Uvida,
1490 1454 1533 1515 de
1548 1452 1684 1524 Poleke,
1701 1451 1744 1513 de
1758 1455 1889 1512 Grame-

536 1598 569 1655 ¹6
583 1598 680 1670 aprilis
696 1596 775 1654 1225.
1103 1570 1207 1625 zone,
1222 1556 1256 1615 et
1269 1553 1311 1614 de
1322 1546 1501 1613 montenis
1514 1550 1711 1627 praepositos
1723 1565 1769 1609 ex
1780 1548 1887 1616 altera,

1103 1651 1243 1728 quaestio
1255 1651 1442 1711 verteretur
1453 1663 1554 1724 super
1566 1663 1607 1709 eo
1620 1645 1709 1724 quod
1724 1644 1889 1706 asserebas

1104 1748 1260 1825 praelatos
1279 1746 1475 1825 praepositos
1495 1744 1617 1806 debere
1638 1742 1739 1804 annis
1758 1741 1892 1817 singulis

254 1851 359 1909 Votum
375 1846 503 1920 episcopi
518 1845 705 1903 Massiliensis
719 1842 755 1901 de
771 1842 1002 1916 peregrinatione
1020 1842 1049 1897 in
1104 1846 1396 1906 praemonstratum
1412 1841 1591 1904 convenire
1605 1840 1646 1901 ad
1667 1839 1829 1915 generale
1841 1854 1892 1899 ca·

289 1939 405 1993 Terram
419 1933 707 2006 Sanctnmsnspendil
722 1941 751 1990 Θῑ
764 1933 856 2004 Ipsum
867 1932 964 2003 legato
975 1944 1051 1987 (lom-
1105 1942 1254 2019 pindum,
1276 1942 1310 2002 et
1332 1939 1485 2002 Omnibus
1509 1936 1741 2000 communibus
1762 1936 1891 1997 institu-

290 2023 416 2082 mandat.
1104 2038 1249 2100 tionibus
1271 2037 1399 2098 ordinis
1422 2035 1572 2109 obedire;
1596 2035 1779 2110 pluresque
1802 2045 1893 2107 super

295 2150 474 2221 Honorius,
501 2151 576 2220 etc,
608 2148 728 2209 dilecto
755 2146 824 2207 illio
849 2147 998 2207 Romano
1015 2144 1048 2203 S.
1105 2136 1168 2197 boc
1189 2135 1309 2197 litterae
1328 2150 1347 2194 a
1367 2133 1451 2195 Sede
1464 2131 1656 2208 apostolica
1675 2127 1891 2197 emanassent,

255 2248 374 2325 nngeli
388 2247 529 2309 diacono
544 2245 719 2316 cardinali,
738 2242 937 2320 Apostolicae
956 2240 1051 2302 Sedis
1105 2233 1238 2295 taudem
1287 2229 1508 2292 mediantibus
1559 2231 1696 2290 cantore
1747 2226 1888 2294 Metensi,

256 2347 376 2422 legato,
394 2345 547 2413 salutem,
563 2345 626 2405 etc.
1107 2334 1244 2408 ejusque
1257 2329 1393 2404 collegis
1405 2343 1505 2403 snper
1517 2326 1580 2387 boc
1595 2326 1729 2401 negotio
1742 2323 1890 2397 delegatis

294 2440 487 2503 Venerabili
522 2439 626 2500 fratre
652 2440 805 2499 nostro...
844 2433 1052 2497 Massiliensi
1107 2425 1247 2497 auchie,
1270 2428 1318 2497 tu,
1343 2424 1392 2484 tili
1413 2423 1526 2493 abbas,
1548 2424 1581 2483 et
1602 2437 1680 2497 pars
1704 2421 1841 2481 adversa
1858 2418 1887 2478 iu

258 2540 414 2619 episcopo
444 2538 568 2605 votnm,
592 2535 679 2613 quod
708 2533 749 2596 da
780 2531 984 2594 transeundo
1017 2532 1052 2591 in
1108 2526 1232 2586 certam
1251 2522 1437 2583 concordiae
1458 2521 1598 2582 sormam
1620 2535 1734 2580 coram
1756 2531 1888 2578 venera-

258 2635 696 2698 subsidiumTerraeSanctae
708 2631 861 2707 suscepto
872 2630 1054 2706 signocru-
1108 2622 1167 2682 bili
1191 2621 1294 2681 fratre
1318 2619 1432 2680 nostro
1459 2619 1507 2688 C„
1535 2616 1713 2679 Portuensi
1733 2615 1884 2692 episcopo,

259 2735 307 2796 cis
319 2732 439 2805 emisit,
454 2726 1051 2806 volenteprasennaliteradimplere,
1108 2718 1306 2795 Apostolicae
1327 2716 1423 2777 Sedis
1445 2715 1566 2790 legato,
1582 2717 1701 2790 sponte
1720 2714 1754 2773 et
1772 2711 1885 2771 amica-

259 2847 321 2893 nos
347 2830 565 2900 attendentes,
603 2827 688 2904 quod
716 2829 788 2902 ejus
810 2825 873 2885 boc
907 2826 1055 2900 tempore
1108 2816 1221 2876 biliter
1235 2812 1450 2883 couveniens,
1465 2826 1564 2889 quam
1578 2810 1770 2888 apostolico
1784 2809 1884 2884 postu-

259 2930 300 2991 ad
314 2929 425 3006 partes
440 2927 517 2987 illas
532 2941 689 2987 accessus
703 2923 828 2984 nullam
843 2922 900 2983 aut
919 2935 1055 2998 parvam
1110 2913 1187 2975 lasti
1216 2909 1399 2972 munimine
1426 2908 1590 2971 roborari.
1616 2908 1686 2967 Nos
1710 2905 1811 2981 igitur
1830 2903 1884 2964 tuis

259 3028 389 3106 poterat
404 3024 581 3087 utilitatem
600 3023 732 3093 afferre,
744 3020 921 3087 voluimus,
936 3020 973 3080 ut
987 3019 1054 3079 bu·
1110 3008 1264 3086 precihus
1278 3007 1457 3081 benignum
1472 3004 1702 3081 impertientes
1716 3015 1883 3068 assensum,

256 3124 403 3202 jusmodi
415 3122 720 3184 rotiexecutionem
735 3117 962 3194 suspenderet,
974 3132 1057 3193 quo-
1111 3106 1322 3169 oonconliam
1338 3105 1442 3181 ipsam
1458 3103 1545 3163 sicut
1557 3102 1630 3162 sine
1646 3100 1808 3177 pravitate
1821 3111 1885 3174 pro-

260 3238 366 3299 usque
379 3221 574 3283 duceremus
588 3217 686 3279 aliter
697 3215 948 3294 providendum,
959 3216 1057 3290 atque
1110 3204 1186 3265 ride
1202 3203 1288 3264 sacta
1302 3204 1364 3273 est,
1379 3204 1413 3263 et
1426 3216 1447 3261 a
1462 3199 1612 3276 partibus
1627 3199 1745 3275 sponte
1759 3196 1883 3270 recepta,

261 3318 396 3379 iuterim
420 3317 461 3377 ad
485 3314 726 3376 defendendum
752 3312 902 3373 ecclesiae
925 3326 994 3372 suae
1015 3309 1059 3370 li·
1112 3301 1144 3362 et
1172 3300 1332 3361 bactenus
1359 3298 1496 3375 pacifice
1533 3296 1722 3367 observata,
1749 3294 1839 3370 atquo
1856 3291 1884 3349 iu

262 3416 419 3485 bertates,
436 3429 475 3474 ac
496 3416 575 3489 jura
599 3411 786 3472 intenderet
800 3409 986 3484 diligenter.
1004 3409 1060 3483 Ip-
1113 3398 1218 3475 ipsius
1232 3395 1381 3473 episcopi
1395 3397 1428 3457 et
1443 3394 1607 3455 dictorum
1620 3392 1771 3468 judicum
1784 3386 1884 3451 litteris

265 3528 338 3573 snm
354 3511 457 3586 igitur
476 3509 667 3570 discretioni
698 3509 763 3568 tuae
784 3507 942 3568 attentius
968 3520 1060 3565 com·
1112 3494 1190 3556 inde
1212 3493 1372 3555 aunsetila
1386 3492 1518 3569 plenius
1538 3491 1740 3561 continetur,
1760 3483 1885 3549 anctori-

265 3609 470 3679 mendantes,
487 3605 745 3666 sollicitudinem
771 3605 862 3665 tuam
877 3601 1059 3678 rogandam
1113 3593 1180 3654 tate
1204 3591 1393 3679 Apostolica
1420 3588 1654 3650 confirmamus
1677 3588 1712 3647 et
1733 3582 1886 3663 praesenns

265 3707 432 3776 duximus,
455 3706 488 3767 et
505 3701 713 3769 hortandam,
736 3717 776 3762 ac
791 3717 851 3778 per
870 3699 1060 3776 Apostolica
1114 3689 1228 3765 scripti
1245 3686 1430 3764 patrocinio
1445 3684 1699 3747 communimus.
1717 3681 1807 3742 Nulli
1822 3691 1885 3752 tit⁰

267 3805 327 3866 tibi
342 3802 465 3880 scripta
481 3801 676 3862 mandamus
688 3799 850 3877 qnatenus
862 3800 978 3859 contra
988 3812 1062 3857 ma·
1115 3786 1249 3848 omnino
1265 3784 1434 3846 bominum
1449 3783 1549 3843 liceat
1560 3781 1647 3842 banc
1660 3781 1887 3858 paginamnos-

265 3903 372 3964 litiam
408 3898 629 3978 quorumlibet
669 3896 873 3957 subverteuti
910 3894 1060 3955 ecclesiae
1114 3886 1175 3945 irae
1196 3880 1457 3944 confirmationis
1477 3879 1671 3955 infringere,
1693 3880 1756 3939 etc.
1778 3876 1811 3937 Si
1829 3872 1888 3949 quis
1954 3904 1955 3929 r

267 4015 338 4060 suae
352 3997 522 4059 libertates
541 3997 575 4057 et
593 3998 671 4072 jura
688 3995 735 4055 ita
758 3995 851 4055 tuum
866 3993 972 4054 eidem
997 3993 1062 4052 im·
1117 3980 1237 4051 autom,
1252 3981 1315 4041 etc
1333 3976 1634 4046 minutissimam,
1652 3977 1730 4035 Xlll
1750 3969 1889 4037 kalendas

267 4096 393 4175 pendas
412 4094 587 4164 auxilium,
611 4093 644 4154 et
668 4092 826 4162 savorem,
844 4090 929 4167 quod
944 4105 986 4151 ex
999 4089 1062 4149 boc
1116 4078 1207 4150 maii,
1225 4076 1434 4154 pontificatus
1448 4074 1552 4137 nostri
1567 4089 1657 4135 anno
1672 4087 1772 4134 110110·

268 4193 458 4270 specialiter
474 4190 595 4251 debeas
609 4191 687 4260 Deo,
704 4190 737 4250 et
763 4187 952 4248 hominibus
971 4202 1064 4247 com-

152 4297 157 4309 ’
268 4291 413 4370 placere.
450 4290 569 4350 Datum
595 4286 762 4358 Laterani,
797 4287 872 4346 XVI
903 4283 1063 4346 kalendas

269 4389 362 4463 maii,
378 4403 467 4449 anno
482 4401 581 4447 nono.
1437 4341 1590 4427 CXLIV

1118 4496 1171 4555 ad
1186 4493 1341 4556 abbotem
1355 4492 1388 4554 el
1403 4493 1609 4554 coracesium
1629 4493 1670 4551 de
1690 4492 1891 4552 Carnberoae.

590 4597 750 4685 CXLIII
1187 4690 1194 4699 ,
1394 4621 1637 4695 respuemus.

293 4757 343 4817 Ad
360 4753 589 4825 militandum,
605 4749 760 4810 abbatem
780 4745 1043 4809 Proemonstra.
1136 4739 1305 4804 [nocumenta
1321 4751 1387 4802 pour
1397 4736 1475 4787 servir
1493 4738 1508 4786 b
1525 4734 1647 4785 l'bistoIre
1662 4735 1708 4785 das
1720 4735 1846 4800 provinces
1858 4732 1883 4781 de

597 4846 739 4909 pensem,
1344 4818 1449 4875 Namur,
1461 4817 1493 4873 ll,
1510 4830 1529 4873 1,
1541 4815 1582 4873 29,
1596 4829 1622 4863 n.
1634 4813 1688 4878 Sd]
1953 4852 1954 4855 ,

285 1725 405 1789 snagan,
419 1721 463 1772 tib.
477 1721 521 1779 lli,
541 1735 580 1785 ep.
591 1720 646 1771 263.
667 1721 725 1770 nss.
742 1720 779 1769 La
793 1717 912 1769 Poriedn
924 1715 1017 1781 rnen]

548 4976 581 5033 49
599 4973 695 5047 aprilis
713 4974 782 5031 Μ
1120 4934 1360 5008 compositionem
1383 4932 1458 4989 inter
1479 4930 1611 4988 abbatem
1633 4929 1895 5003 conventumqueb

785 5018 791 5030 '
1156 5024 1253 5081 liarie
1267 5023 1303 5105 de
1318 5020 1494 5080 camberone
1512 5033 1548 5076 ex
1563 5027 1643 5091 parte
1659 5034 1718 5076 una
1737 5028 1766 5077 et
1785 5018 1896 5076 abbatem

1156 5119 1385 5182 conventumque
1400 5110 1428 5167 S.
1445 5107 1565 5167 Coruebi
1581 5105 1725 5177 ludensis,
1741 5104 1896 5165 coloniensis

273 5210 459 5273 Concordiam
477 5210 550 5265 inter
564 5204 737 5266 conrardum
758 5204 890 5263 abbatem
906 5209 1066 5265 Praemons·
1156 5200 1299 5267 dioecesis,
1315 5213 1350 5255 ex
1372 5198 1471 5265 altera,
1493 5210 1580 5268 super
1600 5194 1714 5253 decima
1734 5195 1770 5253 de
1787 5191 1895 5253 Wodelu

319 5308 473 5360 trateuscm
489 5305 517 5354 et
529 5294 668 5368 quosdam
681 5294 849 5366 prepositos
863 5294 1022 5353 confirmat.
1158 5288 1272 5356 lactem,
1285 5286 1445 5345 confirmat.

394 5094 438 5160 [Le
449 5092 535 5156 Paige,
548 5089 705 5141 Bibliotheca
714 5090 873 5146 Praemonst.,
884 5088 952 5154 bib]

315 5426 482 5491 Honorius
492 5424 678 5501 episcopus,
691 5423 1066 5495 serrusserrorumDei,
1161 5413 1893 5497 Honorinsepiscopus,servassemorumbei
1952 5438 1953 5441 ¹

276 5526 396 5589 dilecto
411 5522 480 5584 tilio
502 5518 671 5582 conrardo
691 5517 803 5581 abbati
823 5520 1067 5582 Praemonstra·
1123 5519 1235 5582 dilecti
1252 5518 1330 5579 illlis
1349 5516 1459 5579 abbati
1473 5517 1506 5576 et
1523 5515 1702 5577 conventui
1719 5515 1760 5575 de
1779 5511 1895 5575 Cambe-
1952 5512 1953 5567 t
