3930 6206
744 406 973 466 EPISTOLAE.
996 408 1075 467 bra.
1100 408 1153 466 IX.

328 526 334 547 “’
441 571 620 656 uxxvu

209 730 261 791 Ad
279 704 574 805 arcnrcnrsc'opcm
598 729 854 803 arelatensem„

395 868 429 924 lt
440 864 574 927 februarii
588 868 666 926 rtet.

159 990 279 1055 [Regest.‚
290 991 336 1042 lib.
347 991 391 1052 lx,
400 991 473 1056 epist.
488 992 540 1042 lto.
554 993 611 1042 Itiss.
624 992 661 1043 La
673 994 746 1043 Parte
756 993 789 1044 du
804 992 898 1057 Thali]

131 1116 353 1177 Concessionem
378 1116 507 1175 ecciesiae
533 1118 620 1175 castri
645 1117 681 1174 de
706 1118 800 1175 Selton
821 1118 875 1190 ipsi
895 1117 924 1173 in

166 1203 338 1263 beneficium
361 1205 511 1276 personale
538 1219 554 1262 a
577 1206 728 1277 preposito
751 1213 779 1262 et
802 1204 925 1278 capitulo

166 1292 326 1349 Arelatensi
350 1290 453 1350 iactam
475 1292 644 1351 auctoritate
665 1293 828 1366 Apostolica
854 1308 923 1350 con·

166 1378 270 1436 tirmat.

169 1506 355 1577 Honorius,
373 1508 449 1577 eto,
465 1507 650 1568 venerabili
670 1507 765 1569 tratri
784 1510 825 1568 Η.
840 1510 926 1568 Are-

130 1601 252 1663 latensi
267 1602 530 1679 arcbiepiscopo,
547 1604 688 1666 salutem
708 1605 924 1682 etapostoli-

129 1698 494 1761 cambenedictionem.
907 1692 913 1703 ’

169 1798 250 1859 Cum
267 1812 287 1857 a
304 1797 400 1859 nobis
419 1798 671 1874 petitumque
687 1798 854 1860 effectum.
874 1801 924 1859 Ex

128 1895 224 1970 parte
237 1895 401 1972 siquidem
416 1894 634 1956 fraternitatis
650 1895 715 1956 tuae
736 1894 799 1959 suit
811 1895 923 1957 nostro

129 1990 339 2068 apostolatui
358 1994 562 2062 reseratum,
588 1992 776 2069 quodcum
805 1992 921 2053 archi-

128 2088 334 2165 episcopium
348 2090 441 2151 tuurn
459 2089 646 2151 debitorum
659 2090 703 2151 sit
717 2104 817 2150 onere
831 2105 921 2166 prae-

125 2189 302 2260 gravatum
317 2186 429 2248 dilecti
440 2186 549 2246 tilii...
567 2187 766 2263 praepositus
781 2189 814 2248 et
828 2187 923 2263 capi-

125 2282 233 2343 tulum
259 2283 473 2345 Arelatenses
507 2283 575 2345 tuis
604 2286 638 2346 et
663 2283 921 2361 archIepiscopii

126 2379 376 2455 gravaminibus
414 2381 649 2457 compatientes
685 2380 832 2457 eJ'usdern
880 2381 921 2441 ad

126 2476 349 2537 sublevandas
376 2478 591 2539 necessitates
618 2480 715 2548 tuas,
745 2478 921 2539 ecclesiam

125 2574 228 2636 castri
244 2574 284 2634 de
298 2575 410 2636 Sellon
425 2575 465 2635 ad
489 2575 698 2638 collationem
719 2578 921 2652 spectantem

126 2670 275 2748 ipsorum
299 2671 334 2732 in
357 2672 534 2748 personale
549 2672 608 2735 tibi
624 2672 822 2733 beneficium
837 2689 920 2734 con-

126 2771 309 2840 cesserunt,
333 2785 435 2846 quare
457 2786 476 2831 a
497 2770 593 2830 nobis
616 2770 786 2831 humiliter
801 2771 919 2847 postu-

125 2865 225 2938 lasti,
258 2868 295 2929 ut
322 2867 571 2929 concessionem
597 2867 704 2943 ipsam
729 2868 919 2943 Apostolico

126 2964 310 3027 munimine
331 2963 501 3025 roborare.
524 2966 593 3026 Nos
615 2964 719 3040 igitur
737 2965 803 3025 tuis
818 2965 919 3041 justis

124 3060 280 3137 precibus
308 3062 440 3136 gratum
465 3061 695 3137 impartientes
724 3077 917 3134 assensum,

125 3158 375 3218 concessionem
390 3159 496 3234 ipsam
511 3159 598 3220 sicut
607 3160 698 3235 Juste
715 3160 748 3221 et
760 3158 919 3220 canonice

124 3254 213 3317 iacta
226 3256 286 3325 est,
312 3256 509 3317 auctoritate
528 3256 717 3332 apostolica
737 3256 917 3317 conflrma-

125 3367 199 3413 mus
220 3354 254 3415 et
276 3353 451 3430 praesentis
477 3354 593 3429 scripti
613 3353 799 3430 patrocinio
823 3370 917 3415 com-

124 3450 303 3510 munimus.
326 3449 417 3511 Nulli
438 3466 529 3525 ergo,
556 3451 630 3521 etc,
652 3450 738 3512 banc
763 3452 918 3528 paginam

124 3547 249 3608 nostrae
280 3546 564 3619 confirmationis,
589 3550 650 3608 etc.
683 3549 718 3608 Si
752 3550 826 3625 quis
854 3566 917 3609 au-

123 3644 201 3716 tem,
227 3646 289 3704 etc.
311 3645 430 3705 Datum
454 3645 628 3717 Laterani,
656 3647 731 3707 XVI
756 3646 917 3707 kalendas

123 3741 247 3814 martii,
265 3756 352 3801 anno
367 3756 466 3802 nono.

418 4034 619 4121 LXXVIII

142 4194 487 4268 Adorcbteptscnpoe,
503 4197 677 4268 episcopos
689 4195 722 4255 ct
731 4198 894 4268 praetutos

373 4294 475 4366 repar·
491 4294 662 4352 Frarrctoe.

384 4432 418 4490 rs
430 4429 563 4488 lebmarii
576 4432 654 4488 itit.

136 4553 273 4618 [Bouqnet
288 4552 346 4604 Rae.
358 4553 569 4611 desHist.,X1X,
582 4570 607 4619 p.
617 4553 671 4603 tot.
681 4555 788 4618 Ilcgest,
803 4554 846 4605 lib.
856 4556 899 4614 IX,

460 4648 500 4697 ep.
523 4633 590 4699 tlt]

122 4747 157 4804 Ut
181 4746 247 4804 tidei
272 4746 357 4804 rebus
382 4747 411 4803 in
434 4746 614 4805 Narbonensi
634 4749 779 4821 provincia
805 4748 916 4806 afflictis

156 4841 302 4893 succurrat
339 4836 482 4893 Honorius
523 4838 590 4893 illuc
625 4839 785 4894 Romanurn
821 4840 916 4896 Sancti

155 4924 259 4996 angeli
273 4922 447 4981 cardinalem
462 4926 496 4981 A.
518 4925 546 4981 S.
572 4924 699 4997 legatum
715 4925 838 4983 destinat
850 4941 915 4984 curn

155 5012 333 5085 amplissima
360 5019 510 5085 potestate,
538 5020 567 5069 et
593 5014 735 5087 episcopls
756 5015 915 5088 impensius

155 5098 348 5157 commendat.

1710 403 1770 463 782

979 566 1159 626 Viennensi
1174 565 1435 642 archiepiscopis
1456 570 1622 628 eteorum
1641 562 1768 625 suffra·
1875 576 1887 593 ⁸

978 662 1106 736 ganeis,
1123 678 1253 723 necnon
1274 662 1447 724 abbatibus
1466 661 1587 724 etaliis
1609 660 1772 721 ecclesia·

975 774 1052 818 rum
1074 759 1222 834 praelatis
1244 759 1499 820 consistentibus
1519 758 1552 818 in
1572 757 1770 819 dioecesibus
1832 806 1836 815 ,

978 870 1106 927 eorum,
1122 856 1274 927 salutem,
1288 858 1349 917 etc.

1019 952 1189 1014 Mirabilas
1204 955 1366 1015 elationes
1381 954 1494 1025 maris,
1511 954 1569 1015 sed
1584 952 1771 1019 mirabilior

981 1050 1139 1110 Dominus
1163 1051 1198 1111 in
1213 1051 1366 1123 excelsis,
1392 1052 1482 1128 quia,
1513 1053 1770 1128 quantumcum-

980 1163 1044 1222 que
1057 1147 1302 1208 mundauarum
1317 1149 1547 1224 tempestatum
1555 1149 1677 1210 tinctus
1690 1163 1771 1208 con-

979 1244 1031 1304 tra
1046 1259 1165 1304 navem
1178 1244 1279 1316 Petri,
1305 1246 1486 1306 Ecclesiam
1503 1245 1668 1316 videlicet,
1680 1246 1772 1306 intu-
1818 1235 1832 1253 ⁸
1850 1290 1863 1313 ,

979 1342 1141 1413 mesount,
1158 1344 1459 1419 quantumcumque
1474 1342 1619 1403 dormire
1639 1343 1771 1403 videtur

979 1438 1138 1499 Dominus
1160 1438 1195 1499 in
1216 1439 1332 1500 eadem
1354 1440 1460 1517 ipsam
1481 1440 1601 1515 agitari
1617 1439 1771 1516 procellis

979 1533 1013 1593 at
1031 1532 1185 1593 darctibus
1201 1535 1339 1596 concuti·
1355 1534 1592 1611 permittend03
1609 1535 1772 1594 excitatus

978 1628 1089 1689 tamen
1118 1644 1255 1691 suorum
1278 1630 1423 1691 clamore
1451 1631 1597 1691 fidelium
1622 1630 1773 1691 claman-

978 1726 1061 1788 tium
1090 1728 1158 1788 toto
1185 1728 1295 1798 corda,
1322 1743 1462 1803 surgens
1493 1728 1601 1788 ventis
1630 1727 1772 1803 imperat

978 1825 1077 1899 atqua
1102 1825 1197 1895 mari,
1223 1825 1323 1901 litque
1337 1840 1458 1900 magna
1473 1824 1708 1901 tranquillitas,
1725 1825 1772 1886 ita

980 1920 1174 1982 stridentes
1194 1921 1339 1982 divinam
1356 1922 1535 1998 potentiam
1551 1922 1768 1983 admirentur.
1866 1998 1868 2003 Ι
1906 1886 1914 1905 Ι

1019 2017 1106 2076 Sane
1138 2016 1338 2079 miserabilis
1363 2019 1480 2089 status,
1510 2017 1610 2079 immo
1641 2016 1770 2079 stabilis

978 2113 1116 2175 miseria
1135 2112 1364 2176 Narbonensis
1380 2115 1561 2191 provinciae
1576 2129 1615 2175 ac
1628 2114 1772 2175 circum·

977 2210 1202 2286 adjacentium
1228 2210 1403 2285 regionum
1432 2212 1489 2272 din
1515 2227 1575 2271 nos
1599 2212 1769 2273 anstetate

977 2308 1075 2369 torsit
1099 2309 1132 2369 et
1160 2306 1327 2369 dubietate
1354 2309 1536 2384 suspendit,
1561 2309 1771 2370 ansietantes

977 2405 1111 2481 quidem
1137 2405 1226 2466 riam
1251 2405 1402 2466 invenire
1432 2421 1472 2466 ac
1494 2406 1626 2466 modum
1650 2405 1770 2481 quibus

977 2518 1150 2578 possemus
1171 2502 1323 2563 relevare
1338 2503 1506 2577 negotium
1526 2503 1661 2579 paciset
1680 2502 1768 2574 fidei,

976 2599 1062 2676 quod
1075 2601 1110 2660 in
1125 2599 1275 2677 partibus
1289 2600 1357 2661 illis
1370 2600 1503 2661 videtur
1517 2600 1613 2676 quasi
1639 2601 1770 2676 penitus

976 2698 1154 2768 corruisse,
1169 2699 1202 2759 et
1217 2713 1236 2759 e
1251 2698 1419 2760 contrario
1431 2698 1619 2760 dubitantes
1629 2714 1670 2758 ne
1681 2698 1771 2759 terra

976 2794 1094 2856 illasio
1106 2810 1150 2857 ex
1168 2797 1238 2857 toto
1263 2798 1350 2857 esset
1365 2795 1399 2856 in
1415 2796 1642 2871 salsilaginem
1660 2812 1769 2867 versa,

975 2892 1063 2968 quod
1077 2908 1193 2953 cassus
1207 2895 1240 2954 et
1253 2892 1364 2954 inanis
1375 2893 1533 2954 existeret
1540 2893 1634 2954 labor
1645 2896 1768 2965 noster,

976 2992 1008 3051 et
1022 3004 1064 3049 na
1085 3004 1267 3065 possemus,
1285 2992 1551 3067 quantacumque
1564 2991 1703 3052 culturae
1718 2990 1771 3051 di-

975 3086 1112 3161 ligentia
1128 3086 1288 3158 adbibita,
1304 3088 1434 3163 optatos
1460 3102 1504 3148 es
1525 3103 1565 3148 ea
1581 3088 1769 3164 manipulos

974 3186 1155 3260 reportare,
1169 3200 1244 3245 cum
1258 3200 1325 3245 non
1337 3185 1490 3246 rideatur
1499 3185 1551 3247 iili
1560 3200 1634 3245 esse
1647 3185 1768 3247 similis

974 3281 1014 3341 da
1025 3294 1089 3358 qua
1102 3281 1234 3358 legitur,
1262 3299 1280 3341 s
1296 3285 1384 3344 terra
1400 3297 1488 3359 saepe
1503 3283 1690 3345 venientem
1704 3300 1766 3343 su-

974 3394 1033 3454 per
1044 3394 1080 3440 se
1094 3378 1210 3441 bibens
1224 3379 1374 3451 imbrem,
1393 3381 1426 3441 et
1441 3379 1577 3441 herbam
1602 3395 1768 3455 generans

973 3476 1077 3537 illisa
1094 3476 1214 3554 quibus
1239 3478 1359 3539 colitur
1380 3481 1609 3555 opportunam,
1626 3478 1768 3556 accipiet

972 3574 1236 3636 benedictionem
1249 3590 1268 3636 a
1284 3574 1436 3649 Domino,
1454 3594 1471 3636 r
1487 3576 1543 3637 sed
1558 3576 1589 3637 ai
1602 3576 1711 3654 potius
1726 3577 1767 3638 de
1782 3647 1789 3661 ,

973 3687 1037 3748 qua
1050 3672 1211 3733 concinne
1220 3672 1462 3745 subinferres«
1477 3674 1767 3753 proferansautem

973 3769 1086 3846 spinas
1099 3784 1138 3831 ac
1152 3769 1302 3842 tribulos,
1316 3770 1490 3853 reprobata
1505 3773 1555 3832 est
1569 3772 1603 3833 et
1614 3772 1767 3847 proxima

972 3865 1763 3939 maledictor.Haecanimvaraestterradeserta,

972 3963 1062 4025 invia
1073 3964 1106 4024 et
1123 3963 1296 4040 inaquosa,
1313 3963 1414 4024 immo
1436 3964 1526 4025 terra
1541 3964 1661 4037 terrea,
1675 3965 1766 4027 terra

972 4061 1026 4122 cui
1042 4061 1161 4122 coelum
1176 4076 1304 4122 aeneum
1327 4061 1457 4123 dedisse
1470 4062 1601 4124 videtur
1616 4065 1715 4136 Deus,
1733 4065 1766 4126 et

971 4173 1013 4218 ne
1029 4173 1129 4234 super
1148 4158 1241 4218 iilam
1254 4159 1372 4234 pluant
1384 4158 1526 4219 nubibus
1540 4160 1763 4233 mandavisse,
1813 4164 1816 4181 ¹

972 4271 1047 4316 oum
1062 4255 1154 4316 nullo
1169 4255 1275 4316 imbre
1290 4255 1461 4329 doctrinae,
1487 4256 1579 4318 nullo
1594 4272 1670 4319 rore
1682 4274 1764 4335 gra·
1815 4292 1817 4301 ‚

971 4354 1037 4421 tiae,
1062 4355 1106 4416 sit
1120 4353 1160 4413 ad
1180 4352 1350 4414 serendum
1379 4353 1505 4416 tructus
1519 4355 1647 4418 debitos
1662 4357 1767 4418 emol-

971 4450 1041 4512 lita.
1054 4453 1134 4511 Haec
1147 4453 1198 4511 est
1212 4452 1301 4511 terra
1315 4467 1388 4527 quaa
1401 4454 1573 4527 argentum
1589 4454 1764 4530 reprobum

971 4548 1231 4610 videturmerito
1244 4548 1454 4624 appellanda,
1477 4550 1566 4627 quia,
1584 4551 1645 4612 etsi
1660 4551 1764 4613 multo

971 4645 1092 4706 sudore
1107 4645 1293 4706 laboratum
1308 4645 1352 4707 sit
1366 4647 1407 4707 ad
1424 4649 1654 4723 purgationem
1669 4652 1763 4724 ejus-

972 4742 1059 4815 dem,
1072 4745 1195 4803 trustra
1206 4745 1317 4804 tamen
1329 4743 1487 4806 conflavit
1498 4745 1659 4806 conflator
1673 4767 1680 4804 ι
1697 4762 1764 4807 non

971 4842 1021 4900 ast
1036 4841 1124 4901 enim
1140 4842 1213 4917 eJus
1228 4843 1455 4903 consummata
1469 4843 1608 4913 malitia,
1618 4843 1651 4903 et
1661 4843 1764 4905 nimia

971 4937 1088 5013 rubigo
1103 4938 1223 5014 eJusde
1235 4939 1307 5015 ipsa
1318 4954 1384 4999 non
1396 4938 1488 5009 exiit,
1501 4955 1562 5000 nec
1573 4939 1762 5015 perignem3

971 5038 1038 5096 Deo
1051 5037 1175 5096 terram
1191 5035 1300 5096 cordis
1313 5036 1496 5098 incolarum
1510 5039 1582 5113 ejus
1597 5036 1762 5098 constric-

970 5136 1037 5193 tam
1052 5132 1259 5194 infldalitatis
1272 5135 1305 5194 et
1320 5134 1454 5195 malitiae
1464 5132 1591 5194 occulto
1605 5133 1662 5194 sed
1671 5136 1762 5210 Justo

156 5226 325 5286 Honorius
339 5226 563 5303 episcopus...,
581 5228 829 5289 venerabilibus
843 5229 916 5290 lra-
966 5229 1093 5305 judicio
1122 5229 1343 5306 permittente,
1360 5231 1442 5292 adeo
1464 5229 1626 5301 indurari,
1643 5233 1679 5292 ut
1702 5247 1764 5293 nec

120 5321 226 5383 tribus
239 5322 498 5399 archiepiscopis
510 5327 542 5385 et
552 5324 727 5402 episcopie,
742 5331 775 5386 et
785 5326 915 5388 dilectis

120 5418 198 5501 filiis
212 5419 399 5490 abbatibus,
416 5421 583 5496 prioribus
607 5424 640 5483 et
654 5423 732 5483 aliis
755 5424 917 5485 ecclesia-

122 5531 194 5576 rum
210 5516 368 5592 praelatis,
385 5517 420 5576 in
435 5532 538 5593 regno
556 5520 705 5580 Francire
728 5519 817 5581 acin
832 5524 917 5582 Pro-

122 5613 231 5675 vincia
244 5614 444 5687 constitutis,
461 5617 493 5676 et
507 5617 770 5689 'tarentasiensi
794 5619 916 5679 Bisun·

121 5710 256 5781 tineosi,
279 5709 519 5780 Ebredunensi,
540 5714 698 5788 aquensi,
716 5715 912 5788 Arelatensi,

970 5326 1125 5388 lomentis
1145 5327 1457 5397 blandimentorum,
1479 5342 1540 5387 nec
1554 5327 1763 5404 flagellorum

969 5425 1154 5497 tormentis,
1171 5424 1316 5501 potuerit
1330 5424 1491 5485 hactenus
1504 5412 1649 5486 emolliri
1666 5448 1673 5486 ε
1690 5428 1762 5488 ais·

970 5522 1044 5582 dam
1062 5522 1111 5583 sic
1137 5536 1214 5581 suos
1236 5521 1366 5581 animos
1383 5520 1624 5582 affirmantibus
1647 5527 1763 5587 contra

971 5621 1086 5691 Deum,
1110 5620 1156 5689 ut,
1188 5617 1370 5695 quamlibet
1393 5618 1632 5696 multiplicibus
1659 5622 1764 5684 attriti

971 5716 1123 5793 flagellis,
1152 5716 1334 5778 renuerunt
1362 5716 1513 5793 accipere
1534 5718 1762 5797 disciplinam3
