3886 6214
1570 272 1577 305 i

79 330 136 392 sat
1618 360 1624 387 t
1665 321 1727 382 322

689 324 919 391 EPISTOLAE.
943 327 1022 388 LIB.
1045 312 1116 388 VII'.

78 488 516 568 niniiominnsinjpogatts,
528 487 565 550 61
586 487 649 550 sibl
671 487 713 551 16
733 502 877 565 persona
930 483 1120 548 reverentia
1132 482 1246 545 divina
1261 483 1295 545 st
1308 481 1433 567 nostra,
1447 481 1494 544 ita
1510 466 1661 559 61666616
1674 496 1727 542 66·

77 586 202 649 idonea
228 602 293 664 ,per
317 586 512 649 electionem
540 584 735 648 canonicam
759 585 878 663 provi·
930 581 1089 655 116166161,
1097 580 1183 658 6661
1197 596 1257 658 per
1271 580 1334 641 boc
1348 582 1418 641 Deo
1431 578 1571 656 placeat,
1588 578 1644 656 661
1657 579 1728 641 6111

77 685 182 747 deant
207 685 243 745 in
272 687 452 762 pastorem,
483 698 556 760 666
583 684 676 745 16616
717 682 879 759 congruat
931 674 1724 756 16166166611111611666116166.1166666116-

78 782 177 844 66661
202 785 237 844 61
261 781 394 843 honori.
411 780 502 853 Quod
528 780 558 841 si
582 795 648 842 non
672 796 798 851 omnes,
813 781 875 841 616.
932 773 1072 835 orationi
1087 773 1276 849 6661666666
1288 771 1477 848 6666161166
1492 771 1614 848 scripta
1629 785 1728 831 man-

78 881 202 941 liatum
225 879 396 947 Laterani,
425 881 454 939 V
467 877 543 939 idus
557 878 686 955 aprilis,
702 875 879 955 pontifica-
932 870 1060 941 damus,
1077 869 1240 946 66616666
1259 867 1381 931 116166
1397 883 1509 944 66666
1526 868 1568 929 61
1589 867 1624 929 11
1643 867 1726 928 dili-

77 977 131 1039 tus
146 977 362 1039 6661616666
377 975 528 1053 septimo.

440 1253 527 1341 div

76 1434 129 1495 Ad
143 1433 441 1507 archiepiscopum
453 1431 727 1508 stupescentem
737 1429 772 1491 61
783 1431 878 1506 6616-

115 1544 246 1605 666666
274 1532 577 1603 Wesprtmteosem
598 1543 640 1589 66
661 1527 818 1591 abbatem
838 1529 879 1588 16

116 1629 249 1704 Euros,
261 1628 485 1690 cenadiensis
498 1628 665 1689 dtaeccstr.

366 1768 397 1825 11
414 1766 604 1841 6661161113.

250 1899 416 1966 [1616611661.
430 1900 547 1967 diplom,
562 1900 605 1959 lll,
619 1899 716 1966 6111]

80 2015 202 2076 1166161
217 2024 249 2075 61
265 2014 425 2075 satisfactio
444 2015 571 2089 plenaria
590 2015 732 2088 promissa
755 2013 880 2087 capitulo

113 2105 281 2175 orodiensi,
304 2106 330 2162 sl
353 2119 419 2163 eam
445 2103 577 2163 Andreas
601 2118 652 2161 rex
679 2118 737 2163 non
755 2109 878 2172 cureret,

114 2209 171 2270 per
197 2194 365 2268 episcopum
389 2192 643 2268 wesprimiensem
667 2198 696 2250 et
716 2190 881 2265 conjudices

114 2283 284 2342 executioni
295 2282 387 2341 detur.

119 2418 297 2482 Honorius
332 2417 520 2495 episcopus,
560 2433 677 2481 servus
707 2428 880 2483 sorvorum

82 2517 156 2589 Dei,
189 2515 427 2578 1116611611116
463 2514 714 2593 archiepiscopo
753 2515 882 2591 somo-

82 2615 196 2677 niensi
218 2615 254 2677 61
272 2613 427 2691 episcopo
441 2613 696 2690 Wesprimiensi
717 2614 751 2675 et
769 2612 880 2675 abbati

84 2712 124 2775 de
150 2715 269 2789 116666,
297 2711 527 2773 cenadiensis
547 2711 711 2783 dioecesis,
739 2710 880 2773 salutem

85 2813 117 2874 et
127 2809 356 2888 Apostolicam
370 2808 647 2871 benedictionem.

123 2911 237 2981 Quum
265 2907 345 2969 olim
378 2906 574 2969 fecissemus
607 2906 819 2969 carissimum
845 2907 881 2969 in

86 3005 221 3069 christo
236 3004 341 3066 filium
359 3002 512 3067 nostrum
534 3007 573 3066 A.
589 3004 755 3069 illustrem
768 3019 882 3081 66666

932 966 1050 1042 666166
1065 981 1212 1038 monere,
1234 966 1268 1028 et
1281 965 1462 1027 efficaciter
1479 965 1637 1027 inducere
1651 967 1726 1027 stu-

933 1062 1050 1124 deatis.
1068 1062 1159 1135 Quod
1186 1063 1215 1123 si
1237 1062 1351 1124 forsan
1375 1062 1463 1123 idem
1481 1078 1542 1123 rex
1560 1062 1594 1123 id
1614 1060 1726 1124 facere

909 1160 910 1163 ’
933 1156 999 1221 666
1014 1160 1192 1232 curaverit,
1208 1176 1268 1221 vos
1290 1160 1374 1222 actis
1385 1159 1504 1237 iudicii
1525 1159 1648 1221 habitis
1668 1175 1728 1221 co-

933 1273 1006 1319 ram
1020 1256 1125 1329 vobis,
1147 1273 1221 1334 666
1242 1271 1423 1333 66666666
1444 1259 1534 1327 6661,
1550 1256 1728 1332 diligenter

933 1355 1103 1433 inspectis,
1121 1355 1312 1431 6166666116
1330 1353 1581 1430 probationibus
1595 1354 1683 1425 aliis,
1697 1354 1727 1414 si
1859 1388 1863 1395 =

933 1467 1007 1529 666
1028 1450 1155 1514 fuerint
1174 1450 1375 1528 recipiendae
1393 1450 1534 1528 dejure,
1551 1451 1637 1529 quod
1652 1454 1730 1528 jus·

932 1551 1002 1611 166
1033 1548 1146 1621 166611,
1174 1549 1322 1611 humano
1348 1563 1461 1609 amore
1489 1564 1528 1609 ac
1559 1548 1728 1609 mundano

932 1647 1052 1710 timore
1086 1645 1290 1723 postpositis,
1327 1644 1457 1707 sublato
1494 1645 1728 1722 appellationis

934 1743 1116 1815 obstaculo,
1129 1742 1503 1815 616166116116166161...
1519 1742 1612 1814 Quod
1622 1743 1727 1805 61666

933 1842 1138 1909 66666616.
1155 1843 1274 1903 Datum
1296 1838 1464 1912 Laterani,
1480 1838 1726 1917 1111166666-

934 1939 988 2013 lis,
1005 1938 1217 2016 pontificatus
1230 1938 1335 2001 nostri
1351 1952 1439 2001 anno
1454 1937 1605 2014 septimo.

1302 2321 1368 2410 CV

974 2503 1027 2562 61
1043 2498 1279 2563 Christianum
1301 2502 1497 2575 episcopum
1518 2504 1646 2564 Prtmct
1679 2546 1687 2563 .

1210 2632 1242 2688 11
1259 2630 1356 2702 aprilis
1371 2631 1450 2689 1113.

946 2739 962 2745 ”
1006 2753 1138 2819 [Thalnam
1151 2754 1265 2807 116666.
1280 2752 1405 2812 Pelopia,
1416 2756 1435 2802 t.
1448 2754 1504 2818 1,6.
1516 2752 1555 2814 13,
1566 2770 1591 2804 6.
1602 2755 1656 2821 111]

935 2877 1108 2936 1111661666
1127 2877 1344 2951 6166616166
1360 2877 1517 2951 spiritualia
1532 2894 1598 2939 666
1614 2895 1730 2953 posses·

997 2966 1127 3027 sionibus
1141 2966 1488 3039 6666616161666161166
1503 2966 1663 3025 confirmat.

85 3102 271 3180 116666616
309 3102 524 3168 commoneri,
565 3103 601 3164 61
637 3101 769 3164 dilectis
803 3101 890 3163 liliis·
975 3100 1730 3178 116666166661666666,666666666666661161,

85 3200 267 3279 praeposito
291 3200 324 3261 61
348 3198 493 3275 66611616
518 3199 709 3260 0661166616
731 3199 882 3261 66616616
936 3196 1122 3262 venerabili
1137 3198 1271 3263 fratri...
1288 3199 1444 3275 episcopo
1465 3198 1623 3274 Prusciae,
1639 3201 1734 3262 salu-

86 3298 300 3361 satisfaceret
319 3297 359 3358 16
374 3296 516 3365 damnis,
534 3312 608 3374 666
623 3298 664 3359 N.
676 3298 710 3360 61
723 3298 760 3359 Ο.
778 3297 884 3358 comi·
936 3298 1001 3359 166
1022 3299 1056 3359 61
1078 3296 1303 3374 Apostolicam
1326 3294 1602 3358 benedictionem.

86 3397 213 3474 166666
228 3408 265 3455 66
284 3409 323 3455 66
342 3392 502 3471 6666166
517 3409 676 3471 6666666,
691 3393 779 3456 dicto
803 3409 882 3470 6666

87 3491 280 3564 mandante,
297 3491 767 3567 1666666661616166,16616
786 3490 883 3553 bonis
936 3495 987 3555 iiix
1001 3492 1122 3555 litteris
1146 3506 1229 3552 sane
1258 3491 1326 3552 tam
1345 3489 1468 3551 nobilis
1489 3491 1554 3552 viri
1579 3494 1614 3553 C.
1640 3495 1735 3555 Mac·

87 3590 195 3667 ipsius
218 3588 370 3650 66616616
393 3602 492 3666 quam
506 3588 607 3649 etiam
626 3588 662 3648 in
683 3589 883 3665 patrimonio
936 3591 1040 3652 66616
1058 3591 1092 3650 61
1105 3587 1253 3666 Cujaviae
1268 3587 1362 3649 ducis
1384 3603 1423 3663 ac
1443 3588 1646 3650 venerabilis
1662 3589 1734 3652 lba-

977 3397 1058 3456 Cum
1068 3394 1088 3456 a
1100 3393 1195 3455 nobis
1210 3393 1345 3469 petitur,
1361 3395 1557 3467 61666666
1565 3394 1732 3458 effectum.
1820 3390 1833 3402 “

88 3685 261 3765 prepositi
289 3685 484 3763 supradicti,
521 3686 761 3764 praenominato
791 3702 881 3763 6666,
937 3687 999 3749 1616
1011 3687 1117 3748 666161
1129 3689 1167 3746 (i.
1176 3685 1325 3763 episcopi
1335 3685 1368 3746 ct
1380 3682 1576 3747 dilectorum
1589 3686 1734 3748 illiorum
1819 3690 1833 3715 '

88 3783 155 3845 illis
170 3783 366 3845 satisfacere
381 3799 448 3845 non
459 3785 609 3857 curante,
624 3783 719 3845 vobis
734 3783 883 3846 dedimus
938 3784 1075 3862 66611611
1105 3782 1288 3853 Plocensis,
1310 3797 1408 3858 quam
1424 3781 1567 3843 aliorum
1588 3783 1734 3859 plurium

90 3881 126 3941 in
138 3879 366 3952 mandabant
381 3882 554 3958 superbis,
567 3881 692 3943 eisdem
707 3881 883 3958 praeposito
938 3874 1169 3959 episcoporum
1195 3881 1228 3942 61
1256 3877 1417 3940 nobilium
1447 3880 1568 3954 61611116
1597 3881 1735 3942 munitis

91 3979 125 4039 61
151 3979 304 4040 ecclesias
346 3977 500 4040 faceretis
536 3979 686 4055 instituta
719 3978 882 4040 exhiberi.
939 3980 1140 4056 accepimus,
1162 3977 1249 4054 quod
1271 3975 1465 4039 cedentibus
1484 3976 1545 4039 tibi
1567 3978 1736 4055 praedictis

92 4077 197 4147 Quum
209 4077 322 4137 66166
335 4091 395 4137 666
410 4088 544 4137 causam
558 4077 664 4153 ipsam
682 4074 723 4137 ad
744 4092 804 4137 nos
821 4091 886 4137 nu·
938 4078 1095 4154 episcopo
1114 4078 1147 4138 61
1168 4076 1314 4152 66611616
1330 4074 1476 4135 1661666
1488 4075 1645 4136 6166616
1656 4078 1736 4153 jura

92 4187 151 4248 666
173 4172 353 4257 misissetis
379 4172 585 4245 instructam,
600 4175 647 4245 16,
671 4171 774 4233 166166
796 4173 885 4250 epis·
939 4174 1128 4252 spiritualia
1166 4189 1242 4235 cum
1274 4171 1558 4249 possessionibus,
1591 4189 1665 4251 666
1701 4175 1736 4236 16

98 4284 190 4347 cope,
210 4270 246 4331 et
258 4273 297 4331 D.
314 4270 518 4331 camerarius
531 4270 735 4347 6166616166
747 4273 784 4331 G.
798 4286 887 4331 nun·
938 4273 1039 4344 terra,
1061 4286 1135 4349 666
1162 4270 1345 4331 1161666616
1374 4269 1507 4343 1161166,
1529 4269 1735 4345 6111661661,

93 4365 134 4427 til
153 4367 304 4444 praedicti
318 4368 418 4443 66616,
435 4368 707 4444 6666616166166
722 4368 884 4429 666166-
939 4368 1027 4431 idem
1048 4368 1117 4429 dux
1136 4370 1260 4431 terram
1280 4365 1431 4428 eamdem
1448 4383 1524 4429 cnm
1540 4367 1738 4445 quibusdam

93 4463 198 4524 166116
212 4464 380 4541 petivistis
398 4466 436 4526 ut
456 4465 566 4542 ipsum
584 4464 811 4542 6666661166,
829 4464 886 4543 661
940 4466 1031 4529 villis
1045 4463 1304 4527 consistentibus
1316 4465 1352 4524 in
1367 4463 1496 4538 eadem,
1512 4467 1626 4529 Golmo
1641 4467 1738 4529 vide·

93 4557 129 4618 id
147 4563 280 4639 propter
288 4559 331 4621 61
347 4560 465 4621 Sedem
477 4561 700 4637 apostolicam
716 4560 887 4622 laborave·
940 4562 1029 4635 licet,
1046 4563 1171 4634 1161166,
1189 4562 1339 4623 (11666666
1357 4564 1391 4624 61
1408 4562 1592 4637 Belemina,
1609 4579 1739 4626 necnon

93 4657 160 4723 rat,
173 4658 207 4718 61
228 4672 357 4719 moram
383 4657 430 4718 ibi
456 4659 605 4719 traxerat
628 4657 823 4733 longiorem,
844 4658 886 4719 ad
941 4662 1052 4723 castra
1076 4663 1239 4732 Gruzenz,
1262 4656 1392 4721 Wabslt
1410 4661 1444 4721 61
1465 4662 1678 4737 (1666616666,
1700 4676 1741 4723 66

94 4752 222 4829 6661611
249 4755 341 4831 66616
365 4755 517 4831 gratiam.
535 4755 705 4816 remittere
726 4755 886 4831 dignare·
941 4757 1181 4835 possessiones,
1195 4756 1313 4818 ’161666
1327 4756 1468 4829 66111661,
1485 4758 1584 4819 Kisin
1599 4759 1632 4820 et
1652 4758 1736 4832 Plot,

95 4865 180 4923 mur,
194 4851 455 4914 satisfactionem
465 4852 885 4929 plenariamreceptnrum;
942 4855 983 4917 ab
998 4855 1087 4916 omni
1103 4854 1279 4916 exactione
1295 4853 1419 4916 liberas
1441 4870 1516 4915 cum
1538 4856 1609 4915 6616
1630 4855 1738 4932 perti·

94 4945 244 5025 idemque
259 4949 459 5026 praepositus
471 4950 507 5010 in
525 4949 589 5012 boc
602 4950 711 5027 ipsum
727 4966 786 5027 pro
800 4965 889 5028 666-
942 4953 1065 5014 6661116
1086 4950 1158 5023 tibi,
1175 4952 1208 5013 et
1227 4966 1288 5028 per
1302 4951 1336 5013 te
1351 4951 1502 5013 66616616
1524 4954 1590 5037 tuae
1611 4967 1650 5013 66
1673 4951 1739 5015 1616

96 5046 255 5110 nominati
266 5047 357 5124 66616
371 5047 559 5110 reverentia
571 5049 606 5110 et
617 5048 793 5110 devotione
807 5063 889 5110 con·
942 5048 1192 5111 successoribus
1215 5047 1358 5110 contulit
1372 5048 1495 5111 intuitu
1510 5048 1654 5126 pietatis.
1670 5049 1739 5111 Nos

96 5143 337 5222 6661116666
356 5145 460 5220 161166
482 5144 524 5206 61
538 5145 688 5222 ejusdem
707 5145 796 5222 66616
820 5145 890 5206 616-
944 5161 1023 5223 6666
1043 5146 1112 5209 tuis
1126 5146 1228 5222 justis
1247 5145 1404 5223 precibus
1422 5145 1585 5217 inclinati,
1602 5149 1738 5220 terram,

97 5241 253 5303 mantiam
278 5242 497 5315 remittentes,
525 5243 675 5304 eumdem
696 5256 808 5318 regem
830 5257 889 5319 666
943 5247 1053 5306 castra
1075 5242 1201 5305 616116
1224 5243 1426 5319 6666611616,
1454 5241 1601 5304 6166166
1628 5243 1740 5305 66616

98 5331 224 5400 litteras
242 5342 376 5402 nostras
395 5339 524 5402 hortari
545 5340 747 5412 curavimus,
763 5340 798 5402 61
817 5352 890 5400 mo-
939 5342 1041 5418 juste,
1066 5340 1288 5401 6666616666
1311 5339 1450 5416 6661166
1469 5338 1631 5415 66661166,
1652 5341 1739 5403 6116

100 5431 184 5504 neri,
205 5436 241 5496 61
257 5435 440 5498 secundum
454 5436 541 5514 6661
567 5450 611 5497 ex
633 5436 729 5513 parte
747 5452 808 5497 sna
821 5450 891 5497 co·
945 5436 1250 5514 66611611611116616
1264 5435 1396 5513 6166166
1415 5435 1615 5508 continetur,
1631 5437 1690 5499 tibi
1706 5442 1740 5502 61

99 5541 173 5588 ram
186 5530 279 5593 nobis
296 5532 495 5610 promiserat
510 5533 699 5611 episcopus,
716 5535 749 5596 61
770 5548 891 5610 supra·
944 5550 1005 5612 per
1026 5536 1059 5595 te
1079 5533 1144 5610 ipsi
1167 5531 1318 5594 66616616
1338 5547 1378 5593 66
1400 5531 1468 5593 1616
1491 5533 1739 5598 successoribus

101 5622 180 5686 dicti
194 5626 262 5702 alii,
278 5629 386 5691 eidem
405 5631 596 5708 praeposito,
617 5630 651 5691 61
664 5630 816 5693 66616616
830 5645 890 5707 666
945 5630 1142 5693 auctoritate
1156 5628 1346 5707 apostolica
1361 5629 1596 5691 confirmamus
1608 5632 1641 5693 et
1659 5650 1739 5709 prm·

225 5782 338 5827 ramos.
355 5783 428 5827 6666
443 5771 492 5829 tv.
1537 5771 1567 5828 11
