<?xml version="1.0" encoding="UTF-8"?>
<!DOCTYPE html PUBLIC "-//W3C//DTD XHTML 1.0 Transitional//EN"
    "http://www.w3.org/TR/xhtml1/DTD/xhtml1-transitional.dtd">
<html xmlns="http://www.w3.org/1999/xhtml" xml:lang="en" lang="en">
 <head>
  <title>
</title>
<meta http-equiv="Content-Type" content="text/html;charset=utf-8" />
  <meta name='ocr-system' content='tesseract 3.04.00' />
  <meta name='ocr-capabilities' content='ocr_page ocr_carea ocr_par ocr_line ocrx_word'/>
</head>
<body>
  <div class='ocr_page' id='page_1' title='image "./mediiaevibiblio04bottgoog_0421.png"; bbox 0 0 3930 6206; ppageno 0'>
   <div class='ocr_carea' id='block_1_1' title="bbox 265 209 1899 283">
    <p class='ocr_par' dir='ltr' id='par_1_1' title="bbox 265 209 1899 283">
     <span class='ocr_line' id='line_1_1' title="bbox 265 209 1899 283; baseline 0.005 -8"><span class='ocrx_word' id='word_1_1' title='bbox 265 213 324 277; x_wconf 74' lang='grc'>799</span> <span class='ocrx_word' id='word_1_2' title='bbox 880 209 1055 278; x_wconf 82' lang='lat' dir='ltr'>HONORII</span> <span class='ocrx_word' id='word_1_3' title='bbox 1078 216 1122 277; x_wconf 87' lang='grc' dir='ltr'>ΙΙΙ</span> <span class='ocrx_word' id='word_1_4' title='bbox 1143 212 1291 279; x_wconf 77' lang='lat' dir='ltr'>OPERA.</span> <span class='ocrx_word' id='word_1_5' title='bbox 1842 220 1899 283; x_wconf 79' lang='grc'>800</span> 
     </span>
    </p>
   </div>
   <div class='ocr_carea' id='block_1_2' title="bbox 260 370 1907 2001">
    <p class='ocr_par' dir='ltr' id='par_1_2' title="bbox 260 370 1907 1902">
     <span class='ocr_line' id='line_1_2' title="bbox 263 370 1897 454; baseline -0.002 -14"><span class='ocrx_word' id='word_1_6' title='bbox 263 374 487 454; x_wconf 80' lang='lat' dir='ltr'>apostolicam</span> <span class='ocrx_word' id='word_1_7' title='bbox 501 372 669 449; x_wconf 78' lang='lat' dir='ltr'><strong>visitares,</strong></span> <span class='ocrx_word' id='word_1_8' title='bbox 686 385 813 450; x_wconf 87' lang='lat' dir='ltr'>nosque</span> <span class='ocrx_word' id='word_1_9' title='bbox 824 370 884 434; x_wconf 86' lang='lat' dir='ltr'>tibi</span> <span class='ocrx_word' id='word_1_10' title='bbox 897 372 937 435; x_wconf 89' lang='lat' dir='ltr'>de</span> <span class='ocrx_word' id='word_1_11' title='bbox 950 373 1059 450; x_wconf 79' lang='lat' dir='ltr'>gratia</span> <span class='ocrx_word' id='word_1_12' title='bbox 1113 374 1269 436; x_wconf 88' lang='lat' dir='ltr'>nuntiare</span> <span class='ocrx_word' id='word_1_13' title='bbox 1279 371 1423 448; x_wconf 85' lang='lat' dir='ltr'>deberet,</span> <span class='ocrx_word' id='word_1_14' title='bbox 1435 374 1544 437; x_wconf 88' lang='lat' dir='ltr'>dictus</span> <span class='ocrx_word' id='word_1_15' title='bbox 1553 377 1751 454; x_wconf 86' lang='lat' dir='ltr'>procurator</span> <span class='ocrx_word' id='word_1_16' title='bbox 1761 373 1897 438; x_wconf 84' lang='lat' dir='ltr'>debitum</span> 
     </span>
     <span class='ocr_line' id='line_1_3' title="bbox 265 470 1900 553; baseline -0.002 -17"><span class='ocrx_word' id='word_1_17' title='bbox 265 473 472 553; x_wconf 88' lang='lat' dir='ltr'>postmodum</span> <span class='ocrx_word' id='word_1_18' title='bbox 488 470 679 541; x_wconf 83' lang='lat' dir='ltr'>indulsisse,</span> <span class='ocrx_word' id='word_1_19' title='bbox 696 471 732 532; x_wconf 89' lang='lat' dir='ltr'>ut</span> <span class='ocrx_word' id='word_1_20' title='bbox 745 470 787 531; x_wconf 88' lang='lat' dir='ltr'>ad</span> <span class='ocrx_word' id='word_1_21' title='bbox 804 470 841 539; x_wconf 86' lang='lat' dir='ltr'>id</span> <span class='ocrx_word' id='word_1_22' title='bbox 856 486 923 532; x_wconf 92' lang='lat' dir='ltr'>non</span> <span class='ocrx_word' id='word_1_23' title='bbox 938 471 1003 532; x_wconf 90' lang='lat' dir='ltr'>nisi</span> <span class='ocrx_word' id='word_1_24' title='bbox 1019 471 1060 531; x_wconf 90' lang='lat' dir='ltr'>de</span> <span class='ocrx_word' id='word_1_25' title='bbox 1114 474 1242 533; x_wconf 83' lang='lat' dir='ltr'>naturae</span> <span class='ocrx_word' id='word_1_26' title='bbox 1255 471 1424 549; x_wconf 82' lang='lat' dir='ltr'>persolvit,</span> <span class='ocrx_word' id='word_1_27' title='bbox 1439 472 1553 549; x_wconf 88' lang='lat' dir='ltr'>sicque</span> <span class='ocrx_word' id='word_1_28' title='bbox 1567 488 1669 533; x_wconf 88' lang='lat' dir='ltr'>causa</span> <span class='ocrx_word' id='word_1_29' title='bbox 1682 473 1756 549; x_wconf 89' lang='lat' dir='ltr'>ipsa</span> <span class='ocrx_word' id='word_1_30' title='bbox 1769 488 1835 533; x_wconf 91' lang='lat' dir='ltr'>non</span> <span class='ocrx_word' id='word_1_31' title='bbox 1849 489 1900 550; x_wconf 84' lang='lat' dir='ltr'>po</span> 
     </span>
     <span class='ocr_line' id='line_1_4' title="bbox 264 567 1899 644; baseline -0.001 -11"><span class='ocrx_word' id='word_1_32' title='bbox 264 571 399 633; x_wconf 89' lang='lat' dir='ltr'>biennio</span> <span class='ocrx_word' id='word_1_33' title='bbox 413 570 449 630; x_wconf 92' lang='lat' dir='ltr'>in</span> <span class='ocrx_word' id='word_1_34' title='bbox 464 568 636 629; x_wconf 87' lang='lat' dir='ltr'>biennium</span> <span class='ocrx_word' id='word_1_35' title='bbox 651 568 825 631; x_wconf 88' lang='lat' dir='ltr'>tenereris.</span> <span class='ocrx_word' id='word_1_36' title='bbox 842 570 965 628; x_wconf 84' lang='lat' dir='ltr'>Verum</span> <span class='ocrx_word' id='word_1_37' title='bbox 981 568 1060 644; x_wconf 83' lang='lat' dir='ltr'>quia</span> <span class='ocrx_word' id='word_1_38' title='bbox 1114 567 1177 629; x_wconf 89' lang='lat' dir='ltr'>tuit</span> <span class='ocrx_word' id='word_1_39' title='bbox 1188 567 1298 630; x_wconf 88' lang='lat' dir='ltr'>debito</span> <span class='ocrx_word' id='word_1_40' title='bbox 1311 568 1376 630; x_wconf 88' lang='lat' dir='ltr'>tine</span> <span class='ocrx_word' id='word_1_41' title='bbox 1388 568 1508 630; x_wconf 87' lang='lat' dir='ltr'>decidi.</span> <span class='ocrx_word' id='word_1_42' title='bbox 1520 570 1683 642; x_wconf 80' lang='lat' dir='ltr'>Quocirca</span> <span class='ocrx_word' id='word_1_43' title='bbox 1696 569 1899 641; x_wconf 85' lang='lat' dir='ltr'>mandamus,</span> 
     </span>
     <span class='ocr_line' id='line_1_5' title="bbox 263 664 1903 743; baseline -0.002 -13"><span class='ocrx_word' id='word_1_44' title='bbox 263 669 352 731; x_wconf 89' lang='lat' dir='ltr'>circa</span> <span class='ocrx_word' id='word_1_45' title='bbox 368 667 488 733; x_wconf 81' lang='lat' dir='ltr'>testum</span> <span class='ocrx_word' id='word_1_46' title='bbox 501 665 745 742; x_wconf 76' lang='lat' dir='ltr'>assumptionis</span> <span class='ocrx_word' id='word_1_47' title='bbox 770 664 876 726; x_wconf 89' lang='lat' dir='ltr'>beatae</span> <span class='ocrx_word' id='word_1_48' title='bbox 897 664 1057 740; x_wconf 80' lang='lat' dir='ltr'>Virginis,</span> <span class='ocrx_word' id='word_1_49' title='bbox 1114 667 1278 742; x_wconf 85' lang='lat' dir='ltr'>quatenus</span> <span class='ocrx_word' id='word_1_50' title='bbox 1302 669 1475 742; x_wconf 84' lang='lat' dir='ltr'>utramque</span> <span class='ocrx_word' id='word_1_51' title='bbox 1495 669 1634 743; x_wconf 88' lang='lat' dir='ltr'>partem,</span> <span class='ocrx_word' id='word_1_52' title='bbox 1657 667 1749 727; x_wconf 92' lang='lat' dir='ltr'>inter</span> <span class='ocrx_word' id='word_1_53' title='bbox 1762 681 1799 727; x_wconf 90' lang='lat' dir='ltr'>se</span> <span class='ocrx_word' id='word_1_54' title='bbox 1817 682 1903 727; x_wconf 89' lang='lat' dir='ltr'>com-</span> 
     </span>
     <span class='ocr_line' id='line_1_6' title="bbox 265 761 1903 839; baseline -0.002 -11"><span class='ocrx_word' id='word_1_55' title='bbox 265 782 340 829; x_wconf 85' lang='lat' dir='ltr'>eum</span> <span class='ocrx_word' id='word_1_56' title='bbox 363 766 441 826; x_wconf 90' lang='lat' dir='ltr'>tunc</span> <span class='ocrx_word' id='word_1_57' title='bbox 466 762 633 839; x_wconf 84' lang='lat' dir='ltr'>receperis</span> <span class='ocrx_word' id='word_1_58' title='bbox 656 762 804 838; x_wconf 90' lang='lat' dir='ltr'>pallium,</span> <span class='ocrx_word' id='word_1_59' title='bbox 822 763 855 823; x_wconf 89' lang='lat' dir='ltr'>et</span> <span class='ocrx_word' id='word_1_60' title='bbox 869 761 1060 836; x_wconf 88' lang='lat' dir='ltr'>hujusmodi</span> <span class='ocrx_word' id='word_1_61' title='bbox 1115 776 1237 838; x_wconf 89' lang='lat' dir='ltr'>ponere</span> <span class='ocrx_word' id='word_1_62' title='bbox 1267 762 1408 824; x_wconf 87' lang='lat' dir='ltr'>debeant</span> <span class='ocrx_word' id='word_1_63' title='bbox 1438 764 1628 833; x_wconf 89' lang='lat' dir='ltr'>convenire,</span> <span class='ocrx_word' id='word_1_64' title='bbox 1660 779 1702 824; x_wconf 91' lang='lat' dir='ltr'>ac</span> <span class='ocrx_word' id='word_1_65' title='bbox 1732 763 1903 838; x_wconf 80' lang='lat' dir='ltr'>diligenter</span> 
     </span>
     <span class='ocr_line' id='line_1_7' title="bbox 260 858 1903 942; baseline -0.002 -18"><span class='ocrx_word' id='word_1_66' title='bbox 260 860 495 942; x_wconf 76' lang='lat' dir='ltr'>jusJurandum</span> <span class='ocrx_word' id='word_1_67' title='bbox 522 858 717 936; x_wconf 71' lang='lat' dir='ltr'>praestiteris</span> <span class='ocrx_word' id='word_1_68' title='bbox 740 859 800 920; x_wconf 90' lang='lat' dir='ltr'>tihi</span> <span class='ocrx_word' id='word_1_69' title='bbox 830 859 892 919; x_wconf 88' lang='lat' dir='ltr'>hoc</span> <span class='ocrx_word' id='word_1_70' title='bbox 910 858 1078 925; x_wconf 42' lang='lat' dir='ltr'>imminet,</span> <span class='ocrx_word' id='word_1_71' title='bbox 1115 859 1272 921; x_wconf 88' lang='lat' dir='ltr'>inducere</span> <span class='ocrx_word' id='word_1_72' title='bbox 1301 861 1497 936; x_wconf 82' lang='lat' dir='ltr'>procuretis,</span> <span class='ocrx_word' id='word_1_73' title='bbox 1532 861 1618 937; x_wconf 87' lang='lat' dir='ltr'>quod</span> <span class='ocrx_word' id='word_1_74' title='bbox 1653 859 1682 920; x_wconf 90' lang='lat' dir='ltr'>si</span> <span class='ocrx_word' id='word_1_75' title='bbox 1714 859 1903 937; x_wconf 85' lang='lat' dir='ltr'>compositio</span> 
     </span>
     <span class='ocr_line' id='line_1_8' title="bbox 265 954 1903 1033; baseline -0.002 -13"><span class='ocrx_word' id='word_1_76' title='bbox 265 958 463 1033; x_wconf 89' lang='lat' dir='ltr'>faciendum,</span> <span class='ocrx_word' id='word_1_77' title='bbox 480 958 513 1018; x_wconf 92' lang='lat' dir='ltr'>et</span> <span class='ocrx_word' id='word_1_78' title='bbox 522 957 669 1033; x_wconf 89' lang='lat' dir='ltr'>tempore</span> <span class='ocrx_word' id='word_1_79' title='bbox 685 956 742 1016; x_wconf 92' lang='lat' dir='ltr'>illo</span> <span class='ocrx_word' id='word_1_80' title='bbox 760 958 893 1032; x_wconf 92' lang='lat' dir='ltr'>propter</span> <span class='ocrx_word' id='word_1_81' title='bbox 908 955 997 1016; x_wconf 90' lang='lat' dir='ltr'>aeris</span> <span class='ocrx_word' id='word_1_82' title='bbox 1012 955 1062 1015; x_wconf 92' lang='lat' dir='ltr'>in·</span> <span class='ocrx_word' id='word_1_83' title='bbox 1114 954 1199 1017; x_wconf 90' lang='lat' dir='ltr'>forte</span> <span class='ocrx_word' id='word_1_84' title='bbox 1221 957 1398 1033; x_wconf 91' lang='lat' dir='ltr'>provenire</span> <span class='ocrx_word' id='word_1_85' title='bbox 1419 972 1486 1017; x_wconf 90' lang='lat' dir='ltr'>uon</span> <span class='ocrx_word' id='word_1_86' title='bbox 1509 957 1646 1033; x_wconf 89' lang='lat' dir='ltr'>poterit,</span> <span class='ocrx_word' id='word_1_87' title='bbox 1671 972 1731 1018; x_wconf 86' lang='lat' dir='ltr'>vos</span> <span class='ocrx_word' id='word_1_88' title='bbox 1758 957 1903 1032; x_wconf 82' lang='lat' dir='ltr'>proximo</span> 
     </span>
     <span class='ocr_line' id='line_1_9' title="bbox 265 1050 1903 1131; baseline -0.004 -13"><span class='ocrx_word' id='word_1_89' title='bbox 265 1053 457 1131; x_wconf 86' lang='lat' dir='ltr'>temperiem</span> <span class='ocrx_word' id='word_1_90' title='bbox 471 1068 636 1130; x_wconf 90' lang='lat' dir='ltr'>proponas</span> <span class='ocrx_word' id='word_1_91' title='bbox 647 1051 870 1129; x_wconf 88' lang='lat' dir='ltr'>periculosum</span> <span class='ocrx_word' id='word_1_92' title='bbox 883 1050 1060 1112; x_wconf 88' lang='lat' dir='ltr'>adUrbem</span> <span class='ocrx_word' id='word_1_93' title='bbox 1115 1055 1291 1113; x_wconf 88' lang='lat' dir='ltr'>venturum</span> <span class='ocrx_word' id='word_1_94' title='bbox 1344 1052 1463 1113; x_wconf 86' lang='lat' dir='ltr'>festum</span> <span class='ocrx_word' id='word_1_95' title='bbox 1508 1053 1662 1114; x_wconf 85' lang='lat' dir='ltr'>Omnium</span> <span class='ocrx_word' id='word_1_96' title='bbox 1712 1054 1903 1114; x_wconf 87' lang='lat' dir='ltr'>Sanctorum</span> 
     </span>
     <span class='ocr_line' id='line_1_10' title="bbox 266 1148 1904 1227; baseline -0.003 -13"><span class='ocrx_word' id='word_1_97' title='bbox 266 1152 533 1223; x_wconf 90' lang='lat' dir='ltr'>accessum,tam</span> <span class='ocrx_word' id='word_1_98' title='bbox 555 1150 749 1226; x_wconf 87' lang='lat' dir='ltr'>suppliciter</span> <span class='ocrx_word' id='word_1_99' title='bbox 775 1164 873 1225; x_wconf 87' lang='lat' dir='ltr'>quam</span> <span class='ocrx_word' id='word_1_100' title='bbox 891 1148 1061 1209; x_wconf 89' lang='lat' dir='ltr'>humiliter</span> <span class='ocrx_word' id='word_1_101' title='bbox 1115 1150 1373 1227; x_wconf 89' lang='lat' dir='ltr'>peremptorium</span> <span class='ocrx_word' id='word_1_102' title='bbox 1407 1149 1557 1226; x_wconf 88' lang='lat' dir='ltr'>partibus</span> <span class='ocrx_word' id='word_1_103' title='bbox 1590 1151 1772 1211; x_wconf 90' lang='lat' dir='ltr'>terminum</span> <span class='ocrx_word' id='word_1_104' title='bbox 1799 1149 1904 1226; x_wconf 85' lang='lat' dir='ltr'>praeii·</span> 
     </span>
     <span class='ocr_line' id='line_1_11' title="bbox 266 1244 1904 1329; baseline -0.003 -17"><span class='ocrx_word' id='word_1_105' title='bbox 266 1249 454 1329; x_wconf 89' lang='lat' dir='ltr'>postulasti,</span> <span class='ocrx_word' id='word_1_106' title='bbox 476 1250 512 1307; x_wconf 89' lang='lat' dir='ltr'>ut</span> <span class='ocrx_word' id='word_1_107' title='bbox 535 1246 577 1308; x_wconf 90' lang='lat' dir='ltr'>ad</span> <span class='ocrx_word' id='word_1_108' title='bbox 596 1247 716 1307; x_wconf 90' lang='lat' dir='ltr'>festum</span> <span class='ocrx_word' id='word_1_109' title='bbox 731 1244 924 1308; x_wconf 77' lang='lat' dir='ltr'>Natiuitatis</span> <span class='ocrx_word' id='word_1_110' title='bbox 947 1244 1061 1307; x_wconf 89' lang='lat' dir='ltr'>Domi·</span> <span class='ocrx_word' id='word_1_111' title='bbox 1115 1247 1213 1323; x_wconf 79' lang='lat' dir='ltr'>gatis,</span> <span class='ocrx_word' id='word_1_112' title='bbox 1234 1262 1299 1323; x_wconf 86' lang='lat' dir='ltr'>quo</span> <span class='ocrx_word' id='word_1_113' title='bbox 1321 1262 1380 1324; x_wconf 90' lang='lat' dir='ltr'>per</span> <span class='ocrx_word' id='word_1_114' title='bbox 1403 1262 1440 1307; x_wconf 93' lang='lat' dir='ltr'>se</span> <span class='ocrx_word' id='word_1_115' title='bbox 1462 1247 1515 1308; x_wconf 91' lang='lat' dir='ltr'>vel</span> <span class='ocrx_word' id='word_1_116' title='bbox 1538 1246 1752 1324; x_wconf 85' lang='lat' dir='ltr'>responsales</span> <span class='ocrx_word' id='word_1_117' title='bbox 1774 1246 1904 1307; x_wconf 85' lang='lat' dir='ltr'>idoneos</span> 
     </span>
     <span class='ocr_line' id='line_1_12' title="bbox 267 1343 1904 1421; baseline -0.004 -11"><span class='ocrx_word' id='word_1_118' title='bbox 267 1349 352 1409; x_wconf 92' lang='lat' dir='ltr'>nicae</span> <span class='ocrx_word' id='word_1_119' title='bbox 394 1346 523 1408; x_wconf 90' lang='lat' dir='ltr'>mutare</span> <span class='ocrx_word' id='word_1_120' title='bbox 559 1344 761 1405; x_wconf 78' lang='lat' dir='ltr'>visitationis</span> <span class='ocrx_word' id='word_1_121' title='bbox 793 1344 859 1404; x_wconf 82' lang='lat' dir='ltr'>tuae</span> <span class='ocrx_word' id='word_1_122' title='bbox 884 1343 1062 1404; x_wconf 90' lang='lat' dir='ltr'>terminum</span> <span class='ocrx_word' id='word_1_123' title='bbox 1117 1346 1330 1420; x_wconf 91' lang='lat' dir='ltr'>compareant</span> <span class='ocrx_word' id='word_1_124' title='bbox 1351 1360 1463 1405; x_wconf 91' lang='lat' dir='ltr'>coram</span> <span class='ocrx_word' id='word_1_125' title='bbox 1484 1344 1593 1416; x_wconf 89' lang='lat' dir='ltr'>nohis,</span> <span class='ocrx_word' id='word_1_126' title='bbox 1619 1345 1806 1420; x_wconf 82' lang='lat' dir='ltr'>recepturae</span> <span class='ocrx_word' id='word_1_127' title='bbox 1826 1343 1904 1421; x_wconf 84' lang='lat' dir='ltr'>quod</span> 
     </span>
     <span class='ocr_line' id='line_1_13' title="bbox 268 1438 1906 1521; baseline -0.004 -16"><span class='ocrx_word' id='word_1_128' title='bbox 268 1445 492 1521; x_wconf 81' lang='lat' dir='ltr'>dignaremur.</span> <span class='ocrx_word' id='word_1_129' title='bbox 522 1443 630 1513; x_wconf 83' lang='lat' dir='ltr'>Quare</span> <span class='ocrx_word' id='word_1_130' title='bbox 653 1456 715 1500; x_wconf 91' lang='lat' dir='ltr'>nos</span> <span class='ocrx_word' id='word_1_131' title='bbox 738 1440 871 1515; x_wconf 80' lang='lat' dir='ltr'>gratiae,</span> <span class='ocrx_word' id='word_1_132' title='bbox 901 1455 999 1516; x_wconf 90' lang='lat' dir='ltr'>quam</span> <span class='ocrx_word' id='word_1_133' title='bbox 1026 1438 1061 1498; x_wconf 91' lang='lat' dir='ltr'>in</span> <span class='ocrx_word' id='word_1_134' title='bbox 1117 1457 1216 1518; x_wconf 90' lang='lat' dir='ltr'>super</span> <span class='ocrx_word' id='word_1_135' title='bbox 1230 1441 1294 1503; x_wconf 88' lang='lat' dir='ltr'>hoc</span> <span class='ocrx_word' id='word_1_136' title='bbox 1306 1442 1500 1501; x_wconf 81' lang='lat' dir='ltr'>duxerimus</span> <span class='ocrx_word' id='word_1_137' title='bbox 1515 1439 1741 1517; x_wconf 78' lang='lat' dir='ltr'>statuendum,</span> <span class='ocrx_word' id='word_1_138' title='bbox 1759 1456 1826 1501; x_wconf 90' lang='lat' dir='ltr'>nou</span> <span class='ocrx_word' id='word_1_139' title='bbox 1840 1438 1906 1499; x_wconf 86' lang='lat' dir='ltr'>obs·</span> 
     </span>
     <span class='ocr_line' id='line_1_14' title="bbox 268 1536 1903 1608; baseline -0.003 -6"><span class='ocrx_word' id='word_1_140' title='bbox 268 1540 380 1602; x_wconf 89' lang='lat' dir='ltr'>multis</span> <span class='ocrx_word' id='word_1_141' title='bbox 404 1538 603 1600; x_wconf 80' lang='lat' dir='ltr'>fraternitati</span> <span class='ocrx_word' id='word_1_142' title='bbox 624 1537 690 1599; x_wconf 87' lang='lat' dir='ltr'>tuae</span> <span class='ocrx_word' id='word_1_143' title='bbox 711 1536 860 1608; x_wconf 91' lang='lat' dir='ltr'>fecimus,</span> <span class='ocrx_word' id='word_1_144' title='bbox 878 1536 941 1597; x_wconf 90' lang='lat' dir='ltr'>hac</span> <span class='ocrx_word' id='word_1_145' title='bbox 961 1536 1061 1596; x_wconf 89' lang='lat' dir='ltr'>etiam</span> <span class='ocrx_word' id='word_1_146' title='bbox 1116 1538 1262 1600; x_wconf 84' lang='lat' dir='ltr'>tentibus</span> <span class='ocrx_word' id='word_1_147' title='bbox 1277 1537 1398 1600; x_wconf 89' lang='lat' dir='ltr'>litteris</span> <span class='ocrx_word' id='word_1_148' title='bbox 1415 1538 1504 1605; x_wconf 90' lang='lat' dir='ltr'>aliis,</span> <span class='ocrx_word' id='word_1_149' title='bbox 1526 1538 1776 1598; x_wconf 88' lang='lat' dir='ltr'>harumtenore</span> <span class='ocrx_word' id='word_1_150' title='bbox 1797 1536 1903 1605; x_wconf 89' lang='lat' dir='ltr'>tacito,</span> 
     </span>
     <span class='ocr_line' id='line_1_15' title="bbox 268 1632 1905 1714; baseline -0.005 -14"><span class='ocrx_word' id='word_1_151' title='bbox 268 1638 342 1700; x_wconf 91' lang='lat' dir='ltr'>vice</span> <span class='ocrx_word' id='word_1_152' title='bbox 375 1636 519 1714; x_wconf 79' lang='lat' dir='ltr'>gratiam</span> <span class='ocrx_word' id='word_1_153' title='bbox 552 1634 769 1705; x_wconf 86' lang='lat' dir='ltr'>cumulantes,</span> <span class='ocrx_word' id='word_1_154' title='bbox 808 1633 972 1710; x_wconf 89' lang='lat' dir='ltr'>postulata</span> <span class='ocrx_word' id='word_1_155' title='bbox 1001 1632 1062 1694; x_wconf 90' lang='lat' dir='ltr'>tihi</span> <span class='ocrx_word' id='word_1_156' title='bbox 1117 1636 1237 1697; x_wconf 82' lang='lat' dir='ltr'>assde</span> <span class='ocrx_word' id='word_1_157' title='bbox 1255 1635 1445 1712; x_wconf 76' lang='lat' dir='ltr'>apostolica</span> <span class='ocrx_word' id='word_1_158' title='bbox 1462 1635 1657 1712; x_wconf 86' lang='lat' dir='ltr'>impetratis.</span> <span class='ocrx_word' id='word_1_159' title='bbox 1679 1633 1774 1706; x_wconf 90' lang='lat' dir='ltr'>Quod</span> <span class='ocrx_word' id='word_1_160' title='bbox 1795 1634 1826 1694; x_wconf 92' lang='lat' dir='ltr'>si</span> <span class='ocrx_word' id='word_1_161' title='bbox 1846 1649 1905 1693; x_wconf 92' lang='lat' dir='ltr'>nou</span> 
     </span>
     <span class='ocr_line' id='line_1_16' title="bbox 269 1729 1907 1809; baseline -0.007 -10"><span class='ocrx_word' id='word_1_162' title='bbox 269 1733 466 1799; x_wconf 86' lang='lat' dir='ltr'>auctoritate</span> <span class='ocrx_word' id='word_1_163' title='bbox 499 1731 713 1809; x_wconf 88' lang='lat' dir='ltr'>praesentium</span> <span class='ocrx_word' id='word_1_164' title='bbox 748 1731 904 1792; x_wconf 80' lang='lat' dir='ltr'>duximus</span> <span class='ocrx_word' id='word_1_165' title='bbox 937 1746 1061 1791; x_wconf 91' lang='lat' dir='ltr'>conce·</span> <span class='ocrx_word' id='word_1_166' title='bbox 1117 1748 1243 1805; x_wconf 78' lang='lat' dir='ltr'>onmes,</span> <span class='ocrx_word' id='word_1_167' title='bbox 1270 1734 1332 1794; x_wconf 90' lang='lat' dir='ltr'>etc.</span> <span class='ocrx_word' id='word_1_168' title='bbox 1361 1733 1478 1793; x_wconf 88' lang='lat' dir='ltr'>Datum</span> <span class='ocrx_word' id='word_1_169' title='bbox 1503 1732 1671 1804; x_wconf 88' lang='lat' dir='ltr'>Laterani,</span> <span class='ocrx_word' id='word_1_170' title='bbox 1696 1734 1727 1792; x_wconf 94' lang='lat' dir='ltr'>Il</span> <span class='ocrx_word' id='word_1_171' title='bbox 1752 1729 1907 1792; x_wconf 81' lang='lat' dir='ltr'>kalendas</span> 
     </span>
     <span class='ocr_line' id='line_1_17' title="bbox 269 1825 1458 1902; baseline -0.002 -10"><span class='ocrx_word' id='word_1_172' title='bbox 269 1829 387 1893; x_wconf 91' lang='lat' dir='ltr'>denda.</span> <span class='ocrx_word' id='word_1_173' title='bbox 404 1831 522 1892; x_wconf 85' lang='lat' dir='ltr'>Datum</span> <span class='ocrx_word' id='word_1_174' title='bbox 538 1827 704 1899; x_wconf 88' lang='lat' dir='ltr'>Laterani,</span> <span class='ocrx_word' id='word_1_175' title='bbox 726 1829 772 1889; x_wconf 90' lang='lat' dir='ltr'>Ill</span> <span class='ocrx_word' id='word_1_176' title='bbox 791 1825 953 1889; x_wconf 87' lang='lat' dir='ltr'>kalendas</span> <span class='ocrx_word' id='word_1_177' title='bbox 968 1843 1061 1888; x_wconf 88' lang='lat' dir='ltr'>mar·</span> <span class='ocrx_word' id='word_1_178' title='bbox 1117 1831 1240 1902; x_wconf 90' lang='lat' dir='ltr'>martii,</span> <span class='ocrx_word' id='word_1_179' title='bbox 1255 1846 1344 1892; x_wconf 91' lang='lat' dir='ltr'>anno</span> <span class='ocrx_word' id='word_1_180' title='bbox 1359 1844 1458 1891; x_wconf 90' lang='lat' dir='ltr'>nono.</span> 
     </span>
    </p>

    <p class='ocr_par' dir='ltr' id='par_1_3' title="bbox 267 1929 537 2001">
     <span class='ocr_line' id='line_1_18' title="bbox 267 1929 537 2001; baseline -0.007 -11"><span class='ocrx_word' id='word_1_181' title='bbox 267 1929 317 2001; x_wconf 89' lang='lat' dir='ltr'>tii,</span> <span class='ocrx_word' id='word_1_182' title='bbox 334 1943 422 1989; x_wconf 90' lang='lat' dir='ltr'>anno</span> <span class='ocrx_word' id='word_1_183' title='bbox 438 1943 537 1989; x_wconf 90' lang='lat' dir='ltr'>nono.</span> 
     </span>
    </p>
   </div>
   <div class='ocr_carea' id='block_1_3' title="bbox 1453 2061 1573 2150">
    <p class='ocr_par' dir='ltr' id='par_1_4' title="bbox 1453 2061 1573 2150">
     <span class='ocr_line' id='line_1_19' title="bbox 1453 2061 1573 2150; baseline 0.008 -1"><span class='ocrx_word' id='word_1_184' title='bbox 1453 2061 1573 2150; x_wconf 76' lang='lat' dir='ltr'>XCIX</span> 
     </span>
    </p>
   </div>
   <div class='ocr_carea' id='block_1_4' title="bbox 586 2166 1771 2287">
    <p class='ocr_par' dir='ltr' id='par_1_5' title="bbox 586 2166 1771 2287">
     <span class='ocr_line' id='line_1_20' title="bbox 586 2166 1771 2287; baseline 0.011 -28"><span class='ocrx_word' id='word_1_185' title='bbox 586 2166 749 2254; x_wconf 71' lang='lat' dir='ltr'>XCVIII</span> <span class='ocrx_word' id='word_1_186' title='bbox 1260 2215 1312 2273; x_wconf 87' lang='lat' dir='ltr'>Ad</span> <span class='ocrx_word' id='word_1_187' title='bbox 1325 2214 1520 2287; x_wconf 61' lang='lat' dir='ltr'>eneconem</span> <span class='ocrx_word' id='word_1_188' title='bbox 1537 2217 1771 2275; x_wconf 78' lang='lat' dir='ltr'>Persateatsem.</span> 
     </span>
    </p>
   </div>
   <div class='ocr_carea' id='block_1_5' title="bbox 168 2315 1627 2574">
    <p class='ocr_par' dir='ltr' id='par_1_6' title="bbox 168 2315 1627 2574">
     <span class='ocr_line' id='line_1_21' title="bbox 168 2315 1627 2401; baseline -0.009 -18"><span class='ocrx_word' id='word_1_189' title='bbox 168 2394 170 2399; x_wconf 23' lang='lat'><strong>¹</strong></span> <span class='ocrx_word' id='word_1_190' title='bbox 268 2320 320 2382; x_wconf 81' lang='lat' dir='ltr'>Ad</span> <span class='ocrx_word' id='word_1_191' title='bbox 342 2321 538 2394; x_wconf 75' lang='lat' dir='ltr'>episcopum</span> <span class='ocrx_word' id='word_1_192' title='bbox 565 2317 792 2387; x_wconf 73' lang='lat' dir='ltr'>Valentinum,</span> <span class='ocrx_word' id='word_1_193' title='bbox 813 2315 969 2377; x_wconf 80' lang='lat' dir='ltr'>abbatem</span> <span class='ocrx_word' id='word_1_194' title='bbox 993 2316 1065 2375; x_wconf 81' lang='lat' dir='ltr'>Ru·</span> <span class='ocrx_word' id='word_1_195' title='bbox 1406 2343 1528 2401; x_wconf 56' lang='lat' dir='ltr'>marm</span> <span class='ocrx_word' id='word_1_196' title='bbox 1548 2343 1627 2401; x_wconf 39' lang='lat'>4225·</span> 
     </span>
     <span class='ocr_line' id='line_1_22' title="bbox 308 2415 1064 2493; baseline -0.005 -16"><span class='ocrx_word' id='word_1_197' title='bbox 308 2418 434 2493; x_wconf 80' lang='lat' dir='ltr'>puiset,</span> <span class='ocrx_word' id='word_1_198' title='bbox 451 2415 485 2476; x_wconf 83' lang='lat' dir='ltr'>et</span> <span class='ocrx_word' id='word_1_199' title='bbox 501 2415 712 2491; x_wconf 74' lang='lat' dir='ltr'>mapistrum</span> <span class='ocrx_word' id='word_1_200' title='bbox 726 2416 766 2474; x_wconf 80' lang='lat' dir='ltr'>de</span> <span class='ocrx_word' id='word_1_201' title='bbox 782 2415 941 2483; x_wconf 82' lang='lat' dir='ltr'>Cloaneri,</span> <span class='ocrx_word' id='word_1_202' title='bbox 958 2425 1064 2473; x_wconf 78' lang='lat' dir='ltr'>cuato-</span> 
     </span>
     <span class='ocr_line' id='line_1_23' title="bbox 310 2514 654 2574; baseline -0.006 -2"><span class='ocrx_word' id='word_1_203' title='bbox 310 2517 427 2574; x_wconf 82' lang='lat' dir='ltr'>uicum</span> <span class='ocrx_word' id='word_1_204' title='bbox 446 2514 654 2573; x_wconf 81' lang='lat' dir='ltr'>Edueusem.</span> 
     </span>
    </p>
   </div>
   <div class='ocr_carea' id='block_1_6' title="bbox 531 2639 807 2701">
    <p class='ocr_par' dir='ltr' id='par_1_7' title="bbox 531 2639 807 2701">
     <span class='ocr_line' id='line_1_24' title="bbox 531 2639 807 2701; baseline -0.022 0"><span class='ocrx_word' id='word_1_205' title='bbox 531 2641 567 2701; x_wconf 79' lang='lat'>28</span> <span class='ocrx_word' id='word_1_206' title='bbox 581 2639 716 2698; x_wconf 83' lang='lat' dir='ltr'>februarii</span> <span class='ocrx_word' id='word_1_207' title='bbox 728 2639 807 2698; x_wconf 77' lang='lat' dir='ltr'>itta.</span> 
     </span>
    </p>
   </div>
   <div class='ocr_carea' id='block_1_7' title="bbox 1228 2465 1807 2531">
    <p class='ocr_par' dir='ltr' id='par_1_8' title="bbox 1228 2465 1807 2531">
     <span class='ocr_line' id='line_1_25' title="bbox 1228 2465 1807 2531; baseline -0.002 -15"><span class='ocrx_word' id='word_1_208' title='bbox 1228 2465 1368 2531; x_wconf 67' lang='lat' dir='ltr'>[Sbsralssu</span> <span class='ocrx_word' id='word_1_209' title='bbox 1381 2465 1476 2516; x_wconf 86' lang='lat' dir='ltr'>Bullar.</span> <span class='ocrx_word' id='word_1_210' title='bbox 1487 2466 1624 2524; x_wconf 74' lang='lat' dir='ltr'>Franctsa,</span> <span class='ocrx_word' id='word_1_211' title='bbox 1635 2467 1655 2524; x_wconf 91' lang='lat' dir='ltr'>l,</span> <span class='ocrx_word' id='word_1_212' title='bbox 1663 2466 1707 2525; x_wconf 79' lang='lat' dir='ltr'>st,</span> <span class='ocrx_word' id='word_1_213' title='bbox 1716 2480 1743 2516; x_wconf 88' lang='lat' dir='ltr'>n.</span> <span class='ocrx_word' id='word_1_214' title='bbox 1754 2465 1807 2530; x_wconf 74' lang='lat' dir='ltr'>itt}</span> 
     </span>
    </p>
   </div>
   <div class='ocr_carea' id='block_1_8' title="bbox 1119 2589 1964 2752">
    <p class='ocr_par' dir='ltr' id='par_1_9' title="bbox 1119 2574 1964 2752">
     <span class='ocr_line' id='line_1_26' title="bbox 1119 2589 1910 2663; baseline 0.001 -16"><span class='ocrx_word' id='word_1_215' title='bbox 1119 2590 1152 2647; x_wconf 80' lang='lat' dir='ltr'>Ei</span> <span class='ocrx_word' id='word_1_216' title='bbox 1171 2589 1324 2663; x_wconf 86' lang='lat' dir='ltr'>respondet</span> <span class='ocrx_word' id='word_1_217' title='bbox 1344 2590 1374 2646; x_wconf 91' lang='lat' dir='ltr'>iu</span> <span class='ocrx_word' id='word_1_218' title='bbox 1394 2604 1481 2648; x_wconf 87' lang='lat' dir='ltr'>causa</span> <span class='ocrx_word' id='word_1_219' title='bbox 1502 2591 1537 2648; x_wconf 78' lang='lat' dir='ltr'>A.</span> <span class='ocrx_word' id='word_1_220' title='bbox 1560 2589 1730 2663; x_wconf 66' lang='lat' dir='ltr'>mesopten,</span> <span class='ocrx_word' id='word_1_221' title='bbox 1754 2605 1844 2662; x_wconf 84' lang='lat' dir='ltr'>quem</span> <span class='ocrx_word' id='word_1_222' title='bbox 1865 2591 1910 2648; x_wconf 66' lang='lat' dir='ltr'>sl&gt;⁴</span> 
     </span>
     <span class='ocr_line' id='line_1_27' title="bbox 1153 2677 1964 2752; baseline 0.004 -17"><span class='ocrx_word' id='word_1_223' title='bbox 1153 2679 1238 2736; x_wconf 92' lang='lat' dir='ltr'>solvit</span> <span class='ocrx_word' id='word_1_224' title='bbox 1249 2679 1284 2736; x_wconf 90' lang='lat' dir='ltr'>ab</span> <span class='ocrx_word' id='word_1_225' title='bbox 1298 2680 1480 2736; x_wconf 86' lang='lat' dir='ltr'>accusatione</span> <span class='ocrx_word' id='word_1_226' title='bbox 1489 2679 1679 2752; x_wconf 82' lang='lat' dir='ltr'>quorumdam</span> <span class='ocrx_word' id='word_1_227' title='bbox 1692 2677 1814 2737; x_wconf 77' lang='lat' dir='ltr'>fratrum</span> <span class='ocrx_word' id='word_1_228' title='bbox 1829 2681 1911 2739; x_wconf 72' lang='lat' dir='ltr'>lin&gt;</span> <span class='ocrx_word' id='word_1_229' title='bbox 1963 2680 1964 2729; x_wconf 73' lang='lat' dir='ltr'>i</span> 
     </span>
    </p>
   </div>
   <div class='ocr_carea' id='block_1_9' title="bbox 296 2760 1468 2840">
    <p class='ocr_par' dir='ltr' id='par_1_10' title="bbox 296 2760 1468 2840">
     <span class='ocr_line' id='line_1_28' title="bbox 296 2760 1468 2840; baseline -0.002 -24"><span class='ocrx_word' id='word_1_230' title='bbox 296 2765 419 2830; x_wconf 64' lang='lat' dir='ltr'>mugeti„</span> <span class='ocrx_word' id='word_1_231' title='bbox 430 2764 476 2815; x_wconf 83' lang='lat' dir='ltr'>lib.</span> <span class='ocrx_word' id='word_1_232' title='bbox 487 2764 533 2824; x_wconf 79' lang='lat' dir='ltr'>lx,</span> <span class='ocrx_word' id='word_1_233' title='bbox 543 2764 617 2830; x_wconf 82' lang='lat' dir='ltr'>epist.</span> <span class='ocrx_word' id='word_1_234' title='bbox 625 2763 680 2814; x_wconf 69' lang='lat'>209.</span> <span class='ocrx_word' id='word_1_235' title='bbox 691 2764 748 2815; x_wconf 64' lang='lat' dir='ltr'>Mae.</span> <span class='ocrx_word' id='word_1_236' title='bbox 764 2762 801 2812; x_wconf 82' lang='lat' dir='ltr'>La</span> <span class='ocrx_word' id='word_1_237' title='bbox 810 2762 886 2812; x_wconf 76' lang='lat' dir='ltr'>Porio</span> <span class='ocrx_word' id='word_1_238' title='bbox 895 2761 929 2812; x_wconf 87' lang='lat' dir='ltr'>du</span> <span class='ocrx_word' id='word_1_239' title='bbox 939 2760 1033 2823; x_wconf 78' lang='lat' dir='ltr'>Theti]</span> <span class='ocrx_word' id='word_1_240' title='bbox 1153 2782 1216 2824; x_wconf 77' lang='lat' dir='ltr'>rum</span> <span class='ocrx_word' id='word_1_241' title='bbox 1229 2781 1286 2825; x_wconf 82' lang='lat' dir='ltr'>non</span> <span class='ocrx_word' id='word_1_242' title='bbox 1298 2767 1468 2840; x_wconf 67' lang='lat' dir='ltr'>juratorum,</span> 
     </span>
    </p>
   </div>
   <div class='ocr_carea' id='block_1_10' title="bbox 270 2885 1964 2981">
    <p class='ocr_par' dir='ltr' id='par_1_11' title="bbox 270 2874 1964 2981">
     <span class='ocr_line' id='line_1_29' title="bbox 270 2885 1964 2981; baseline 0.008 -32"><span class='ocrx_word' id='word_1_243' title='bbox 270 2893 324 2949; x_wconf 88' lang='lat' dir='ltr'>Dat</span> <span class='ocrx_word' id='word_1_244' title='bbox 338 2891 380 2948; x_wconf 91' lang='lat' dir='ltr'>eis</span> <span class='ocrx_word' id='word_1_245' title='bbox 398 2888 574 2960; x_wconf 86' lang='lat' dir='ltr'>provinciam</span> <span class='ocrx_word' id='word_1_246' title='bbox 594 2888 627 2945; x_wconf 88' lang='lat' dir='ltr'>G.</span> <span class='ocrx_word' id='word_1_247' title='bbox 643 2888 813 2944; x_wconf 86' lang='lat' dir='ltr'>canonicum</span> <span class='ocrx_word' id='word_1_248' title='bbox 836 2886 962 2945; x_wconf 81' lang='lat' dir='ltr'>Callian.</span> <span class='ocrx_word' id='word_1_249' title='bbox 983 2892 1012 2942; x_wconf 87' lang='lat' dir='ltr'>et</span> <span class='ocrx_word' id='word_1_250' title='bbox 1027 2885 1061 2943; x_wconf 88' lang='lat' dir='ltr'>N.</span> <span class='ocrx_word' id='word_1_251' title='bbox 1156 2903 1325 2964; x_wconf 74' lang='lat' dir='ltr'>Honorius</span> <span class='ocrx_word' id='word_1_252' title='bbox 1334 2902 1519 2981; x_wconf 86' lang='lat' dir='ltr'>episcopus,</span> <span class='ocrx_word' id='word_1_253' title='bbox 1532 2919 1648 2965; x_wconf 86' lang='lat' dir='ltr'>servus</span> <span class='ocrx_word' id='word_1_254' title='bbox 1657 2919 1836 2966; x_wconf 81' lang='lat' dir='ltr'>servorum</span> <span class='ocrx_word' id='word_1_255' title='bbox 1844 2904 1908 2971; x_wconf 85' lang='lat' dir='ltr'>Dei,</span> <span class='ocrx_word' id='word_1_256' title='bbox 1963 2894 1964 2969; x_wconf 73' lang='lat' dir='ltr'>t</span> 
     </span>
    </p>
   </div>
   <div class='ocr_carea' id='block_1_11' title="bbox 305 2973 1964 3078">
    <p class='ocr_par' dir='ltr' id='par_1_12' title="bbox 305 2973 1964 3078">
     <span class='ocr_line' id='line_1_30' title="bbox 305 2973 1964 3078; baseline 0.013 -41"><span class='ocrx_word' id='word_1_257' title='bbox 305 2976 678 3048; x_wconf 75' lang='lat' dir='ltr'>cancellariumcampaniaa</span> <span class='ocrx_word' id='word_1_258' title='bbox 689 2973 724 3031; x_wconf 90' lang='lat' dir='ltr'>ad</span> <span class='ocrx_word' id='word_1_259' title='bbox 734 2973 961 3047; x_wconf 87' lang='lat' dir='ltr'>componendam</span> <span class='ocrx_word' id='word_1_260' title='bbox 974 2973 1062 3041; x_wconf 86' lang='lat' dir='ltr'>litem,</span> <span class='ocrx_word' id='word_1_261' title='bbox 1117 3000 1302 3061; x_wconf 60' lang='lat' dir='ltr'>venerabili</span> <span class='ocrx_word' id='word_1_262' title='bbox 1322 2999 1454 3061; x_wconf 75' lang='lat' dir='ltr'>fratri...</span> <span class='ocrx_word' id='word_1_263' title='bbox 1476 3001 1631 3078; x_wconf 85' lang='lat' dir='ltr'>episcopo</span> <span class='ocrx_word' id='word_1_264' title='bbox 1651 3003 1836 3074; x_wconf 89' lang='lat' dir='ltr'>Pennensi,</span> <span class='ocrx_word' id='word_1_265' title='bbox 1861 3017 1912 3063; x_wconf 87' lang='lat' dir='ltr'>sa·</span> <span class='ocrx_word' id='word_1_266' title='bbox 1963 2986 1964 3047; x_wconf 73' lang='lat' dir='ltr'>l</span> 
     </span>
    </p>
   </div>
   <div class='ocr_carea' id='block_1_12' title="bbox 305 3062 1795 3174">
    <p class='ocr_par' dir='ltr' id='par_1_13' title="bbox 305 3062 1795 3174">
     <span class='ocr_line' id='line_1_31' title="bbox 305 3062 1795 3174; baseline -0.003 -10"><span class='ocrx_word' id='word_1_267' title='bbox 305 3081 368 3140; x_wconf 65' lang='lat' dir='ltr'>‘¹²¹ae</span> <span class='ocrx_word' id='word_1_268' title='bbox 380 3066 454 3124; x_wconf 52' lang='grc' dir='ltr'>Μ’</span> <span class='ocrx_word' id='word_1_269' title='bbox 470 3066 547 3137; x_wconf 57' lang='lat'>³⁹⁸⁰⁸</span> <span class='ocrx_word' id='word_1_270' title='bbox 561 3063 733 3133; x_wconf 56' lang='lat' dir='ltr'>venebmm’</span> <span class='ocrx_word' id='word_1_271' title='bbox 748 3062 910 3121; x_wconf 61' lang='lat' dir='ltr'>⁵⁰d¹¹⁰⁰⁰di·</span> <span class='ocrx_word' id='word_1_272' title='bbox 1117 3097 1219 3159; x_wconf 88' lang='lat' dir='ltr'>tutem</span> <span class='ocrx_word' id='word_1_273' title='bbox 1234 3099 1266 3159; x_wconf 90' lang='lat' dir='ltr'>et</span> <span class='ocrx_word' id='word_1_274' title='bbox 1281 3097 1502 3174; x_wconf 73' lang='lat' dir='ltr'>apostolicam</span> <span class='ocrx_word' id='word_1_275' title='bbox 1517 3096 1795 3160; x_wconf 89' lang='lat' dir='ltr'>benedictionem.</span> 
     </span>
    </p>
   </div>
   <div class='ocr_carea' id='block_1_13' title="bbox 265 3187 1963 5602">
    <p class='ocr_par' dir='ltr' id='par_1_14' title="bbox 269 3187 1963 3659">
     <span class='ocr_line' id='line_1_32' title="bbox 309 3187 1909 3272; baseline 0.001 -18"><span class='ocrx_word' id='word_1_276' title='bbox 309 3192 477 3254; x_wconf 88' lang='lat' dir='ltr'>Honorius</span> <span class='ocrx_word' id='word_1_277' title='bbox 488 3191 675 3267; x_wconf 89' lang='lat' dir='ltr'>episcopus,</span> <span class='ocrx_word' id='word_1_278' title='bbox 686 3187 1061 3259; x_wconf 80' lang='lat' dir='ltr'>servusserrorumllet,</span> <span class='ocrx_word' id='word_1_279' title='bbox 1158 3195 1271 3271; x_wconf 90' lang='lat' dir='ltr'>Nuper</span> <span class='ocrx_word' id='word_1_280' title='bbox 1291 3193 1387 3255; x_wconf 89' lang='lat' dir='ltr'>nobis</span> <span class='ocrx_word' id='word_1_281' title='bbox 1408 3197 1446 3254; x_wconf 85' lang='lat' dir='ltr'>A.</span> <span class='ocrx_word' id='word_1_282' title='bbox 1470 3194 1665 3271; x_wconf 88' lang='lat' dir='ltr'>presbytero</span> <span class='ocrx_word' id='word_1_283' title='bbox 1691 3194 1909 3272; x_wconf 74' lang='lat' dir='ltr'>suppilcante,</span> 
     </span>
     <span class='ocr_line' id='line_1_33' title="bbox 269 3282 1911 3367; baseline 0 -16"><span class='ocrx_word' id='word_1_284' title='bbox 269 3287 454 3351; x_wconf 85' lang='lat' dir='ltr'>venerabili</span> <span class='ocrx_word' id='word_1_285' title='bbox 476 3282 609 3349; x_wconf 86' lang='lat' dir='ltr'>fratri...</span> <span class='ocrx_word' id='word_1_286' title='bbox 636 3287 791 3364; x_wconf 90' lang='lat' dir='ltr'>episcopo</span> <span class='ocrx_word' id='word_1_287' title='bbox 818 3286 1006 3355; x_wconf 86' lang='lat' dir='ltr'>Valentino,</span> <span class='ocrx_word' id='word_1_288' title='bbox 1031 3288 1065 3346; x_wconf 88' lang='lat' dir='ltr'>et</span> <span class='ocrx_word' id='word_1_289' title='bbox 1118 3290 1911 3367; x_wconf 79' lang='lat' dir='ltr'>utcumipseordinemfratrumliiuorumcausa</span> 
     </span>
     <span class='ocr_line' id='line_1_34' title="bbox 270 3380 1911 3463; baseline 0 -16"><span class='ocrx_word' id='word_1_290' title='bbox 270 3386 399 3448; x_wconf 88' lang='lat' dir='ltr'>dilectis</span> <span class='ocrx_word' id='word_1_291' title='bbox 412 3384 528 3445; x_wconf 88' lang='lat' dir='ltr'>filiis...</span> <span class='ocrx_word' id='word_1_292' title='bbox 544 3380 656 3445; x_wconf 85' lang='lat' dir='ltr'>abbati</span> <span class='ocrx_word' id='word_1_293' title='bbox 670 3383 842 3459; x_wconf 73' lang='lat' dir='ltr'>Rapuiaci,</span> <span class='ocrx_word' id='word_1_294' title='bbox 858 3385 890 3444; x_wconf 91' lang='lat' dir='ltr'>et</span> <span class='ocrx_word' id='word_1_295' title='bbox 904 3383 1063 3458; x_wconf 84' lang='lat' dir='ltr'>magistro</span> <span class='ocrx_word' id='word_1_296' title='bbox 1118 3385 1324 3463; x_wconf 88' lang='lat' dir='ltr'>probationis</span> <span class='ocrx_word' id='word_1_297' title='bbox 1341 3385 1507 3458; x_wconf 86' lang='lat' dir='ltr'>intrasset,</span> <span class='ocrx_word' id='word_1_298' title='bbox 1524 3403 1564 3448; x_wconf 89' lang='lat' dir='ltr'>ac</span> <span class='ocrx_word' id='word_1_299' title='bbox 1576 3386 1699 3449; x_wconf 85' lang='lat' dir='ltr'>exinde</span> <span class='ocrx_word' id='word_1_300' title='bbox 1719 3388 1813 3449; x_wconf 88' lang='lat' dir='ltr'>nulla</span> <span class='ocrx_word' id='word_1_301' title='bbox 1831 3388 1911 3448; x_wconf 84' lang='lat' dir='ltr'>facta</span> 
     </span>
     <span class='ocr_line' id='line_1_35' title="bbox 270 3479 1910 3562; baseline 0.001 -18"><span class='ocrx_word' id='word_1_302' title='bbox 270 3488 308 3544; x_wconf 80' lang='grc' dir='ltr'>Α.</span> <span class='ocrx_word' id='word_1_303' title='bbox 324 3481 364 3543; x_wconf 91' lang='lat' dir='ltr'>de</span> <span class='ocrx_word' id='word_1_304' title='bbox 380 3480 533 3553; x_wconf 88' lang='lat' dir='ltr'>Clameri,</span> <span class='ocrx_word' id='word_1_305' title='bbox 560 3480 721 3541; x_wconf 90' lang='lat' dir='ltr'>canonico</span> <span class='ocrx_word' id='word_1_306' title='bbox 741 3479 896 3552; x_wconf 79' lang='lat' dir='ltr'>idduensi,</span> <span class='ocrx_word' id='word_1_307' title='bbox 922 3479 1063 3540; x_wconf 89' lang='lat' dir='ltr'>salutern</span> <span class='ocrx_word' id='word_1_308' title='bbox 1118 3482 1323 3560; x_wconf 78' lang='lat' dir='ltr'>professione</span> <span class='ocrx_word' id='word_1_309' title='bbox 1337 3483 1426 3544; x_wconf 91' lang='lat' dir='ltr'>iufra</span> <span class='ocrx_word' id='word_1_310' title='bbox 1440 3499 1564 3545; x_wconf 89' lang='lat' dir='ltr'>annum</span> <span class='ocrx_word' id='word_1_311' title='bbox 1580 3484 1716 3555; x_wconf 84' lang='lat' dir='ltr'>exisset,</span> <span class='ocrx_word' id='word_1_312' title='bbox 1734 3501 1840 3562; x_wconf 88' lang='lat' dir='ltr'>super</span> <span class='ocrx_word' id='word_1_313' title='bbox 1854 3486 1910 3546; x_wconf 84' lang='lat' dir='ltr'>troc</span> 
     </span>
     <span class='ocr_line' id='line_1_36' title="bbox 269 3574 1963 3659; baseline -0.001 -18"><span class='ocrx_word' id='word_1_314' title='bbox 269 3578 535 3655; x_wconf 83' lang='lat' dir='ltr'>etApostolicam</span> <span class='ocrx_word' id='word_1_315' title='bbox 548 3574 824 3639; x_wconf 88' lang='lat' dir='ltr'>benedictionem.</span> <span class='ocrx_word' id='word_1_316' title='bbox 1118 3579 1292 3656; x_wconf 91' lang='lat' dir='ltr'>providere</span> <span class='ocrx_word' id='word_1_317' title='bbox 1316 3580 1578 3643; x_wconf 86' lang='lat' dir='ltr'>misericorditer</span> <span class='ocrx_word' id='word_1_318' title='bbox 1598 3581 1836 3657; x_wconf 79' lang='lat' dir='ltr'>dignaremur3</span> <span class='ocrx_word' id='word_1_319' title='bbox 1856 3580 1911 3643; x_wconf 82' lang='lat' dir='ltr'>titi</span> <span class='ocrx_word' id='word_1_320' title='bbox 1962 3652 1963 3659; x_wconf 6' lang='grc' dir='ltr'>ἵ</span> 
     </span>
    </p>

    <p class='ocr_par' dir='ltr' id='par_1_15' title="bbox 265 3671 1963 5602">
     <span class='ocr_line' id='line_1_37' title="bbox 309 3671 1963 3750; baseline 0.001 -13"><span class='ocrx_word' id='word_1_321' title='bbox 309 3676 389 3737; x_wconf 82' lang='lat' dir='ltr'>orta</span> <span class='ocrx_word' id='word_1_322' title='bbox 412 3674 498 3735; x_wconf 88' lang='lat' dir='ltr'>inter</span> <span class='ocrx_word' id='word_1_323' title='bbox 520 3671 658 3736; x_wconf 90' lang='lat' dir='ltr'>dilectos</span> <span class='ocrx_word' id='word_1_324' title='bbox 682 3672 768 3734; x_wconf 86' lang='lat' dir='ltr'>illios</span> <span class='ocrx_word' id='word_1_325' title='bbox 793 3672 987 3748; x_wconf 79' lang='lat' dir='ltr'>magistrum</span> <span class='ocrx_word' id='word_1_326' title='bbox 1011 3676 1061 3745; x_wconf 71' lang='lat' dir='ltr'>G,</span> <span class='ocrx_word' id='word_1_327' title='bbox 1118 3676 1268 3741; x_wconf 89' lang='lat' dir='ltr'>dedimus</span> <span class='ocrx_word' id='word_1_328' title='bbox 1288 3677 1322 3738; x_wconf 93' lang='lat' dir='ltr'>in</span> <span class='ocrx_word' id='word_1_329' title='bbox 1342 3677 1518 3750; x_wconf 88' lang='lat' dir='ltr'>mandatis,</span> <span class='ocrx_word' id='word_1_330' title='bbox 1542 3680 1588 3750; x_wconf 89' lang='lat' dir='ltr'>ut,</span> <span class='ocrx_word' id='word_1_331' title='bbox 1614 3681 1644 3739; x_wconf 91' lang='lat' dir='ltr'>si</span> <span class='ocrx_word' id='word_1_332' title='bbox 1667 3694 1724 3740; x_wconf 89' lang='lat' dir='ltr'>res</span> <span class='ocrx_word' id='word_1_333' title='bbox 1747 3679 1912 3741; x_wconf 86' lang='lat' dir='ltr'>taliterse</span> <span class='ocrx_word' id='word_1_334' title='bbox 1962 3710 1963 3715; x_wconf 18' lang='grc' dir='ltr'><strong>κ</strong></span> 
     </span>
     <span class='ocr_line' id='line_1_38' title="bbox 271 3770 1963 3853; baseline 0.001 -18"><span class='ocrx_word' id='word_1_335' title='bbox 271 3772 466 3836; x_wconf 90' lang='lat' dir='ltr'>canonicum</span> <span class='ocrx_word' id='word_1_336' title='bbox 482 3770 642 3839; x_wconf 71' lang='lat' dir='ltr'>Cahlieu„</span> <span class='ocrx_word' id='word_1_337' title='bbox 658 3771 691 3832; x_wconf 91' lang='lat' dir='ltr'>et</span> <span class='ocrx_word' id='word_1_338' title='bbox 710 3770 947 3832; x_wconf 90' lang='lat' dir='ltr'>cancellarium</span> <span class='ocrx_word' id='word_1_339' title='bbox 963 3772 1062 3831; x_wconf 88' lang='lat' dir='ltr'>Cam·</span> <span class='ocrx_word' id='word_1_340' title='bbox 1118 3770 1267 3841; x_wconf 87' lang='lat' dir='ltr'>haberet,</span> <span class='ocrx_word' id='word_1_341' title='bbox 1292 3774 1505 3836; x_wconf 89' lang='lat' dir='ltr'>denuntiares</span> <span class='ocrx_word' id='word_1_342' title='bbox 1529 3776 1638 3852; x_wconf 89' lang='lat' dir='ltr'>ipsum</span> <span class='ocrx_word' id='word_1_343' title='bbox 1659 3776 1703 3836; x_wconf 90' lang='lat' dir='ltr'>ad</span> <span class='ocrx_word' id='word_1_344' title='bbox 1725 3777 1912 3853; x_wconf 79' lang='lat' dir='ltr'>regularem</span> <span class='ocrx_word' id='word_1_345' title='bbox 1962 3784 1963 3795; x_wconf 59' lang='lat'>¹</span> 
     </span>
     <span class='ocr_line' id='line_1_39' title="bbox 271 3866 1963 3953; baseline 0.003 -21"><span class='ocrx_word' id='word_1_346' title='bbox 271 3871 379 3948; x_wconf 87' lang='lat' dir='ltr'>paniae</span> <span class='ocrx_word' id='word_1_347' title='bbox 400 3883 500 3945; x_wconf 91' lang='lat' dir='ltr'>super</span> <span class='ocrx_word' id='word_1_348' title='bbox 518 3866 713 3945; x_wconf 86' lang='lat' dir='ltr'>quibusdam</span> <span class='ocrx_word' id='word_1_349' title='bbox 733 3867 907 3938; x_wconf 90' lang='lat' dir='ltr'>incendiis,</span> <span class='ocrx_word' id='word_1_350' title='bbox 929 3882 1064 3928; x_wconf 87' lang='lat' dir='ltr'>succes·</span> <span class='ocrx_word' id='word_1_351' title='bbox 1118 3870 1363 3933; x_wconf 81' lang='lat' dir='ltr'>observantiam</span> <span class='ocrx_word' id='word_1_352' title='bbox 1380 3889 1447 3934; x_wconf 92' lang='lat' dir='ltr'>non</span> <span class='ocrx_word' id='word_1_353' title='bbox 1467 3874 1584 3934; x_wconf 91' lang='lat' dir='ltr'>teneri.</span> <span class='ocrx_word' id='word_1_354' title='bbox 1606 3875 1702 3935; x_wconf 89' lang='lat' dir='ltr'>Dicto</span> <span class='ocrx_word' id='word_1_355' title='bbox 1718 3890 1799 3951; x_wconf 80' lang='lat' dir='ltr'>ergo</span> <span class='ocrx_word' id='word_1_356' title='bbox 1817 3892 1910 3953; x_wconf 77' lang='lat' dir='ltr'>pres-</span> <span class='ocrx_word' id='word_1_357' title='bbox 1962 3904 1963 3915; x_wconf 24' lang='grc' dir='ltr'><strong>κ</strong></span> 
     </span>
     <span class='ocr_line' id='line_1_40' title="bbox 265 3964 1911 4049; baseline 0.001 -20"><span class='ocrx_word' id='word_1_358' title='bbox 265 3965 562 4036; x_wconf 87' lang='lat' dir='ltr'>sionevinearum,</span> <span class='ocrx_word' id='word_1_359' title='bbox 577 3964 704 4042; x_wconf 92' lang='lat' dir='ltr'>proprii</span> <span class='ocrx_word' id='word_1_360' title='bbox 725 3965 875 4040; x_wconf 88' lang='lat' dir='ltr'>eorporis</span> <span class='ocrx_word' id='word_1_361' title='bbox 898 3965 1061 4042; x_wconf 87' lang='lat' dir='ltr'>captione,</span> <span class='ocrx_word' id='word_1_362' title='bbox 1118 3968 1244 4045; x_wconf 79' lang='lat' dir='ltr'>bytero,</span> <span class='ocrx_word' id='word_1_363' title='bbox 1261 3971 1293 4030; x_wconf 89' lang='lat' dir='ltr'>et</span> <span class='ocrx_word' id='word_1_364' title='bbox 1312 3968 1414 4030; x_wconf 89' lang='lat' dir='ltr'>fratre</span> <span class='ocrx_word' id='word_1_365' title='bbox 1435 3969 1589 4032; x_wconf 84' lang='lat' dir='ltr'>Julianus</span> <span class='ocrx_word' id='word_1_366' title='bbox 1612 3972 1648 4031; x_wconf 89' lang='lat' dir='ltr'>iu</span> <span class='ocrx_word' id='word_1_367' title='bbox 1671 3972 1826 4049; x_wconf 86' lang='lat' dir='ltr'>partibus</span> <span class='ocrx_word' id='word_1_368' title='bbox 1851 3973 1911 4034; x_wconf 88' lang='lat' dir='ltr'>tuis</span> 
     </span>
     <span class='ocr_line' id='line_1_41' title="bbox 272 4060 1963 4146; baseline 0.002 -21"><span class='ocrx_word' id='word_1_369' title='bbox 272 4065 305 4127; x_wconf 89' lang='lat' dir='ltr'>et</span> <span class='ocrx_word' id='word_1_370' title='bbox 330 4062 429 4125; x_wconf 91' lang='lat' dir='ltr'>rebus</span> <span class='ocrx_word' id='word_1_371' title='bbox 453 4062 530 4123; x_wconf 91' lang='lat' dir='ltr'>aliis</span> <span class='ocrx_word' id='word_1_372' title='bbox 560 4061 782 4138; x_wconf 88' lang='lat' dir='ltr'>quaestione...</span> <span class='ocrx_word' id='word_1_373' title='bbox 812 4060 923 4122; x_wconf 87' lang='lat' dir='ltr'>abbati</span> <span class='ocrx_word' id='word_1_374' title='bbox 951 4061 1062 4122; x_wconf 85' lang='lat' dir='ltr'>Sancti</span> <span class='ocrx_word' id='word_1_375' title='bbox 1118 4065 1284 4127; x_wconf 88' lang='lat' dir='ltr'>Minorum</span> <span class='ocrx_word' id='word_1_376' title='bbox 1299 4064 1439 4126; x_wconf 89' lang='lat' dir='ltr'>fratrum</span> <span class='ocrx_word' id='word_1_377' title='bbox 1461 4068 1597 4129; x_wconf 89' lang='lat' dir='ltr'>custode</span> <span class='ocrx_word' id='word_1_378' title='bbox 1617 4083 1694 4129; x_wconf 92' lang='lat' dir='ltr'>cum</span> <span class='ocrx_word' id='word_1_379' title='bbox 1716 4070 1911 4146; x_wconf 81' lang='lat' dir='ltr'>quibusdam</span> <span class='ocrx_word' id='word_1_380' title='bbox 1962 4074 1963 4099; x_wconf 66' lang='lat'>¹</span> 
     </span>
     <span class='ocr_line' id='line_1_42' title="bbox 272 4157 1912 4239; baseline 0.002 -16"><span class='ocrx_word' id='word_1_381' title='bbox 272 4159 432 4237; x_wconf 88' lang='lat' dir='ltr'>Stephani</span> <span class='ocrx_word' id='word_1_382' title='bbox 456 4161 488 4220; x_wconf 91' lang='lat' dir='ltr'>et</span> <span class='ocrx_word' id='word_1_383' title='bbox 512 4157 649 4233; x_wconf 85' lang='lat' dir='ltr'>collegis</span> <span class='ocrx_word' id='word_1_384' title='bbox 675 4158 780 4234; x_wconf 90' lang='lat' dir='ltr'>ipsius</span> <span class='ocrx_word' id='word_1_385' title='bbox 807 4158 1011 4235; x_wconf 87' lang='lat' dir='ltr'>scripsimus,</span> <span class='ocrx_word' id='word_1_386' title='bbox 1028 4158 1064 4219; x_wconf 91' lang='lat' dir='ltr'>ut</span> <span class='ocrx_word' id='word_1_387' title='bbox 1118 4160 1194 4222; x_wconf 90' lang='lat' dir='ltr'>aliis</span> <span class='ocrx_word' id='word_1_388' title='bbox 1214 4162 1349 4238; x_wconf 91' lang='lat' dir='ltr'>propter</span> <span class='ocrx_word' id='word_1_389' title='bbox 1370 4161 1433 4223; x_wconf 91' lang='lat' dir='ltr'>hoc</span> <span class='ocrx_word' id='word_1_390' title='bbox 1452 4162 1487 4222; x_wconf 92' lang='lat' dir='ltr'>in</span> <span class='ocrx_word' id='word_1_391' title='bbox 1506 4165 1563 4223; x_wconf 89' lang='lat' dir='ltr'>tua</span> <span class='ocrx_word' id='word_1_392' title='bbox 1586 4166 1769 4239; x_wconf 79' lang='lat' dir='ltr'>prasentia</span> <span class='ocrx_word' id='word_1_393' title='bbox 1788 4165 1912 4227; x_wconf 89' lang='lat' dir='ltr'>consti·</span> 
     </span>
     <span class='ocr_line' id='line_1_43' title="bbox 271 4254 1911 4340; baseline 0.001 -21"><span class='ocrx_word' id='word_1_394' title='bbox 271 4274 406 4319; x_wconf 87' lang='lat' dir='ltr'>causam</span> <span class='ocrx_word' id='word_1_395' title='bbox 419 4254 584 4324; x_wconf 90' lang='lat' dir='ltr'>audirent,</span> <span class='ocrx_word' id='word_1_396' title='bbox 600 4256 633 4316; x_wconf 90' lang='lat' dir='ltr'>et</span> <span class='ocrx_word' id='word_1_397' title='bbox 644 4270 717 4316; x_wconf 89' lang='lat' dir='ltr'>eam</span> <span class='ocrx_word' id='word_1_398' title='bbox 731 4255 772 4316; x_wconf 89' lang='lat' dir='ltr'>ad</span> <span class='ocrx_word' id='word_1_399' title='bbox 785 4271 845 4316; x_wconf 91' lang='lat' dir='ltr'>nos</span> <span class='ocrx_word' id='word_1_400' title='bbox 859 4255 1064 4317; x_wconf 89' lang='lat' dir='ltr'>remitterent</span> <span class='ocrx_word' id='word_1_401' title='bbox 1117 4258 1208 4327; x_wconf 89' lang='lat' dir='ltr'>tutis,</span> <span class='ocrx_word' id='word_1_402' title='bbox 1242 4257 1350 4319; x_wconf 89' lang='lat' dir='ltr'>dictus</span> <span class='ocrx_word' id='word_1_403' title='bbox 1379 4261 1489 4320; x_wconf 89' lang='lat' dir='ltr'>custos</span> <span class='ocrx_word' id='word_1_404' title='bbox 1515 4260 1557 4320; x_wconf 91' lang='lat' dir='ltr'>ad</span> <span class='ocrx_word' id='word_1_405' title='bbox 1581 4262 1804 4336; x_wconf 87' lang='lat' dir='ltr'>probandum,</span> <span class='ocrx_word' id='word_1_406' title='bbox 1829 4260 1911 4340; x_wconf 88' lang='lat' dir='ltr'>qnod</span> 
     </span>
     <span class='ocr_line' id='line_1_44' title="bbox 273 4353 1912 4438; baseline 0.003 -21"><span class='ocrx_word' id='word_1_407' title='bbox 273 4356 477 4417; x_wconf 80' lang='lat' dir='ltr'>srrfdcienter</span> <span class='ocrx_word' id='word_1_408' title='bbox 509 4354 716 4425; x_wconf 88' lang='lat' dir='ltr'>instructam,</span> <span class='ocrx_word' id='word_1_409' title='bbox 746 4353 955 4430; x_wconf 82' lang='lat' dir='ltr'>praefigentes</span> <span class='ocrx_word' id='word_1_410' title='bbox 984 4370 1065 4430; x_wconf 91' lang='lat' dir='ltr'>par·</span> <span class='ocrx_word' id='word_1_411' title='bbox 1118 4354 1204 4416; x_wconf 90' lang='lat' dir='ltr'>idem</span> <span class='ocrx_word' id='word_1_412' title='bbox 1218 4355 1390 4433; x_wconf 76' lang='lat' dir='ltr'>presbyter</span> <span class='ocrx_word' id='word_1_413' title='bbox 1401 4356 1642 4432; x_wconf 89' lang='lat' dir='ltr'>professionem</span> <span class='ocrx_word' id='word_1_414' title='bbox 1658 4356 1805 4433; x_wconf 89' lang='lat' dir='ltr'>fecisset,</span> <span class='ocrx_word' id='word_1_415' title='bbox 1821 4377 1912 4438; x_wconf 85' lang='lat' dir='ltr'>quos·</span> 
     </span>
     <span class='ocr_line' id='line_1_45' title="bbox 271 4451 1909 4535; baseline 0.001 -20"><span class='ocrx_word' id='word_1_416' title='bbox 271 4451 360 4515; x_wconf 88' lang='lat' dir='ltr'>tibus</span> <span class='ocrx_word' id='word_1_417' title='bbox 382 4451 572 4520; x_wconf 90' lang='lat' dir='ltr'>terminum,</span> <span class='ocrx_word' id='word_1_418' title='bbox 598 4466 662 4527; x_wconf 88' lang='lat' dir='ltr'>quo</span> <span class='ocrx_word' id='word_1_419' title='bbox 682 4452 796 4511; x_wconf 92' lang='lat' dir='ltr'>nostro</span> <span class='ocrx_word' id='word_1_420' title='bbox 818 4466 854 4511; x_wconf 90' lang='lat' dir='ltr'>se</span> <span class='ocrx_word' id='word_1_421' title='bbox 874 4451 1064 4527; x_wconf 89' lang='lat' dir='ltr'>conspectui</span> <span class='ocrx_word' id='word_1_422' title='bbox 1118 4451 1193 4512; x_wconf 91' lang='lat' dir='ltr'>dam</span> <span class='ocrx_word' id='word_1_423' title='bbox 1207 4451 1334 4512; x_wconf 89' lang='lat' dir='ltr'>ordinis</span> <span class='ocrx_word' id='word_1_424' title='bbox 1343 4451 1396 4512; x_wconf 89' lang='lat' dir='ltr'>sui</span> <span class='ocrx_word' id='word_1_425' title='bbox 1409 4454 1510 4515; x_wconf 89' lang='lat' dir='ltr'>testes</span> <span class='ocrx_word' id='word_1_426' title='bbox 1523 4454 1667 4527; x_wconf 81' lang='lat' dir='ltr'>induxit,</span> <span class='ocrx_word' id='word_1_427' title='bbox 1679 4458 1737 4534; x_wconf 90' lang='lat' dir='ltr'>qui</span> <span class='ocrx_word' id='word_1_428' title='bbox 1749 4458 1909 4535; x_wconf 87' lang='lat' dir='ltr'>deposue-</span> 
     </span>
     <span class='ocr_line' id='line_1_46' title="bbox 272 4547 1909 4631; baseline 0.003 -22"><span class='ocrx_word' id='word_1_429' title='bbox 272 4548 523 4627; x_wconf 90' lang='lat' dir='ltr'>praesentarent,</span> <span class='ocrx_word' id='word_1_430' title='bbox 550 4547 748 4608; x_wconf 89' lang='lat' dir='ltr'>seutentiam</span> <span class='ocrx_word' id='word_1_431' title='bbox 778 4548 971 4623; x_wconf 88' lang='lat' dir='ltr'>recepturae.</span> <span class='ocrx_word' id='word_1_432' title='bbox 998 4549 1065 4608; x_wconf 89' lang='lat' dir='ltr'>Re-</span> <span class='ocrx_word' id='word_1_433' title='bbox 1118 4548 1196 4609; x_wconf 88' lang='lat' dir='ltr'>runt</span> <span class='ocrx_word' id='word_1_434' title='bbox 1222 4564 1323 4626; x_wconf 91' lang='lat' dir='ltr'>super</span> <span class='ocrx_word' id='word_1_435' title='bbox 1342 4548 1416 4621; x_wconf 88' lang='lat' dir='ltr'>hoc,</span> <span class='ocrx_word' id='word_1_436' title='bbox 1431 4548 1681 4614; x_wconf 73' lang='lat' dir='ltr'>conuadicente</span> <span class='ocrx_word' id='word_1_437' title='bbox 1708 4550 1909 4631; x_wconf 77' lang='lat' dir='ltr'>presbytero,</span> 
     </span>
     <span class='ocr_line' id='line_1_47' title="bbox 272 4643 1911 4729; baseline 0.004 -23"><span class='ocrx_word' id='word_1_438' title='bbox 272 4647 374 4706; x_wconf 89' lang='lat' dir='ltr'>misso</span> <span class='ocrx_word' id='word_1_439' title='bbox 389 4645 501 4721; x_wconf 83' lang='lat' dir='ltr'>itaque</span> <span class='ocrx_word' id='word_1_440' title='bbox 523 4644 562 4704; x_wconf 90' lang='lat' dir='ltr'>ad</span> <span class='ocrx_word' id='word_1_441' title='bbox 579 4661 639 4705; x_wconf 90' lang='lat' dir='ltr'>nos</span> <span class='ocrx_word' id='word_1_442' title='bbox 655 4643 788 4720; x_wconf 83' lang='lat' dir='ltr'>negotio</span> <span class='ocrx_word' id='word_1_443' title='bbox 809 4644 843 4704; x_wconf 90' lang='lat' dir='ltr'>in</span> <span class='ocrx_word' id='word_1_444' title='bbox 863 4643 1005 4705; x_wconf 90' lang='lat' dir='ltr'>termino</span> <span class='ocrx_word' id='word_1_445' title='bbox 1022 4644 1064 4704; x_wconf 88' lang='lat' dir='ltr'>ab</span> <span class='ocrx_word' id='word_1_446' title='bbox 1117 4660 1184 4707; x_wconf 91' lang='lat' dir='ltr'>non</span> <span class='ocrx_word' id='word_1_447' title='bbox 1201 4646 1317 4723; x_wconf 77' lang='lat' dir='ltr'>jurati.</span> <span class='ocrx_word' id='word_1_448' title='bbox 1339 4646 1432 4708; x_wconf 90' lang='lat' dir='ltr'>Unde</span> <span class='ocrx_word' id='word_1_449' title='bbox 1451 4647 1609 4727; x_wconf 86' lang='lat' dir='ltr'>praefatus</span> <span class='ocrx_word' id='word_1_450' title='bbox 1628 4650 1806 4729; x_wconf 76' lang='lat' dir='ltr'>presbyter</span> <span class='ocrx_word' id='word_1_451' title='bbox 1817 4667 1911 4712; x_wconf 68' lang='lat' dir='ltr'>ame-</span> 
     </span>
     <span class='ocr_line' id='line_1_48' title="bbox 273 4739 1962 4829; baseline 0.005 -25"><span class='ocrx_word' id='word_1_452' title='bbox 273 4742 399 4804; x_wconf 89' lang='lat' dir='ltr'>eisdem</span> <span class='ocrx_word' id='word_1_453' title='bbox 411 4740 580 4817; x_wconf 77' lang='lat' dir='ltr'>iudicibus</span> <span class='ocrx_word' id='word_1_454' title='bbox 596 4740 776 4816; x_wconf 81' lang='lat' dir='ltr'>assignato,</span> <span class='ocrx_word' id='word_1_455' title='bbox 791 4742 824 4802; x_wconf 90' lang='lat' dir='ltr'>et</span> <span class='ocrx_word' id='word_1_456' title='bbox 838 4739 952 4801; x_wconf 88' lang='lat' dir='ltr'>eodem</span> <span class='ocrx_word' id='word_1_457' title='bbox 971 4744 1007 4801; x_wconf 84' lang='lat' dir='ltr'>G.</span> <span class='ocrx_word' id='word_1_458' title='bbox 1025 4757 1064 4802; x_wconf 92' lang='lat' dir='ltr'>ac</span> <span class='ocrx_word' id='word_1_459' title='bbox 1116 4741 1722 4808; x_wconf 87' lang='lat' dir='ltr'>rebateorumtestimouiumnullum</span> <span class='ocrx_word' id='word_1_460' title='bbox 1736 4763 1914 4826; x_wconf 51' lang='lat' dir='ltr'>essapraL</span> <span class='ocrx_word' id='word_1_461' title='bbox 1961 4822 1962 4829; x_wconf 7' lang='grc' dir='ltr'>ἵ</span> 
     </span>
     <span class='ocr_line' id='line_1_49' title="bbox 273 4836 1962 4921; baseline 0.005 -22"><span class='ocrx_word' id='word_1_462' title='bbox 273 4840 488 4916; x_wconf 88' lang='lat' dir='ltr'>procuratore</span> <span class='ocrx_word' id='word_1_463' title='bbox 517 4837 623 4913; x_wconf 91' lang='lat' dir='ltr'>partis</span> <span class='ocrx_word' id='word_1_464' title='bbox 657 4837 795 4897; x_wconf 90' lang='lat' dir='ltr'>alterius</span> <span class='ocrx_word' id='word_1_465' title='bbox 827 4836 913 4913; x_wconf 92' lang='lat' dir='ltr'>apud</span> <span class='ocrx_word' id='word_1_466' title='bbox 947 4838 1063 4899; x_wconf 80' lang='lat' dir='ltr'>sedern</span> <span class='ocrx_word' id='word_1_467' title='bbox 1119 4839 1206 4901; x_wconf 91' lang='lat' dir='ltr'>dicto</span> <span class='ocrx_word' id='word_1_468' title='bbox 1231 4839 1415 4915; x_wconf 89' lang='lat' dir='ltr'>replicante</span> <span class='ocrx_word' id='word_1_469' title='bbox 1441 4841 1587 4909; x_wconf 87' lang='lat' dir='ltr'>custode,</span> <span class='ocrx_word' id='word_1_470' title='bbox 1615 4844 1705 4920; x_wconf 87' lang='lat' dir='ltr'>quod</span> <span class='ocrx_word' id='word_1_471' title='bbox 1734 4847 1912 4907; x_wconf 89' lang='lat' dir='ltr'>secundum</span> <span class='ocrx_word' id='word_1_472' title='bbox 1961 4844 1962 4921; x_wconf 55' lang='lat' dir='ltr'>t</span> 
     </span>
     <span class='ocr_line' id='line_1_50' title="bbox 273 4934 1962 5021; baseline 0.007 -22"><span class='ocrx_word' id='word_1_473' title='bbox 273 4935 497 5013; x_wconf 88' lang='lat' dir='ltr'>Apostolicam</span> <span class='ocrx_word' id='word_1_474' title='bbox 512 4934 710 5006; x_wconf 89' lang='lat' dir='ltr'>constitutis,</span> <span class='ocrx_word' id='word_1_475' title='bbox 723 4934 843 4996; x_wconf 93' lang='lat' dir='ltr'>dilecto</span> <span class='ocrx_word' id='word_1_476' title='bbox 859 4934 927 4995; x_wconf 91' lang='lat' dir='ltr'>filio</span> <span class='ocrx_word' id='word_1_477' title='bbox 941 4935 1066 5011; x_wconf 82' lang='lat' dir='ltr'>magis·</span> <span class='ocrx_word' id='word_1_478' title='bbox 1119 4936 1246 4998; x_wconf 90' lang='lat' dir='ltr'>ordinis</span> <span class='ocrx_word' id='word_1_479' title='bbox 1268 4937 1320 4997; x_wconf 89' lang='lat' dir='ltr'>sui</span> <span class='ocrx_word' id='word_1_480' title='bbox 1345 4936 1494 5011; x_wconf 84' lang='lat' dir='ltr'>regulam</span> <span class='ocrx_word' id='word_1_481' title='bbox 1513 4940 1632 5015; x_wconf 77' lang='lat' dir='ltr'>jurare</span> <span class='ocrx_word' id='word_1_482' title='bbox 1654 4957 1722 5003; x_wconf 91' lang='lat' dir='ltr'>non</span> <span class='ocrx_word' id='word_1_483' title='bbox 1750 4944 1911 5021; x_wconf 82' lang='lat' dir='ltr'>poterant.</span> <span class='ocrx_word' id='word_1_484' title='bbox 1961 4952 1962 5011; x_wconf 67' lang='grc' dir='ltr'><strong>ἐ</strong></span> 
     </span>
     <span class='ocr_line' id='line_1_51' title="bbox 272 5030 1912 5117; baseline 0.004 -22"><span class='ocrx_word' id='word_1_485' title='bbox 272 5037 325 5096; x_wconf 90' lang='lat' dir='ltr'>tro</span> <span class='ocrx_word' id='word_1_486' title='bbox 339 5034 376 5094; x_wconf 89' lang='grc' dir='ltr'>Ο.</span> <span class='ocrx_word' id='word_1_487' title='bbox 399 5030 601 5092; x_wconf 88' lang='lat' dir='ltr'>subdiacono</span> <span class='ocrx_word' id='word_1_488' title='bbox 616 5036 649 5093; x_wconf 91' lang='lat' dir='ltr'>et</span> <span class='ocrx_word' id='word_1_489' title='bbox 668 5030 838 5108; x_wconf 89' lang='lat' dir='ltr'>capellano</span> <span class='ocrx_word' id='word_1_490' title='bbox 859 5035 971 5094; x_wconf 87' lang='lat' dir='ltr'>nostro</span> <span class='ocrx_word' id='word_1_491' title='bbox 984 5047 1067 5093; x_wconf 90' lang='lat' dir='ltr'>con·</span> <span class='ocrx_word' id='word_1_492' title='bbox 1118 5048 1180 5094; x_wconf 90' lang='lat' dir='ltr'>nec</span> <span class='ocrx_word' id='word_1_493' title='bbox 1191 5032 1369 5107; x_wconf 73' lang='lat' dir='ltr'>dehebant,</span> <span class='ocrx_word' id='word_1_494' title='bbox 1383 5034 1441 5094; x_wconf 90' lang='lat' dir='ltr'>sed</span> <span class='ocrx_word' id='word_1_495' title='bbox 1455 5051 1567 5096; x_wconf 90' lang='lat' dir='ltr'>eorum</span> <span class='ocrx_word' id='word_1_496' title='bbox 1581 5038 1695 5099; x_wconf 87' lang='lat' dir='ltr'>verbis</span> <span class='ocrx_word' id='word_1_497' title='bbox 1708 5040 1912 5117; x_wconf 80' lang='lat' dir='ltr'>simplicibus</span> 
     </span>
     <span class='ocr_line' id='line_1_52' title="bbox 272 5128 1913 5213; baseline 0.002 -20"><span class='ocrx_word' id='word_1_498' title='bbox 272 5130 489 5193; x_wconf 89' lang='lat' dir='ltr'>tradictarum</span> <span class='ocrx_word' id='word_1_499' title='bbox 525 5128 710 5189; x_wconf 88' lang='lat' dir='ltr'>litterarum</span> <span class='ocrx_word' id='word_1_500' title='bbox 746 5128 891 5191; x_wconf 88' lang='lat' dir='ltr'>auditori</span> <span class='ocrx_word' id='word_1_501' title='bbox 922 5129 1063 5190; x_wconf 90' lang='lat' dir='ltr'>commi·</span> <span class='ocrx_word' id='word_1_502' title='bbox 1118 5131 1155 5190; x_wconf 92' lang='lat' dir='ltr'>in</span> <span class='ocrx_word' id='word_1_503' title='bbox 1178 5129 1368 5205; x_wconf 84' lang='lat' dir='ltr'>hujusmodi</span> <span class='ocrx_word' id='word_1_504' title='bbox 1392 5131 1545 5192; x_wconf 89' lang='lat' dir='ltr'>standum</span> <span class='ocrx_word' id='word_1_505' title='bbox 1569 5136 1658 5209; x_wconf 88' lang='lat' dir='ltr'>erat;</span> <span class='ocrx_word' id='word_1_506' title='bbox 1692 5153 1796 5213; x_wconf 87' lang='lat' dir='ltr'>quare</span> <span class='ocrx_word' id='word_1_507' title='bbox 1819 5137 1913 5198; x_wconf 85' lang='lat' dir='ltr'>nubis</span> 
     </span>
     <span class='ocr_line' id='line_1_53' title="bbox 272 5225 1914 5309; baseline 0.004 -21"><span class='ocrx_word' id='word_1_508' title='bbox 272 5228 377 5288; x_wconf 90' lang='lat' dir='ltr'>simus</span> <span class='ocrx_word' id='word_1_509' title='bbox 419 5225 610 5303; x_wconf 88' lang='lat' dir='ltr'>specialiter</span> <span class='ocrx_word' id='word_1_510' title='bbox 653 5226 853 5286; x_wconf 91' lang='lat' dir='ltr'>audiendum</span> <span class='ocrx_word' id='word_1_511' title='bbox 897 5226 1072 5302; x_wconf 83' lang='lat' dir='ltr'>negotium¹</span> <span class='ocrx_word' id='word_1_512' title='bbox 1119 5225 1291 5288; x_wconf 88' lang='lat' dir='ltr'>humiliter</span> <span class='ocrx_word' id='word_1_513' title='bbox 1307 5227 1513 5303; x_wconf 88' lang='lat' dir='ltr'>supplicasti,</span> <span class='ocrx_word' id='word_1_514' title='bbox 1537 5230 1574 5290; x_wconf 92' lang='lat' dir='ltr'>ut</span> <span class='ocrx_word' id='word_1_515' title='bbox 1591 5231 1671 5307; x_wconf 82' lang='lat' dir='ltr'>quid</span> <span class='ocrx_word' id='word_1_516' title='bbox 1692 5234 1860 5309; x_wconf 79' lang='lat' dir='ltr'>agendum</span> <span class='ocrx_word' id='word_1_517' title='bbox 1874 5236 1914 5295; x_wconf 86' lang='lat' dir='ltr'>sit</span> 
     </span>
     <span class='ocr_line' id='line_1_54' title="bbox 273 5320 1915 5396; baseline 0.006 -12"><span class='ocrx_word' id='word_1_518' title='bbox 273 5321 501 5392; x_wconf 89' lang='lat' dir='ltr'>memoratum,</span> <span class='ocrx_word' id='word_1_519' title='bbox 514 5320 549 5380; x_wconf 89' lang='lat' dir='ltr'>in</span> <span class='ocrx_word' id='word_1_520' title='bbox 562 5322 655 5396; x_wconf 90' lang='lat' dir='ltr'>cujus</span> <span class='ocrx_word' id='word_1_521' title='bbox 671 5320 848 5396; x_wconf 88' lang='lat' dir='ltr'>praesentia</span> <span class='ocrx_word' id='word_1_522' title='bbox 861 5336 935 5382; x_wconf 92' lang='lat' dir='ltr'>cum</span> <span class='ocrx_word' id='word_1_523' title='bbox 948 5320 1066 5383; x_wconf 87' lang='lat' dir='ltr'>fuisset</span> <span class='ocrx_word' id='word_1_524' title='bbox 1118 5323 1191 5395; x_wconf 87' lang='lat' dir='ltr'>tibi,</span> <span class='ocrx_word' id='word_1_525' title='bbox 1221 5324 1254 5385; x_wconf 90' lang='lat' dir='ltr'>te</span> <span class='ocrx_word' id='word_1_526' title='bbox 1281 5324 1495 5386; x_wconf 91' lang='lat' dir='ltr'>redderemus</span> <span class='ocrx_word' id='word_1_527' title='bbox 1532 5328 1657 5389; x_wconf 89' lang='lat' dir='ltr'>nostris</span> <span class='ocrx_word' id='word_1_528' title='bbox 1687 5330 1809 5392; x_wconf 86' lang='lat' dir='ltr'>litteris</span> <span class='ocrx_word' id='word_1_529' title='bbox 1841 5348 1915 5394; x_wconf 84' lang='lat' dir='ltr'>oer-</span> 
     </span>
     <span class='ocr_line' id='line_1_55' title="bbox 273 5416 1914 5497; baseline 0.004 -17"><span class='ocrx_word' id='word_1_530' title='bbox 273 5419 464 5494; x_wconf 80' lang='lat' dir='ltr'>allegatum,</span> <span class='ocrx_word' id='word_1_531' title='bbox 492 5418 526 5479; x_wconf 92' lang='lat' dir='ltr'>et</span> <span class='ocrx_word' id='word_1_532' title='bbox 553 5416 753 5494; x_wconf 88' lang='lat' dir='ltr'>disputatum</span> <span class='ocrx_word' id='word_1_533' title='bbox 787 5417 865 5479; x_wconf 90' lang='lat' dir='ltr'>hinc</span> <span class='ocrx_word' id='word_1_534' title='bbox 900 5417 988 5489; x_wconf 90' lang='lat' dir='ltr'>inde,</span> <span class='ocrx_word' id='word_1_535' title='bbox 1026 5434 1066 5480; x_wconf 89' lang='lat' dir='ltr'>ac</span> <span class='ocrx_word' id='word_1_536' title='bbox 1118 5420 1250 5481; x_wconf 83' lang='lat' dir='ltr'>tionem.</span> <span class='ocrx_word' id='word_1_537' title='bbox 1273 5418 1342 5483; x_wconf 88' lang='lat' dir='ltr'>Nos</span> <span class='ocrx_word' id='word_1_538' title='bbox 1363 5437 1442 5497; x_wconf 80' lang='lat' dir='ltr'>ergo</span> <span class='ocrx_word' id='word_1_539' title='bbox 1462 5421 1665 5486; x_wconf 75' lang='lat' dir='ltr'>fraternitati</span> <span class='ocrx_word' id='word_1_540' title='bbox 1684 5428 1749 5487; x_wconf 85' lang='lat' dir='ltr'>tuae</span> <span class='ocrx_word' id='word_1_541' title='bbox 1765 5429 1914 5489; x_wconf 84' lang='lat' dir='ltr'>breviter</span> 
     </span>
     <span class='ocr_line' id='line_1_56' title="bbox 274 5514 1915 5602; baseline 0.007 -28"><span class='ocrx_word' id='word_1_542' title='bbox 274 5516 345 5591; x_wconf 89' lang='lat' dir='ltr'>ipse</span> <span class='ocrx_word' id='word_1_543' title='bbox 364 5530 463 5592; x_wconf 92' lang='lat' dir='ltr'>super</span> <span class='ocrx_word' id='word_1_544' title='bbox 478 5514 531 5575; x_wconf 88' lang='lat' dir='ltr'>his</span> <span class='ocrx_word' id='word_1_545' title='bbox 551 5531 624 5591; x_wconf 85' lang='lat' dir='ltr'>quae</span> <span class='ocrx_word' id='word_1_546' title='bbox 641 5529 750 5576; x_wconf 89' lang='lat' dir='ltr'>coram</span> <span class='ocrx_word' id='word_1_547' title='bbox 774 5530 813 5576; x_wconf 87' lang='lat' dir='ltr'>eo</span> <span class='ocrx_word' id='word_1_548' title='bbox 835 5517 910 5576; x_wconf 87' lang='lat' dir='ltr'>acta</span> <span class='ocrx_word' id='word_1_549' title='bbox 934 5514 1067 5578; x_wconf 91' lang='lat' dir='ltr'>fuerant</span> <span class='ocrx_word' id='word_1_550' title='bbox 1119 5517 1368 5595; x_wconf 88' lang='lat' dir='ltr'>respondemus,</span> <span class='ocrx_word' id='word_1_551' title='bbox 1381 5518 1466 5595; x_wconf 84' lang='lat' dir='ltr'>quod</span> <span class='ocrx_word' id='word_1_552' title='bbox 1478 5519 1915 5602; x_wconf 83' lang='lat' dir='ltr'>nullustestimonio,quan-</span> 
     </span>
    </p>
   </div>
   <div class='ocr_carea' id='block_1_14' title="bbox 0 0 1982 6196">
    <p class='ocr_par' dir='ltr' id='par_1_16' title="bbox 0 0 1982 6196">
     <span class='ocr_line' id='line_1_57' title="bbox 0 0 1982 6196; baseline 0 0"><span class='ocrx_word' id='word_1_553' title='bbox 0 0 1982 6196; x_wconf 95' lang='lat' dir='ltr'> </span> 
     </span>
    </p>
   </div>
  </div>
 </body>
</html>
