3972 6204
724 389 979 455 ‚EPISTOLAE.
1003 390 1080 450 LIB.
1105 386 1160 449 IX.

451 556 611 643 CLVIII

149 788 151 791 Ι
178 710 231 767 Au
259 711 302 768 Β.
322 707 495 768 rectorem
515 706 549 768 et
574 710 716 769 clericos
741 709 889 768 ecclesie

206 807 241 865 8.
255 806 403 865 Secundi
418 806 672 879 Eripzcbc'nensts
686 805 853 865 diaecesis.

425 943 457 1000 16
476 941 544 1000 maii
565 942 642 1000 1225.

282 1066 399 1130 [Sunius
415 1066 450 1117 lie
467 1065 576 1131 episcop.
594 1066 703 1130 liugub„
716 1065 784 1130 l32.]

130 1192 284 1249 senarium
298 1192 465 1251 clericorum
480 1204 631 1248 numerum
652 1204 667 1247 a
686 1190 810 1259 villano,
826 1191 924 1263 liugu-

166 1279 236 1339 binc
248 1280 384 1352 episcopo
392 1286 518 1347 tanatum
527 1285 555 1336 et
563 1278 733 1346 institutum,
742 1277 825 1336 dicte
832 1279 924 1357 ecele-

167 1368 218 1425 sie
236 1367 396 1425 confirmat.

1687 470 1700 478 .
1720 386 1780 447 ass

982 547 1069 609 idem
1092 548 1226 610 sanctus
1244 546 1401 624 migravit
1420 545 1461 611 ad
1483 546 1658 609 Dominum
1673 560 1779 624 usque

983 644 1109 707 adsue
1139 646 1288 721 tempora
1311 658 1522 722 nequaquam
1550 644 1592 706 ad
1622 642 1778 705 effectum

974 742 1140 818 ,perducta
1153 742 1282 814 luisset,
1299 742 1381 819 ipse,
1398 756 1439 802 ac
1463 741 1610 818 ejusdem
1625 741 1777 803 ecclesiae

983 839 1137 900 canonici
1162 839 1400 916 perfectionem
1424 842 1496 916 ejus
1522 839 1653 900 sincera
1681 838 1780 900 devo-

981 935 1073 997 tione
1084 936 1243 1007 zelantes,
1268 938 1344 999 uoto
1366 936 1518 997 unanimi
1538 936 1724 998 statuerunt
1745 937 1778 998 et
1864 1018 1868 1024 .

978 1033 1168 1109 juramento
1191 1034 1376 1102 firmarunt,
1405 1037 1441 1095 ut
1464 1033 1576 1094 nullus
1589 1034 1677 1095 ultra
1697 1033 1775 1111 qui-

982 1131 1115 1191 narium
1138 1146 1312 1191 numerum
1327 1132 1363 1193 in
1382 1130 1497 1192 eadem
1520 1130 1702 1207 recipiatur
1725 1145 1777 1192 ec·

981 1227 1094 1297 mesia,
1121 1227 1225 1289 donec
1249 1229 1321 1304 eJ‘us
1348 1227 1562 1304 perficeretur
1587 1227 1713 1289 fabrica
1738 1228 1776 1288 in

982 1341 1047 1401 qua
1061 1328 1158 1388 erant
1174 1328 1521 1401 superexcrescentes
1536 1325 1685 1386 redditus
1700 1340 1776 1386 con·

866 1436 869 1445 ¹
940 1432 943 1437 ’
980 1421 1143 1483 vertendi.
1189 1425 1299 1494 Quare
1334 1422 1513 1499 predictus
1552 1421 1646 1497 prior
1677 1421 1776 1482 nobis

170 1495 339 1555 Honorius
348 1494 534 1571 episcopus,
545 1509 660 1555 servus
672 1491 923 1563 servorumDei,

126 1590 261 1653 dilectis
278 1591 356 1652 tiliis
375 1594 411 1652 B.
428 1590 550 1652 rectori
574 1592 607 1652 et
627 1590 759 1652 clericis
774 1589 925 1651 ecclesiae

126 1690 164 1749 S.
181 1689 326 1751 Secundi
341 1688 585 1764 Eugubineusis
600 1688 765 1761 dioecesis,
784 1686 925 1749 salutem

125 1786 164 1847 et
181 1787 408 1863 Apostolicam
425 1784 703 1847 benedictionem.

169 1885 274 1945 Justis
298 1885 479 1960 petentium
510 1882 685 1944 desideriis
713 1883 849 1959 dignum
873 1883 925 1944 est

124 1996 190 2042 nos
216 1980 349 2042 facilem
376 1981 525 2058 praebere
552 1996 761 2047 consensum,
787 1981 822 2042 et
846 1981 924 2041 rota

101 2094 204 2154 ·quae
232 2093 252 2139 a
280 2072 431 2140 rationis
456 2078 590 2140 tramite
632 2094 700 2139 non
732 2077 924 2138 discordant

124 2175 251 2237 effectu
271 2175 491 2253 prosequente
515 2174 693 2251 complere.
710 2177 756 2236 Ea
776 2175 921 2250 propter,

123 2273 241 2334 dilecti
252 2272 287 2333 in
298 2273 440 2334 Domino
451 2270 923 2348 tilii,uestrisJ'ustisprecibus

123 2370 292 2442 inclinati,
306 2371 477 2431 senarium
486 2370 683 2431 clericorum
694 2368 845 2430 ecclesie
853 2383 925 2428 ves·

122 2469 391 2539 trae-numerum,
413 2483 510 2545 quem
534 2466 718 2544 proponitis
740 2482 760 2527 a
780 2480 923 2527 uenera-

121 2564 187 2625 bili
203 2566 306 2626 tratre
325 2565 440 2626 nostro
443 2608 502 2624 .....
521 2562 748 2639 Eugubinensi
768 2564 922 2640 episcopo

121 2664 298 2734 taxatum,
324 2662 410 2724 sicut
437 2663 488 2724 est
515 2661 756 2723 deliberatione
783 2659 923 2738 provida

121 2758 324 2831 institutus,
349 2759 547 2820 auctoritate
574 2759 765 2834 Apostolica
793 2756 920 2819 coudr-

121 2871 256 2917 mamus
272 2857 305 2918 et
314 2856 487 2932 presentis
504 2856 618 2932 scripti
632 2853 817 2931 patrocinio
830 2869 922 2916 com-

121 2953 307 3024 muuimus,
331 2955 523 3025 statuentes,
546 2952 583 3012 ut
601 2951 760 3027 praedicto
775 2951 920 3013 clerico·

121 3066 198 3111 rum
215 3065 354 3111 urmiero
370 3049 508 3126 praelata
530 3049 673 3110 ecclesia
693 3048 739 3109 sit
751 3049 918 3119 contenta,

121 3147 193 3208 nisi
215 3148 300 3208 adeo
324 3147 532 3208 excreverint
553 3145 661 3222 ipsius
690 3144 840 3207 ecclesiae
870 3144 922 3205 sa-

122 3246 278 3317 cultates,
294 3244 382 3322 quod
398 3242 573 3321 praefatum
586 3259 762 3304 numerum
783 3242 921 3317 exigant

122 3342 346 3417 augmentari,
374 3343 466 3404 salvo
491 3341 525 3401 in
549 3340 701 3401 omnibus
719 3338 919 3416 spostolicae

122 3440 223 3501 Sedis
258 3439 424 3502 mandato.
463 3437 555 3499 Nulli
586 3453 682 3513 ergo,
710 3440 773 3499 etc.
801 3438 919 3498 Datum

121 3537 258 3604 Tibure,
275 3538 371 3597 dlvii
389 3535 456 3597 kal.
468 3536 568 3612 Jumi,
583 3534 794 3612 pontificatus
815 3534 919 3595 nostri

120 3649 212 3694 auno
228 3647 327 3694 nono.

463 3864 578 3950 CLIX

148 4030 201 4088 Aci
216 4029 410 4102 episcopum
430 4028 463 4089 et
477 4028 894 4107 menistrcmscbolarcm

383 4127 653 4187 Pictaveestum.

417 4262 450 4319 16
465 4261 532 4318 maii
545 4260 624 4319 1115.

148 4396 271 4460 [Regest.‚
282 4394 326 4443 lib.
336 4394 379 4451 IX,
390 4394 464 4458 epIst.
477 4393 533 4444 331.
544 4394 600 4444 IIas.
616 4396 653 4445 Lu
667 4392 891 4454 rotenorum]

119 4519 203 4580 Facit
224 4520 266 4575 eis
281 4525 451 4591 potestatem
471 4517 612 4576 statuendi
635 4533 720 4590 super
743 4517 915 4590 juramento,

153 4622 213 4681 quo
223 4608 379 4679 capitulum
393 4608 489 4665 Sancti
512 4607 611 4663 Hilarii
625 4606 661 4664 de
676 4607 751 4665 Cella
767 4605 917 4663 tenebatur

152 4696 192 4754 de
214 4709 273 4752 non
294 4695 465 4767 recipiendis
486 4696 634 4751 canonicis
657 4696 731 4752 ultra
754 4694 916 4766 quinarium

151 4797 318 4852 numerum,
338 4782 430 4840 donec
449 4784 576 4856 ipsorum
590 4784 720 4841 ecclesie
735 4781 841 4840 fabrica
857 4790 913 4839 ter-

153 4873 264 4930 minata
277 4869 358 4929 leret.

157 5007 327 5069 Honorius
338 5008 524 5086 episcopus,
535 5023 651 5070 servus
660 5025 831 5073 servorum
841 5016 913 5088 Dei,

113 5104 912 5185 venerabilifratri...episcopo,etdilectofllio..,

113 5203 279 5278 magistro
292 5202 483 5263 scholarum
498 5203 756 5278 pictavensium,
774 5208 914 5269 salutem

113 5301 150 5362 et
164 5299 393 5376 Apostolicam
407 5298 680 5362 benedictionem.

157 5396 304 5458 Dilectus
315 5396 441 5468 Illius..
457 5397 549 5473 prior
559 5398 709 5460 ecclesiae
726 5402 839 5462 Sancti
854 5404 914 5464 lli·

112 5494 195 5556 larii
218 5492 259 5553 de
283 5493 373 5554 Cella
402 5494 610 5556 Pictavensis
639 5496 767 5558 ordinis
800 5500 913 5562 Sancti

111 5590 294 5671 Augustini
311 5606 370 5667 per
380 5606 458 5652 suas
476 5591 572 5653 nobIs
593 5591 722 5655 litteras
734 5595 910 5668 intimarit,

113 5688 203 5767 quod
228 5704 302 5749 cum
327 5687 453 5750 fabrica
479 5689 912 5770 ipsiusecclesiae,inr1ua

981 1520 1152 1581 humiliter
1178 1519 1388 1596 supplicavit,
1420 1521 1456 1581 ut
1482 1535 1557 1597 cum
1584 1518 1700 1581 eadem
1729 1518 1808 1581 lat-1

979 1615 1072 1678 brice
1097 1618 1142 1680 sit
1166 1618 1207 1679 ad
1238 1616 1419 1693 perlectum
1446 1628 1505 1692 pro
1532 1616 1652 1693 majori
1676 1618 1772 1694 parte

979 1714 1149 1791 perducta,
1173 1714 1206 1777 et
1229 1730 1272 1775 ex
1289 1715 1480 1792 juramento
1496 1713 1687 1791 hujusmodi
1701 1713 1775 1775 dic-

979 1812 1013 1873 ta
1041 1811 1183 1875 ecclesia
1209 1814 1345 1890 propter
1373 1812 1590 1874 servientium
1608 1811 1773 1875 delectum

978 1925 1114 1971 enorme
1128 1910 1291 1972 sustineat
1301 1910 1336 1971 in
1351 1909 1582 1986 spiritualibus
1597 1909 1773 1971 detrimen·

978 2007 1060 2075 tum,
1085 2008 1119 2069 et
1141 2007 1316 2069 animabus
1338 2008 1407 2068 suis
1429 2023 1532 2083 grave
1555 2007 1773 2069 nihilominus

979 2105 1164 2180 periculum
1184 2105 1358 2166 imminere
1373 2105 1529 2173 noscetur
1540 2114 1647 2180 'super
1662 2103 1774 2166 obser·

978 2202 1111 2264 vatione
1121 2202 1173 2263 vel
1186 2203 1396 2264 relaxatione
1415 2203 1531 2279 ipsius,
1544 2203 1603 2275 eis,
1618 2202 1650 2265 et
1660 2202 1772 2265 eccle-

979 2299 1036 2359 siae
1059 2300 1234 2376 providere
1261 2298 1522 2361 misericorditer
1545 2300 1770 2375 dignaremur.

978 2398 1025 2457 De
1035 2398 1145 2458 vestra
1156 2398 1269 2474 itaque
1282 2397 1577 2473 circumspectione
1590 2398 1722 2474 plenam
1735 2396 1771 2457 iu

978 2494 1117 2554 Domino
1153 2495 1309 2555 fiduciam
1338 2478 1541 2566 obtinentes,
1578 2493 1772 2554 discretioni

978 2592 1096 2653 vestrae
1125 2608 1185 2669 per
1209 2591 1400 2668 ApostoIIca
1418 2592 1541 2668 scripta
1563 2590 1769 2663 mandamus,

978 2692 1139 2765 quatenus
1156 2688 1315 2750 habentes
1330 2704 1398 2766 prae
1419 2688 1523 2750 oculis
1541 2689 1648 2749 solum
1668 2690 1772 2748 Deum

977 2801 1078 2862 super
1093 2787 1156 2847 boc
1173 2786 1371 2848 auctoritate
1387 2787 1510 2857 nostra,
1528 2788 1624 2862 prout
1635 2784 1772 2847 utilitati

976 2883 1124 2958 ejusdem
1138 2883 1301 2954 ecclesiae,
1316 2900 1356 2945 ac
1369 2899 1483 2945 eorum
1498 2883 1598 2945 saluti
1613 2881 1771 2959 expedire

976 2979 1137 3051 videritis,
1166 2981 1329 3042 statuatis.
1373 2981 1491 3043 Datum
1523 2980 1656 3051 Tibure,
1680 2980 1772 3040 XVII

975 3075 1137 3138 kalendas
1153 3078 1244 3149 maii,
1262 3093 1349 3138 anno
1362 3093 1460 3138 nono.

1327 3344 1424 3430 dlx

974 3508 1026 3566 Ad
1049 3505 1257 3566 abbatemet
1278 3504 1484 3566 conventum
1503 3502 1708 3565 tuormsterti
1732 3506 1769 3564 tu

1264 3604 1485 3664 seleucenum.

1258 3740 1291 3797 l8
1311 3740 1378 3797 maii
1401 3740 1482 3798 lala.

1115 3863 1301 3927 [wesenberg.
1312 3863 1383 3922 urs,
1398 3864 1441 3921 ιιι,
1453 3861 1507 3922 ιιι,
1520 3877 1545 3912 n.
1560 3862 1628 3927 aaa]

1038 3998 1095 4053 llos
1111 4011 1176 4054 curn
1192 3994 1326 4054 omnibus
1343 3995 1426 4054 bonis
1440 3995 1560 4053 tuendos
1574 3994 1702 4067 suscipit.

1014 4141 1181 4201 Honorius
1192 4141 1684 4217 episcopus,servusservorum
1694 4140 1765 4211 Dei,

973 4235 1103 4297 dilectis
1117 4235 1195 4297 tiliis
1211 4236 1322 4298 abbati
1335 4239 1368 4298 et
1382 4237 1559 4298 couventui
1573 4236 1767 4298 monasterii

973 4334 1007 4393 in
1024 4333 1244 4406 Scbonendal,
1263 4334 1404 4396 salutem
1418 4337 1450 4397 et
1462 4334 1684 4412 apostolicam
1703 4333 1767 4394 be·

972 4431 1205 4492 nedictionem.

1013 4530 1232 4589 sacrosancta
1247 4530 1396 4589 Romana
1412 4528 1558 4589 Ecclesia
1579 4528 1721 4607 devotos
1735 4529 1768 4589 et

970 4624 1116 4686 humiles
1145 4625 1232 4685 illios
1260 4640 1303 4685 ex
1331 4628 1472 4687 assuetae
1498 4626 1631 4702 pietatis
1655 4624 1766 4686 officio

971 4722 1168 4799 propensius
1187 4722 1327 4798 diligere
1343 4723 1525 4795 cousuevit,
1542 4724 1630 4784 etue
1650 4737 1767 4799 pravo-

970 4836 1044 4880 rum
1059 4820 1229 4882 hominum
1246 4820 1407 4882 molestiis
1420 4822 1599 4897 agitentur,
1616 4836 1673 4881 eos
1689 4820 1767 4880 tan-

971 4933 1069 4994 quam
1093 4917 1148 4994 pia
1175 4919 1282 4979 mater
1307 4933 1376 4979 suae
1408 4917 1623 4994 protectionis
1653 4914 1766 4976 muni-

970 5015 1059 5076 mine
1080 5014 1267 5076 confovere.
1298 5015 1490 5093 Eapropter,
1514 5014 1626 5076 dilecti
1646 5014 1680 5074 in
1704 5014 1766 5076 Do·

969 5112 1059 5173 mino
1076 5112 1148 5185 lilii,
1173 5113 1294 5174 vestris
1307 5112 1407 5190 Justis
1426 5111 1580 5191 precibus
1598 5109 1762 5183 inclinati,

969 5224 1129 5286 personas
1158 5212 1287 5271 vestras
1316 5210 1349 5271 et
1366 5210 1474 5270 locum
1506 5210 1626 5287 inquo
1650 5207 1763 5269 divino

969 5306 1095 5367 vacatis
1120 5306 1289 5384 obsequio,
1314 5323 1389 5368 cum
1405 5306 1558 5368 omnibns
1579 5307 1675 5369 bonis
1689 5324 1763 5385 quae

968 5403 1002 5462 in
1018 5404 1274 5480 praesentiarum
1289 5404 1535 5466 rationabiliter
1547 5405 1693 5480 possidet
1705 5407 1763 5468 aut

968 5499 1003 5560 in
1020 5501 1166 5562 futurum
1182 5498 1361 5578 praestante
1378 5502 1517 5562 Domino
1532 5502 1634 5579 justis
1656 5502 1762 5564 modis

968 5598 1089 5673 poterit
1114 5598 1265 5674 adipisci,
1294 5598 1354 5659 sub
1371 5598 1459 5660 beati
1479 5599 1571 5660 Petri
1592 5601 1625 5662 et
1647 5604 1762 5662 nostra

968 5694 1171 5771 protectione
1192 5695 1401 5772 suscipimus.
1430 5695 1626 5773 SpecialIter
1651 5698 1760 5759 autem
