3916 6204
76 282 133 345 441

74 538 251 616 petratisa
277 538 373 600 nobis
390 541 563 617 postquam
578 537 666 600 idem
691 540 784 616 prior
806 540 873 601 iter

75 633 221 713 arripuit
246 634 289 696 ad
317 635 435 697 Sedem
455 633 680 713 apostolicam
701 634 867 698 veniendi.

73 730 202 793 Taliter
221 731 336 809 itaqua
357 732 549 793 mandatum
570 732 796 809 apostolicum
811 748 872 794 ex-

73 827 241 905 sequaris,
254 828 341 906 quod
358 827 520 891 dictorum
531 829 656 906 prioris
680 832 714 891 et
730 828 870 893 fratrum

73 939 114 987 ao
125 924 236 1002 ipsius
251 924 426 1003 hospitalis
444 923 677 1003 tranquillitati
691 925 739 987 sio
754 925 870 1003 provi-

72 1021 196 1084 deatur
207 1024 243 1084 et
253 1021 340 1099 paci,
354 1021 441 1099 quod
456 1038 477 1083 a
491 1021 625 1099 pietatis
635 1021 791 1099 operibus
802 1021 870 1082 mi-

72 1118 165 1181 nime
180 1120 391 1186 revocentur,
405 1118 462 1180 sed
472 1120 571 1195 prout
582 1120 827 1181 consueverunt
834 1118 871 1179 ln

72 1214 144 1277 illis
161 1215 291 1292 jugiter
316 1215 542 1292 perseverent.
571 1215 746 1292 Indignum
770 1228 870 1301 nam-

74 1306 150 1391 que,
172 1312 250 1384 etc,
265 1327 372 1387 imque
396 1327 494 1388 quam
511 1311 571 1374 alii
591 1327 651 1374 ros
673 1312 749 1388 plus
771 1311 872 1373 cae'te*

72 1408 137 1482 ris,
147 1402 213 1471 eto.
230 1422 340 1483 usquc
352 1394 728 1486 subjaceant'serritutt.
742 1408 874 1469 Praete-

72 1520 135 1567 rea
148 1493 302 1566 nolentes
317 1504 403 1581 quod
416 1503 590 1582 praelatum
605 1500 782 1581 hospitale,
810 1516 873 1580 pro

73 1616 114 1663 eo
132 1600 222 1678 quod
243 1600 324 1662 dicti
343 1601 464 1663 tratres
480 1601 615 1662 vinculo
639 1599 871 1663 excommuni-

72 1698 218 1761 cationis
231 1712 306 1759 esse
318 1696 476 1759 dicuntur
482 1697 645 1771 adstricti,
655 1697 871 1775 praesentium

70 1794 275 1866 litterarum,
291 1795 325 1856 et
336 1794 555 1870 indulgentie
569 1795 698 1856 anobis
712 1793 776 1855 tibi
790 1809 873 1855 con·

71 1906 179 1955 cossae
203 1890 378 1953 fraudetur
404 1891 538 1964 affectu,
565 1891 729 1964 volumus,
760 1891 797 1952 ut
821 1889 871 1951 eis

67 1990 167 2067 juxta
179 1987 322 2049 formam
341 1988 497 2051 Ecclesiae
520 1988 719 2050 beneficium
734 1987 873 2049 absolu-

68 2085 177 2149 tionis
188 2083 395 2162 impendens,
407 2084 582 2147 occasione
591 2084 783 2162 hujusmodi
804 2098 871 2145 non

71 2181 240 2254 obstante,
274 2180 468 2243 mandatum
504 2182 654 2243 nostrum
689 2181 871 2243 secundum

70 2278 268 2340 earumdem
295 2277 481 2340 litterarum
507 2278 747 2340 continentiam
773 2292 872 2340 erse-

71 2374 192 2453 quaris
201 2374 237 2436 et
250 2373 494 2452 indulgentiam
508 2390 604 2436 suam
619 2375 724 2436 iacias
735 2377 871 2437 serrare

70 2472 237 2548 rigorem.
252 2473 373 2534 Datum
381 2472 554 2548 Anagniae,
566 2474 613 2534 111
626 2471 702 2533 idus
712 2470 868 2545 octobris,

72 2582 164 2632 anuo
180 2568 310 2631 octavo.

688 286 916 347 nrrsrcnm.
940 287 1129 350 marus.
1255 258 1258 264 ’

75 440 117 503 de
133 440 222 503 dioto
243 438 385 505 ardinio
399 437 571 504 mentione
593 456 661 502 non
675 438 791 505 habita
806 443 872 505 im·
899 426 902 435 ¹

1662 301 1722 362 442

925 444 1027 508 tionis
1052 426 1248 525 intringere,
1275 438 1338 513 etc.
1362 422 1400 514 Si
1419 442 1638 531 pulsantem,
1653 446 1716 520 etc.

925 541 1044 619 Datum
1057 545 1225 620 Laterani,
1241 548 1272 608 X
1281 548 1349 610 kal.
1364 550 1566 627 novembris,
1580 550 1719 631 pontinss

926 637 1019 709 catus
1034 642 1140 705 nostri
1154 658 1242 706 anno
1258 646 1386 708 octaro.

1152 962 1391 1053 dxlv

971 1110 1023 1170 Ad
1035 1109 1191 1172 adiutem
1205 1111 1238 1173 et
1254 1115 1461 1177 concentum
1472 1118 1514 1178 de
1534 1121 1672 1182 sssrom.
1714 1068 1719 1075 Α

1114 1279 1117 1287 .
1202 1240 1238 1299 23
1252 1240 1346 1303 octob.
1363 1243 1442 1305 1223.
1548 1272 1554 1281 ·

1065 1361 1226 1426 [Thericlia
1235 1363 1304 1428 Dipl.
1316 1363 1386 1415 Ama
1397 1365 1490 1450 lisga„
1500 1366 1520 1428 1,
1530 1366 1582 1433 st]
1671 1440 1675 1447 1
1698 1442 1703 1455 ⁸

935 1472 1010 1541 'Eos
1024 1482 1077 1542 sul)
1088 1460 1166 1544 beati
1180 1488 1255 1545 Petri
1270 1478 1357 1546 etsua
1370 1470 1547 1562 protectione
1564 1451 1722 1567 suscipit.
1751 1557 1755 1563 ,

966 1602 1327 1698 Honoriusepiscopus,
1336 1639 1452 1688 servus
1463 1641 1636 1693 serrorum
1645 1629 1718 1702 Dei,
1850 1664 1854 1670 ·

926 1713 1055 1777 dilectis
1069 1713 1147 1778 filiis
1162 1717 1274 1781 abbati
1288 1721 1326 1781 et'
1336 1723 1514 1784 conventui
1527 1723 1567 1786 da
1585 1727 1717 1798 Esrom,

926 1810 1110 1875 salutemet
1123 1815 1347 1892 apostolicam
1358 1817 1633 1887 benedictionem.

964 1911 984 1970 J
988 1909 1070 1970 ustis
1094 1910 1276 1988 petentium
1300 1912 1474 1976 desideriis
1499 1916 1636 1994 dignum
1671 1904 1723 1982 est

925 2021 987 2067 nos
1013 2004 1144 2067 facilem
1174 2008 1322 2085 praebere
1347 2027 1545 2074 consensum
1573 2015 1607 2076 et
1628 2016 1717 2089 rota,

926 2118 999 2179 quae
1013 2103 1187 2167 arationis
1199 2105 1332 2168 tramite
1354 2123 1422 2168 non
1443 2107 1645 2184 discordant,
1662 2111 1717 2174 ei-

925 2197 1014 2261 iectu
1042 2203 1261 2278 prosequente
1289 2205 1464 2282 complere.
1494 2208 1541 2268 Ea
1571 2211 1717 2285 propter,

926 2291 1038 2354 dilecti
1052 2293 1087 2371 in
1105 2294 1244 2356 Domino
1259 2295 1332 2368 lilii,
1355 2297 1477 2358 vestris
1488 2298 1589 2375 Justis
1603 2300 1719 2376 postu-

925 2387 1107 2450 lationihus
1120 2391 1216 2466 grato
1226 2393 1460 2455 concurrentes
1471 2408 1621 2465 assensu,
1636 2410 1718 2472 per-

926 2501 1025 2548 sonas
1039 2486 1169 2548 vestras
1190 2503 1265 2549 oum
1290 2488 1443 2550 omnibus
1470 2478 1566 2551 bonis
1587 2504 1660 2569 quae
1682 2480 1721 2552 in

925 2583 1178 2662 praesentiarum
1205 2582 1450 2667 rationabiliter
1463 2588 1641 2666 possidetis
1659 2590 1720 2652 aut

830 2752 833 2757 Δ
924 2679 1117 2743 infuturum
1126 2681 1226 2765 jusus
1242 2681 1357 2754 mouns,
1370 2679 1550 2760 prestante
1563 2668 1746 2759 nomino,-

408 2878 540 2965 XXIII

104 3031 159 3091 Ad
171 3030 340 3091 Moenum
361 3027 395 3089 et
408 3027 597 3103 capitulum
614 3026 838 3089 Matiscoccn.

358 3157 391 3214 21
407 3156 500 3214 octob.
515 3156 594 3214 litt.

99 3277 554 3347 [aegest.,1ic.v111.epnt.ao.ilss.
566 3276 604 3329 La
612 3277 688 3330 Porto
702 3258 737 3327 dn
749 3275 842 3342 lircil]

103 3401 268 3476 Quumdem
279 3400 488 3461 ordinationem
502 3401 544 3460 eis
558 3400 663 3460 iactam
678 3399 840 3459 confirmat.

114 3536 299 3609 Honorius,
319 3536 396 3609 etc,
416 3535 546 3598 dilectis
563 3534 679 3596 filiis...
697 3533 824 3598 decano
840 3534 873 3598 et

74 3633 227 3711 capitulo
239 3632 470 3694 Matisconen..
484 3631 635 3704 salutem,
652 3631 715 3693 etc.

115 3730 225 3795 susus
252 3728 451 3807 petentium,
481 3729 557 3801 etc„
585 3743 692 3803 usqae
719 3743 871 3790 assensu.

73 3826 329 3889 ordinationem
340 3841 400 3901 per
410 3823 634 3887 venerabilem
649 3824 787 3888 tratrem
800 3837 874 3885 nos·

72 3925 168 3987 mum
193 3912 447 3999 Lugdunensem
479 3921 778 4000 archiepiscopum,
808 3914 877 3982 looi'

73 4018 385 4097 metropolitanum,
429 4018 626 4080 auctoritate
669 4016 874 4080 venerabilis
907 4090 911 4121 Ι

72 4115 193 4179 fratris
209 4116 355 4178 nostri...
372 4114 529 4177 Portuen.
550 4115 710 4193 episcopi,
731 4115 874 4191 Aposto-

72 4214 152 4276 licae
167 4212 265 4274 Sedis
284 4210 398 4287 legati,
414 4210 456 4272 de
474 4211 615 4274 consilio
632 4208 873 4273 venerabilium

72 4310 222 4372 fratrum
242 4309 469 4371 nostrorum...
489 4308 664 4370 Matiscon.
684 4306 753 4370 et...
777 4306 875 4369 Cairi-

925 2772 1076 2856 poteritis
1088 2777 1237 2854 adipisci,
1253 2776 1313 2839 suh
1327 2778 1423 2841 beati·
1440 2780 1531 2842 Petri
1544 2782 1577 2843 et
1598 2784 1718 2844 nostra

925 2873 1131 2951 protectione
1154 2873 1364 2952 suscipimus.
1384 2876 1583 2952 Specialiter
1606 2878 1718 2939 autem

926 2971 1156 3047 possessiones
1169 2970 1209 3031 de
1226 2968 1356 3041 Husbii,
1380 2970 1420 3042 de
1433 2972 1613 3043 Haerluffe,
1630 2973 1663 3034 et
1676 2972 1719 3034 de

926 3066 1112 3128 Wethlewe
1122 3081 1162 3127 ac
1172 3066 1239 3128 alia
1250 3066 1349 3139 bona,
1364 3067 1451 3128 sicut
1462 3082 1502 3128 ea
1508 3068 1597 3144 juste
1610 3082 1721 3146 anpa-

928 3162 1022 3226 oitlce
1034 3160 1221 3240 possidetis,
1235 3163 1329 3224 vohis
1342 3163 1375 3225 et
1386 3179 1447 3239 per
1457 3178 1516 3225 vos
1525 3165 1636 3227 restro
1646 3180 1719 3227 mo-

926 3260 1075 3323 nasterio
1104 3259 1300 3322 auctoritato
1320 3258 1511 3336 apostolica
1538 3260 1720 3323 conflrma-

926 3374 1011 3429 mus,
1028 3358 1090 3418 etc.
1106 3355 1198 3417 Nulli
1213 3371 1303 3432 ergo,
1317 3357 1379 3437 etc.
1394 3356 1641 3434 Siquisautem,
1654 3356 1727 3419 etc.¹

926 3453 1045 3514 Datum
1072 3451 1240 3524 Laterani,
1271 3452 1302 3511 X
1329 3450 1491 3513 kalendas
1516 3451 1724 3541 novembris,

926 3546 1139 3628 pontificatus
1153 3545 1496 3611 nostriannooctaro.
1608 3578 1612 3585 ¹

1270 3796 1377 3884 XXV

967 3941 1020 4001 ac
1033 3914 1188 4000 arealem
1202 3938 1236 3999 et
1252 3937 1458 3999 concnam
1471 3940 1506 4000 s.
1525 3920 1682 4021 ascripsit

1209 4036 1436 4113 Feratenses

1214 4164 1231 4224 3
1245 4164 1337 4222 octob.
1353 4165 1430 4223 1223.
1646 4223 1651 4229 .

964 4286 1095 4355 [Nabim
1107 4286 1172 4337 illst.
1186 4285 1219 4337 de
1228 4286 1344 4352 l'sbbeye
1355 4285 1388 4337 de
1399 4287 1570 4347 saint-Deris,
1581 4303 1607 4353 p.
1617 4289 1687 4354 stop
1722 4326 1726 4357 :

73 4406 191 4468 lonen.
219 4404 462 4482 episcopam
491 4404 561 4466 tam
590 4418 689 4482 super
717 4403 874 4466 continuo
928 4411 978 4469 stis
991 4410 1120 4484 indulget
1138 4411 1207 4468 utsi
1220 4410 1267 4484 qui
1285 4410 1394 4483 priores
1408 4410 1511 4469 velalii
1532 4412 1667 4471 monachi
1690 4412 1720 4469 in

74 4501 217 4565 servitio
228 4499 349 4578 majori
358 4500 458 4562 altari
471 4499 623 4563 ecclesias
640 4502 760 4563 restrae
775 4499 873 4561 atri·
963 4512 1061 4557 eorum
1075 4498 1207 4557 domibus
1221 4498 1407 4556 exterioribus
1421 4498 1577 4559 existentes
1589 4508 1722 4560 mutuum

72 4599 141 4663 bus
171 4596 379 4676 preshyteris
413 4595 612 4670 exhibendo,
646 4612 745 4674 quam
775 4600 879 4673 super
964 4591 1027 4646 sinc
1037 4584 1154 4667 majoris
1171 4593 1200 4645 et
1215 4587 1337 4644 sanioris
1351 4587 1441 4659 partis
1466 4585 1585 4647 irstmm
1601 4596 1724 4649 assensu

76 4711 195 4760 annuo
208 4693 342 4756 redditu
356 4708 473 4755 eorum
487 4692 629 4769 singulis
640 4693 872 4764 ministrando,
963 4675 1165 4776 wilelmi·
1193 4673 1298 4775 “lidi
1329 4673 1516 4735 ⁰¹⁰&le
1548 4673 1722 4749 respondere

75 4809 143 4857 nec
159 4806 230 4854 non
248 4788 485 4853 canonicorum
502 4789 696 4862 residentia,
717 4788 876 4852 distrihu·
964 4777 1031 4837 ⁰⁰⁸¹
1044 4776 1163 4820 ¹¹¹¹¹¹¹m⁰
1177 4768 1297 4835 mm·

73 4890 363 4958 tioneterrarum,
378 4887 412 4949 et
425 4885 620 4964 quibusdam
633 4885 711 4949 aliis
723 4885 874 4953 articulis
968 4887 1137 4950 Honorius
1145 4887 1331 4966 episcopus,
1341 4902 1458 4949 servus
1471 4887 1722 4959 servorumllei,

73 4988 112 5049 in
124 4984 273 5050 ecclesia
286 4983 358 5060 ipsa
376 4982 508 5056 iactam,
524 4983 558 5044 et
577 4998 637 5060 per
659 4983 810 5044 eumdem
825 4982 876 5045 le·
929 4984 1059 5047 dilectis
1077 4983 1156 5044 tiliis
1175 4983 1286 5045 abbati
1309 4984 1343 5046 et
1369 4984 1549 5046 conventui
1575 4986 1609 5045 8.
1636 4982 1719 5043 Dici
1770 5028 1779 5049 s

74 5085 193 5161 gutum
221 5078 430 5158 postmodum
457 5078 682 5156 approbatam,
706 5080 805 5157 prout
838 5080 876 5140 in
928 5080 1017 5159 nysii
1041 5079 1253 5153 Parisiensis,
1277 5080 1431 5152 salutaro,
1453 5083 1516 5143 eto.
1640 5076 1644 5082 ’

75 5194 196 5242 corum
228 5176 350 5238 litteris
382 5175 505 5239 dicitur
538 5174 669 5252 plenius
697 5176 872 5249 contineri,
969 5177 1052 5249 Quia
1079 5176 1198 5238 mellus
1226 5176 1276 5239 est
1297 5177 1334 5239 in
1363 5180 1511 5254 tempore
1532 5188 1719 5246 occurrere,

74 5276 164 5340 sicut
177 5273 343 5337 canonice
356 5273 390 5335 et
403 5272 541 5351 provide
563 5272 654 5335 iacta
677 5274 740 5346 est,
760 5274 877 5335 aucto-
930 5289 1028 5351 quam
1052 5276 1126 5350 post
1147 5273 1273 5335 exitum
1296 5273 1483 5345 vindicare,
1505 5287 1566 5333 nos
1591 5270 1722 5334 indam·

72 5374 178 5437 ritate
193 5369 386 5448 apostolica
400 5369 635 5435 confirmamus
655 5370 690 5432 et
700 5370 876 5447 praesentis
930 5369 1144 5432 nibatirestri
1152 5370 1346 5433 monasterii
1357 5382 1546 5446 praecavere
1558 5367 1719 5442 volentes,
1745 5402 1748 5407 ,

75 5469 196 5548 scripti
234 5466 421 5544 patrocinio
473 5466 726 5529 communimus.
782 5466 876 5529 Nulli
929 5466 1127 5529 auctoritate
1149 5462 1244 5529 robis
1269 5466 1482 5543 praesentium
1497 5462 1720 5541 indulgemus,

75 5582 169 5644 orgo,
187 5564 269 5635 otc..
284 5563 372 5629 hanc
387 5564 544 5639 paginam
558 5563 681 5627 nostrae
698 5563 877 5626 conflrma—
931 5564 1010 5626 utsi
1026 5564 1082 5641 qul
1096 5564 1237 5643 priores,
1252 5563 1303 5626 vel
1319 5561 1378 5624 alii
1395 5560 1550 5623 monachi
1565 5561 1600 5623 in
1615 5561 1723 5624 domi-
