3886 6214
219 346 286 408 367
747 392 754 407 s
842 343 1018 406 HONORII
1040 343 1086 404 111
1103 343 1254 406 OPERA.
1796 347 1842 408 ddi

223 504 380 567 exactum
412 502 530 571 iuerat,
563 502 597 566 et
621 504 823 581 perceptum,
860 503 1015 565 dantes...
1070 501 1168 564 batur
1205 499 1496 564 archidiaconatus
1532 504 1741 565 senonenses
1771 502 1841 567 dna·

225 601 336 663 abbati
360 604 393 662 S.
410 600 553 677 Crispini
583 601 721 677 majoris
748 601 962 662 suessionen.
984 600 1018 661 et
1070 598 1137 661 lem
1165 599 1288 662 habere
1319 600 1483 676 justitiam
1518 616 1585 660 non
1619 601 1729 678 potnit
1750 596 1843 679 huius·

227 701 300 776 eius
313 698 450 773 collegis
461 698 659 774 pernostras
669 697 842 760 litterasin
853 696 1018 759 mandatis
1071 696 1158 757 modi
1185 696 1345 773 quaestio,
1373 696 1447 769 sed,
1473 696 1607 759 utfinis
1635 697 1763 759 debitus
1789 699 1840 760 in·

226 796 263 857 ut
275 796 382 873 ipsum
406 795 568 856 canonica
590 794 797 857 districtione
822 810 1017 871 compesce·
1073 795 1226 870 ponatur,
1238 808 1374 854 causam
1392 793 1499 869 ipsam
1517 793 1611 856 vobis
1626 794 1667 856 de
1684 794 1842 871 ipsiusab-

225 892 311 963 rent,
330 891 359 951 si
380 891 535 953 mandato
560 893 673 953 nostro
696 893 912 969 praesumeret
938 906 1019 952 con·
1072 890 1169 962 batis,
1195 891 1229 952 et
1253 891 1479 967 procuratoris
1505 891 1644 954 alterius
1672 892 1774 970 partis
1797 909 1842 954 aa·

225 988 341 1050 traire.
378 988 591 1050 Postmodum
634 1004 714 1051 vero
748 987 790 1049 ad
826 987 1017 1065 petitionem
1073 1003 1174 1049 sensu
1209 987 1366 1049 duximus
1401 989 1680 1051 committendam.
1720 989 1841 1067 Ideopre

227 1084 375 1163 ejusdem
391 1084 619 1146 archidiaconi
632 1085 877 1161 conquerentis,
893 1083 1017 1161 quod...
1073 1085 1266 1147 discretioni
1289 1086 1410 1148 vestrae
1440 1101 1501 1163 per
1527 1086 1717 1162 Apostolica
1740 1087 1843 1164 scripta

227 1181 330 1244 abbas
342 1182 568 1243 etconventus
587 1152 738 1258 praedicti
752 1181 1018 1258 procurationem
1073 1182 1279 1255 mandamus,
1300 1184 1462 1259 quatenus
1485 1183 1573 1246 inter
1598 1183 1737 1260 majoris
1756 1184 1845 1245 eccle·

227 1278 577 1356 annuametquaedam
599 1278 666 1339 alia
685 1279 815 1340 ratione
835 1278 888 1339 sui
907 1278 1021 1339 archi·
1074 1279 1132 1340 siae
1149 1281 1314 1341 senonen.
1326 1281 1515 1353 canonicos,
1526 1281 1583 1358 qui
1603 1280 1729 1341 habere
1745 1280 1846 1342 debent

227 1375 423 1438 diaconatus
447 1375 488 1436 ad
516 1373 623 1452 ipsum
647 1375 832 1453 spectantia
861 1375 1021 1437 exhibere
1074 1376 1115 1437 de
1130 1376 1319 1453 hujusmodi
1344 1377 1585 1439 consuetudine
1612 1377 1765 1439 notitiam
1786 1378 1845 1453 ple-

227 1473 292 1535 sihi
307 1475 421 1534 contra
431 1472 595 1550 iustitiam
610 1471 829 1549 denegabant,
842 1472 950 1534 eidem
966 1471 1023 1532 ab·
1075 1473 1213 1545 nierem,
1229 1489 1330 1550 super
1343 1475 1396 1535 his
1411 1474 1585 1536 veritatem
1595 1473 1740 1536 sollicite
1753 1473 1846 1551 inqui-

227 1570 298 1632 bati
314 1571 426 1631 Sancti
441 1570 596 1647 Crispini,
622 1572 655 1631 et
678 1570 817 1645 collegis
831 1571 903 1647 ejus
922 1568 1019 1630 dedi·
1075 1572 1169 1644 ratis,
1184 1572 1218 1633 et
1233 1571 1407 1634 nisivobis
1428 1572 1516 1634 intra
1538 1573 1607 1634 tres
1632 1587 1763 1633 menses
1785 1572 1845 1648 post
1931 1590 1933 1615 a

228 1684 303 1730 mus
318 1669 354 1730 in
368 1667 533 1730 mandatis
547 1669 583 1729 ut
595 1667 753 1729 audirent
762 1682 897 1729 causam
909 1666 1023 1745 hujus·
1075 1668 1191 1745 primae
1219 1669 1388 1732 citationis
1417 1670 1572 1741 edictum,
1596 1668 1779 1731 constiterit
1798 1678 1844 1745 por

230 1765 321 1827 modi
348 1769 383 1827 et
411 1765 476 1826 line
507 1763 617 1826 debito
643 1763 880 1836 terminarent,
910 1779 1022 1825 coram
1075 1765 1207 1827 eosdem
1220 1766 1393 1842 praeratum
1406 1764 1677 1828 archidiaconum
1704 1766 1757 1827 sel
1771 1780 1845 1842 pra-

230 1862 349 1941 quibus
365 1862 460 1939 petiit
474 1861 857 1935 dichrsarchidiaconus,
871 1862 908 1923 ut
922 1876 1021 1939 qrrum
1075 1862 1268 1925 decessores
1293 1863 1399 1940 ipsius
1422 1863 1463 1925 de
1477 1862 1614 1939 pacifice
1635 1861 1768 1925 obtenta
1781 1876 1846 1923 con·

229 1961 318 2023 idem
333 1960 569 2021 monasterium
599 1958 686 2020 inira
710 1961 815 2022 metas
836 1959 887 2020 sui
905 1957 1021 2019 archi-
1077 1959 1252 2022 suetudine
1266 1960 1532 2037 jurisdictionem
1556 1960 1703 2037 aliquam
1729 1960 1845 2036 inipso

230 2058 427 2119 diaconatus
453 2057 498 2118 sit
523 2058 635 2126 situm,
658 2055 688 2121 ei
711 2055 843 2133 praelati
869 2055 971 2127 abbas
990 2054 1025 2115 et
1077 2058 1290 2129 monasterio,
1305 2058 1358 2119 vol
1372 2058 1408 2118 in
1420 2056 1611 2135 hujusmodi
1630 2056 1771 2118 abbatiis
1782 2056 1846 2117 hac-
1934 2108 1935 2117 ,

229 2154 386 2217 monachi
411 2153 583 2216 obedirent
607 2154 643 2214 in
666 2152 730 2225 his,
759 2169 832 2230 quae
858 2151 1025 2228 pertinent
1077 2158 1173 2218 tenus
1193 2155 1362 2227 habuisse,
1376 2154 1549 2232 praelatum
1565 2153 1795 2216 monasterium
1813 2150 1844 2212 ab

231 2253 273 2313 ad
275 2252 554 2330 jurisdictionem,
564 2251 805 2313 correctionem
818 2252 851 2312 et
864 2249 1025 2311 visitatio·
1077 2257 1149 2331 ejus
1158 2252 1316 2330 petitione
1326 2253 1458 2329 penitus
1468 2251 1660 2324 absolvatis,
1674 2252 1844 2328 perpetuum

229 2366 326 2421 nem,
356 2349 398 2410 ad
420 2351 497 2425 ius,
525 2352 562 2410 ut
586 2347 730 2419 dicebat,
756 2346 1024 2410 archidiaconale
1078 2365 1179 2428 super
1202 2350 1266 2411 hoc
1284 2349 1349 2426 ipsi
1365 2348 1602 2411 archidiacono
1622 2347 1843 2410 silentiumim-
1935 2342 1936 2359 ¹

232 2448 431 2525 spectantes.
445 2444 612 2518 videlicet,
627 2445 866 2522 utcoramipso
881 2459 1025 2521 conque·
1079 2449 1250 2531 ponentes.
1280 2448 1414 2509 sivero
1442 2463 1501 2524 per
1524 2446 1657 2508 eosdem
1688 2444 1842 2507 mnonicm

233 2543 386 2607 rentibus
394 2542 643 2620 reSlJOUderessb
653 2557 692 2603 ³0
705 2541 904 2618 Staiffllljflli
911 2542 944 2602 ei
953 2543 1026 2617 jus·
1078 2545 1174 2608 vobis
1189 2543 1375 2607 constiterit
1389 2544 1497 2622 ipsum
1511 2543 1788 2612 archidiaconum,
1800 2538 1842 2600 rel

232 2643 285 2704 tas
300 2643 373 2718 ejus
385 2638 912 2711 sententiasobservarent;citati
923 2638 1023 2699 etiam
1080 2647 1153 2721 ejus
1175 2642 1439 2722 praedecessores
1458 2641 1499 2702 de
1519 2642 1567 2702 sic
1582 2640 1715 2702 obtenta
1728 2650 1844 2700 consue-
1936 2700 1937 2713 2

232 2738 388 2801 venirent
402 2738 443 2798 ad
459 2739 531 2815 ejus
546 2735 767 2813 praesentiam,
791 2736 825 2797 et
839 2737 911 2812 ejvs
925 2750 1024 2795 man·
1079 2741 1195 2803 tudine
1223 2740 1385 2802 hactenus
1414 2739 1572 2800 habuisse
1602 2736 1843 2814 jurisdictionem

233 2835 310 2897 data
325 2834 476 2905 110110818,
501 2834 535 2895 θῖ
554 2833 641 2895 sacia
658 2832 839 2893 secundum
867 2835 971 2893 Deum
984 2830 1025 2892 de
1080 2839 1227 2916 aliquam
1242 2838 1278 2898 in
1289 2837 1362 2915 ipso
1375 2835 1590 2907 monasterio,
1605 2834 1658 2896 vel
1671 2834 1706 2896 in
1719 2832 1789 2894 aliis
1800 2830 1844 2889 hu

233 2933 440 2996 correctione
463 2947 661 2993 excessuum
675 2932 708 2991 et
719 2930 807 3002 aliis,
823 2945 898 3007 quae
913 2929 1027 2990 archi·
1075 2936 1224 3013 Jusmodi
1237 2934 1390 3007 abbatiis,
1406 2949 1447 2995 aa
1459 2932 1632 2994 damnant
1643 2928 1845 3009 adjudicantes
1937 3000 1938 3017 2

234 3031 367 3093 diaconi
382 3029 489 3091 soleat
511 3028 544 3089 et
568 3027 707 3105 possunt
716 3025 960 3088 rationabiliter
973 3026 1028 3087 in·
1080 3034 1233 3095 eidemin
1248 3031 1450 3094 monasterio
1465 3029 1657 3107 supradicto
1669 3028 1843 3106 quaeipsun.

233 3131 388 3207 tundere»
417 3125 563 3188 audituri
587 3126 630 3197 θῐ,
655 3125 749 3186 salia
773 3139 833 3185 ⁸11³
861 3123 977 3201 redula
995 3123 1028 3185 θῑ
1080 3132 1134 3194 vel
1147 3130 1410 3209 praedecessores
1434 3144 1512 3189 suos
1534 3126 1569 3188 in
1582 3123 1846 3198 monasterioipso

235 3225 366 3288 abbatis
382 3224 434 3285 sui
448 3222 623 3285 obedentia
636 3221 757 3293 debita,
770 3221 946 3283 servaturi·
963 3223 1029 3282 ΡΘ·
1081 3230 1134 3292 vel
1148 3230 1185 3290 in
1196 3228 1321 3290 eisdem
1336 3226 1479 3288 abbatiis
1490 3225 1678 3288 constiterit
1700 3221 1848 3289 habuisse,

233 3324 288 3386 tiit
302 3323 438 3398 insuper
450 3335 492 3381 ne
502 3321 542 3380 de
555 3321 675 3380 caetero
688 3319 836 3380 lacerent
845 3318 974 3395 aliquos
986 3317 1027 3378 de
1083 3343 1184 3405 super
1195 3326 1272 3388 aliis
1284 3325 1480 3404 perpetuum
1490 3324 1521 3385 ei
1538 3322 1710 3384 silentium
1719 3322 1849 3397 impona·

236 3413 1030 3492 senonenbalivaeopraetermissocoram...oid·
1081 3426 1125 3488 fis
1146 3423 1362 3500 inpraedictjs
1390 3420 1554 3493 omnihus,
1577 3414 1852 3494 suppatoappppp.

236 3515 314 3578 ciali
329 3511 1030 3588 Senonen.archiepisccpiconvenireasse·
1082 3521 1183 3582 tionis
1205 3519 1375 3582 obstaculo
1389 3516 1590 3595 processuri.
1616 3515 1727 3576 Nullis
1750 3509 1852 3574 litteris

236 3629 316 3677 rens
339 3611 416 3674 illos
444 3610 536 3687 prius
553 3607 673 3669 debere
686 3608 865 3669 convenire
880 3607 940 3668 sub
957 3606 1028 3682 ipso
1082 3616 1298 3689 obstantibus,
1315 3615 1342 3678 si
1359 3631 1432 3693 quae
1444 3612 1660 3691 apparuerim
1679 3611 1795 3689 ppaetffl·
1809 3621 1854 3666 ap.

236 3726 336 3789 quam
356 3723 469 3771 coram
491 3705 628 3767 officiali
644 3704 813 3781 praedicto,
830 3702 1030 3782 specialibus
1083 3730 1217 3779 sensum
1230 3713 1372 3791 partium
1385 3728 1406 3774 a
1421 3707 1706 3787 &coapostolus
1716 3704 1854 3783 impetra-

235 3808 342 3885 ipsius
359 3803 601 3881 archiepiscopi
612 3801 826 3864 ethominum
839 3816 879 3862 ac
892 3799 1029 3862 ramiliae
1082 3816 1137 3876 ιω,
1155 3810 1288 3884 Quodsi
1302 3825 1370 3871 non
1385 3805 1720 3881 omn0s‚etc.1)atum
1736 3798 1852 3877 Signia,

238 3922 308 3967 suae
327 3903 438 3966 causis
463 3900 635 3962 dumtaxat
659 3898 817 3975 exceptis.
834 3897 906 3959 Lite
927 3896 1031 3973 igitur
1083 3912 1127 3971 vr
1138 3908 1211 3971 idus
1222 3908 1321 3984 Junii,
1335 3905 1546 3984 pontificatus
1568 3902 1675 3965 nostri
1689 3915 1773 3975 anno
1788 3910 1854 3971 sep·

238 4017 339 4079 super
362 3998 545 4077 praemissis
565 4011 678 4059 coram
699 3995 846 4072 praelatis
861 3992 1031 4071 jndicibus
1084 4007 1177 4068 ωηο,

237 4098 386 4175 legitime
400 4095 595 4166 contestata,
611 4095 646 4155 et
658 4089 834 4172 [partibus]
846 4091 970 4153 auditis
988 4088 1031 4151 ab

239 4194 377 4265 eisdem,
387 4192 518 4270 judices
533 4190 574 4253 de
586 4189 758 4266 utriusque
770 4188 875 4266 partis
892 4203 1031 4251 assensu

239 4307 376 4355 causam
390 4291 496 4367 ipsam
512 4287 552 4348 ad
573 4302 715 4350 examen
733 4285 959 4365 apostolicum
971 4300 1029 4346 ro-
1394 4249 1568 4338 CXLVII

238 4388 412 4453 miserunt.
430 4385 514 4463 Ipsis
524 4400 604 4461 erge
615 4382 733 4445 abbate
746 4383 780 4446 et
795 4382 1031 4444 archidiacono
1144 4406 1197 4466 Aa
1208 4400 1414 4466 mancatum
1427 4401 1577 4462 eodm
1586 4400 1621 4459 s,
1638 4396 1809 4459 maome,

239 4488 403 4550 innostra
430 4482 607 4560 praesentia
629 4480 827 4548 constitutis,
849 4479 1031 4542 venerabi·
1375 4531 1409 4589 η
1429 4529 1497 4586 'und
1509 4528 1577 4586 ΜΒ

239 4584 305 4647 lem
321 4582 456 4644 fratrem
465 4581 613 4641 nostrum
624 4580 661 4639 P.
673 4576 1033 4654 albanenepiscopum
1425 4546 1435 4603 ³
1579 4571 1586 4584 '

240 4691 291 4752 eis
305 4688 457 4750 dedimus
481 4685 677 4747 auditorem·
701 4685 872 4759 Quumque
884 4682 956 4759 ipso
971 4696 1032 4742 al'-
1087 4657 1165 4723 [Pion
1178 4654 1319 4708 cartulaire
1327 4653 1358 4704 ds
1364 4652 1481 4717 l’nbbaye
1492 4651 1522 4702 de
1534 4648 1670 4708 S.-Trond‚
1678 4648 1699 4707 1,
1708 4647 1760 4707 lte,
1768 4660 1791 4696 n.
1803 4637 1860 4702 lte]

241 4788 439 4850 chidiacono
472 4783 604 4845 interim
630 4795 785 4856 regresso
812 4778 854 4840 ad
885 4777 1031 4856 propria,
1087 4763 1201 4824 inhibet
1227 4777 1264 4819 ne
1289 4775 1340 4834 pro
1359 4757 1561 4818 advocatorum
1585 4754 1749 4813 monasterii
1772 4749 1862 4808 ddicto

1123 4853 1196 4911 villae
1206 4849 1242 4908 ad
1253 4851 1347 4923 ipsum
1353 4847 1527 4921 pertinentes
1532 4843 1681 4903 interdicto
1686 4836 1863 4901 ecclesiasten

241 4902 303 4948 suo
317 4885 452 4962 propter
471 4881 534 4941 hcc
552 4878 767 4955 procuratore
782 4876 911 4947 rehcto,
926 4876 1033 4937 dictus

1122 4946 1326 5014 supponantur.

242 4973 1031 5062 episcopusinspexissetactajudiciidiligenter,
1846 5044 1852 5059 .

241 5083 354 5144 ettam
367 5079 440 5155 ipsa
455 5090 554 5154 quam
564 5087 615 5146 ea,
627 5088 700 5150 quae
712 5072 824 5149 partes
833 5071 1035 5133 curaverunt
1127 5063 1294 5127 Honorius
1305 5060 1489 5138 episcopus,
1502 5068 1795 5119 servassemornm
1801 5052 1864 5117 Del,

242 5191 428 5258 proponere
447 5188 560 5236 coram
585 5171 669 5247 ipso,
698 5167 794 5230 nobis
822 5169 856 5230 et
877 5167 1034 5229 iratribus
1088 5162 1218 5224 dilectis
1230 5159 1308 5221 liliis
1323 5155 1499 5220 conventui
1510 5153 1661 5217 ecclesiae
1675 5151 1785 5215 Sancti
1797 5150 1870 5209 Tru·

243 5276 369 5340 nostris
382 5271 525 5333 fideliter
549 5267 728 5337 retulisset,
752 5281 813 5327 uos
827 5265 1034 5329 attendentes
1088 5259 1194 5330 donis,
1207 5249 1871 5322 Leodiensisdicecesis,salutemetdpos·

244 5361 1035 5440 ecclesiarumconsuetudinesessasuperarchi·
1087 5350 1506 5419 tolicamhenedictionem.

245 5473 461 5533 diaconorum
476 5462 710 5543 jruisdictione
733 5460 893 5532 diversas,
910 5475 984 5521 cum
999 5458 1035 5519 in
1129 5456 1235 5526 Quum
1255 5446 1515 5523 anobispetitur
1528 5443 1615 5521 quod
1632 5444 1760 5521 justum
1782 5438 1832 5502 est
1844 5432 1875 5495 et

245 5569 309 5630 hoc
321 5583 403 5630 casu
431 5563 636 5625 nesciremus
661 5557 945 5629 consuetudinem,
968 5570 1034 5633 qua
1088 5552 1274 5620 honestum,
1289 5548 1358 5609 mm
1378 5545 1475 5621 vigor
1495 5541 1661 5620 aequitatis
1680 5555 1779 5618 quam
1798 5532 1874 5598 ordo

246 5666 282 5727 iu
295 5662 437 5726 abbatiis
451 5660 578 5723 ordinis
593 5656 722 5736 praelati
742 5653 935 5719 monasterii
957 5654 1034 5715 ute·
1090 5649 1195 5725 exigit
1208 5644 1359 5715 rationis,
1376 5644 1412 5704 ut
1421 5640 1455 5703 id
1465 5655 1525 5718 per
1538 5636 1795 5701 sollicitudinem
1805 5628 1876 5695 odi·
