3886 6214
119 304 201 385 me¹
725 305 956 376 nrrsronns.
978 305 1058 368 ms.
1080 305 1177 384 uu.»
1460 265 1491 296 ⁹
1703 307 1765 369 sao

121 462 288 545 episeopis
303 464 338 530 et
350 463 483 528 dilectis
505 463 586 527 illlis
600 464 680 529 allis
698 465 917 529 acclamarunt
971 464 1053 527 lium
1066 464 1296 543 eleemosynas
1310 463 1352 529 ad
1371 478 1455 543 opus
1477 480 1660 543 pauperum
1674 464 1765 528 beati

123 562 274 641 praelatis
292 561 335 624 ad
354 576 439 640 quos
459 561 580 627 litterae
603 563 677 625 istae
691 562 916 640 pervenerint,
971 560 1107 624 Antonii
1121 578 1196 623 cnm
1211 561 1401 624 hnmilitate
1417 577 1456 635 aa
1470 562 1611 624 reritme
1627 562 1766 639 petenti·

16 676 24 695 *
128 660 273 722 salutem
287 656 551 736 etApostolicam
561 659 837 723 benedictionem.
972 656 1044 730 bus,
1070 654 1145 736 pius
1169 657 1263 720 lavor
1286 659 1319 720 et
1346 658 1521 720 caritativa
1546 660 1681 736 propter
1701 658 1765 721 hoc
1901 704 1906 714 .

161 760 273 818 (irase
287 757 435 832 gerimus
461 757 494 818 et
514 756 688 833 indignum
709 752 808 835 quod,
831 754 919 817 mant
973 752 1120 817 subsidia
1142 755 1391 817 subtrahantur.
1412 756 1459 818 lia
1481 770 1573 828 vero,
1601 772 1675 834 quae
1697 772 1764 818 no-

124 853 222 916 nobis
237 852 381 916 relatum
397 855 458 925 est,
474 852 644 916 multoties
666 866 687 916 a
706 852 916 925 multesima,
972 852 1063 914 mine
1074 855 1111 914 B.
1124 853 1260 915 Antonii
1275 853 1437 915 noveritis
1450 866 1524 916 esse
1537 853 1669 927 collata,
1684 869 1767 915 con-

122 948 211 1013 siaut
231 954 303 1028 jam
329 965 413 1028 pena
448 948 650 1013 universalis
673 947 822 1015 Ecclesia
850 963 918 1012 non
973 948 1100 1026 signari
1115 952 1188 1027 ejus
1202 950 1649 1028 amissimprouteonrenit,
1665 949 1767 1029 iacia-

121 1048 270 1126 igmorat,
287 1048 450 1126 praetextu
460 1047 625 1111 simulata
636 1046 822 1124 religionis,
837 1047 918 1126 quin
972 1047 1027 1120 tis,
1044 1047 1306 1110 contradictores
1319 1062 1564 1125 percensuram
1581 1048 1765 1111 ecelesias-

122 1146 239 1227 potius
258 1144 457 1209 damnanda
471 1144 663 1222 cupiditatis
678 1144 824 1217 obtentu,
844 1144 921 1221 qui·
972 1142 1084 1217 ticam,
1097 1143 1774 1222 sublatoappellationisobstaculc,com-,

121 1244 200 1306 dam
215 1243 353 1305 nomine
368 1241 477 1307 sancti
487 1242 625 1305 Antonii
639 1242 799 1319 quasdam
813 1241 921 1317 regio·
973 1244 1159 1319 pascentes.
1195 1242 1314 1303 Datum
1346 1242 1482 1318 Signiae,
1512 1244 1542 1305 11
1573 1243 1650 1305 idus
1673 1241 1763 1322 iulii,
1792 1235 1794 1239 ’

121 1352 184 1403 nes
208 1339 422 1418 percurrunt,
448 1339 506 1417 qui
528 1336 756 1402 mendicantes
771 1338 813 1400 ad
837 1353 919 1415 opus
973 1338 1185 1416 pontificatus
1198 1338 1306 1409 nostri
1317 1338 1570 1423 annoseptiuso.

122 1442 317 1516 pauperum·
348 1434 591 1515 eleemosynas,
628 1451 690 1501 seu
726 1435 839 1499 uerius
877 1434 919 1497 ed

120 1534 242 1596 luxiam
268 1533 441 1612 proprium
477 1534 725 1612 extorquentes,
758 1533 922 1610 praerari-

122 1631 233 1695 cando
247 1630 397 1708 grauiter
410 1631 496 1710 quod
512 1629 623 1694 oblata
637 1630 835 1708 suscipiunt,
861 1629 919 1691 'sed

121 1727 922 1807 grauiusoffendendopercausas,quibussim··
1293 1706 1448 1803 CLXIV

120 1827 287 1905 plicesad
304 1825 509 1938 offerendum
531 1825 704 1899 inducunt,
731 1825 810 1888 dum
834 1824 919 1888 laisa
1021 1875 1050 1935 A
1051 1874 1074 1935 d
1081 1874 1239 1948 Momm
1251 1872 1286 1937 et
1299 1872 1478 1935 emmam
1492 1873 1715 1936 manorum·

121 1923 347 2000 confingendo
368 1921 544 1995 miracula,
567 1923 602 1985 et
628 1922 743 2000 ignota
766 1936 843 1985 ossa
859 1936 920 2000 pro·
1191 1976 1194 1981 .

122 2020 254 2083 metis
280 2020 433 2097 reliquiis
469 2018 684 2093 ostendendo,
714 2034 790 2083 oum
824 2018 920 2083 falsis
1263 2020 1298 2081 id
1317 2019 1380 2096 julii
1399 2021 1479 2083 itii.

122 2114 917 2209 litterisnonsolummodomagnatnmetregum,
1141 2162 1260 2229 mmm
1273 2161 1348 2213 Mis
1367 2161 1507 2223 mm
1522 2161 1592 2228 m]

119 2215 357 2277 verumetiam
375 2213 586 2292 Apostolicis,
603 2216 637 2278 ot
651 2214 793 2276 aliorum
806 2202 918 2276 eccie-

120 2314 183 2375 „oe
208 2313 436 2390 praelawfflm
464 2326 540 2377 ΒΜ
572 2313 608 2374 jn
636 2312 751 2376 mati,
778 2311 919 2391 pappos„
974 2299 1110 2356 Eescum
1130 2294 1263 2355 omnbus
1282 2290 1367 2354 bonis
1388 2295 1441 2353 sub
1462 2294 1538 2354 beati
1560 2295 1637 2355 Petri
1659 2303 1688 2355 et
1712 2313 1765 2357 sue

120 2410 290 2489 objiciunt
303 2406 502 2488 peregrinis,
514 2411 552 2472 et
564 2409 673 2472 iocum
687 2410 722 2471 in
735 2422 800 2488 quo
814 2424 918 2472 sanc·
1212 2386 1386 2458 mmmm
1399 2384 1527 2457 metm·

119 2508 195 2569 tum
210 2506 391 2569 Automum
417 2507 573 2567 asserunt
592 2505 804 2584 requiescere
823 2506 921 2569 inac-
1013 2511 1182 2577 Honorius
1191 2526 1682 2591 ep1scopusserrusserrornm
1693 2480 1764 2585 Dei,

122 2603 316 2666 cessibilem
336 2618 397 2681 pro
419 2603 585 2665 iuuenum
610 2602 741 2665 insidiis
762 2617 836 2664 esse
861 2603 918 2664 dl
972 2609 1104 2671 dilecds
1131 2607 1210 2673 iiliis
1238 2608 1343 2687 priori
1371 2608 1524 2670 ecclesiae
1554 2610 1767 2684 Pisauorum,

120 2702 250 2775 centes,
266 2701 464 2778 praeripiunt
478 2699 664 2763 oblationes
684 2714 809 2773 eorum,
836 2714 918 2779 quos
973 2706 1113 2769 salutem
1127 2707 1161 2769 et
1169 2704 1393 2783 apostolicam
1406 2704 1684 2787 benedictionem.

121 2798 317 2876 deceptoria
329 2797 577 2874 sudramorum,
591 2799 625 2859 et
638 2798 825 2860 orationum
836 2812 918 2875 pro-
1013 2803 1233 2867 sacrosancta
1257 2804 1407 2869 Romana
1434 2802 1584 2864 Ecclesia
1615 2803 1763 2879 devotos,

120 2895 288 2957 missione
300 2894 461 2957 solonem.
477 2896 571 2972 Saepe
584 2908 665 2957 vero
677 2908 826 2959 mensam
848 2895 917 2956 lin·-
972 2901 1005 2961 et
1018 2898 1163 2963 humiles
1174 2898 1262 2977 iiiios
1277 2914 1321 2960 ex
1335 2900 1478 2961 assuetae
1500 2899 1634 2977 pietatis
1653 2901 1765 2965 oiilcio

121 2990 178 3052 teo
190 2989 381 3065 coopertam
396 2986 577 3064 exponunt,
594 2989 628 3049 et
639 2987 806 3065 impositis
818 3002 919 3065 super
973 2995 1169 3074 propensius
1181 2994 1321 3073 diligere
1334 2995 1517 3069 consueuit,
1534 2998 1568 3063 et
1581 3013 1624 3058 ne
1635 3014 1764 3079 prauo-

122 3100 164 3148 ea
187 3083 311 3147 luridis
334 3084 490 3146 manibus
514 3098 575 3146 seu
596 3084 734 3162 pedibus
754 3087 919 3147 cremato-
972 3109 1046 3157 rum
1060 3091 1233 3157 hominurn
1245 3091 1407 3157 molestiis
1423 3093 1767 3169 agitentur,eostam-

7 3242 11 3251 ,
120 3196 198 3244 rum
212 3181 475 3244 adefferendum
496 3181 532 3242 in
554 3196 606 3255 ea,
627 3182 796 3259 nmquam
823 3183 859 3243 in
880 3196 919 3245 re
972 3204 1071 3268 qnam
1086 3189 1142 3266 pia
1152 3190 1258 3251 mater
1270 3204 1340 3251 suae
1354 3189 1570 3266 protectionis
1581 3191 1766 3255 munimine

122 3280 239 3357 aliqum
260 3278 456 3351 venerabili,
473 3278 682 3343 devotionem
707 3278 917 3343 credulorum
972 3285 1160 3349 contovere
1187 3286 1381 3364 Eapropter‚
1415 3286 1597 3351 dilectem
1624 3291 1764 3352 Domino

121 3377 288 3450 alliciunt,
306 3376 554 3460 misericordias
569 3376 628 3437 Dei
653 3377 775 3439 multas
790 3390 834 3439 ex
855 3377 965 3438 boc
960 3384 1032 3457 ·,ΗΗ
1058 3383 1126 3447 iuis
1150 3383 1255 3461 justis
1279 3382 1559 3460 postulationibus
1573 3386 1668 3463 grato
1682 3402 1765 3449 eon-

87 3473 196 3552 ·ipso
210 3474 383 3546 testamm,
398 3457 487 3550 quod
502 3474 690 3550 consumpti
704 3475 869 3546 nonsunt,
885 3472 918 3536 et
971 3480 1305 3552 curreuteeassensu,
1326 3481 1503 3543 ecclesiam
1518 3497 1593 3543 cnm
1611 3484 1764 3547 omnibus
1896 3536 1901 3551 .

121 3572 319 3650 patiendam
343 3573 417 3649 ejus
444 3584 600 3646 magnam
626 3580 700 3632 esse
725 3569 915 3647 probantes,
970 3577 1079 3650 bonis,
1093 3593 1167 3656 quae
1191 3577 1227 3639 in
1249 3577 1506 3654 presentiarum
1521 3578 1765 3645 rationabiliter

122 3668 209 3747 quod
226 3668 267 3730 de
281 3668 439 3729 crematis
460 3666 652 3745 hujusmodi
680 3667 805 3729 divinae
830 3668 916 3729 illu·
971 3674 1128 3753 possidet,
1154 3672 1640 3753 acininturumjustismodis,
1654 3694 1765 3755 praes·-¹

122 3765 233 3826 dendo
246 3764 373 3836 virtuti
390 3765 456 3842 ipsi
477 3763 615 3827 ultionis
635 3768 708 3842 ejus
735 3765 918 3842 divinoju-
970 3773 1062 3835 tante
1087 3770 1239 3841 Domino,
1263 3772 1387 3849 poterit
1408 3772 1559 3849 adipisci,
1585 3773 1647 3835 sub
1673 3773 1764 3838 beati

123 3860 212 3924 dicio
226 3864 509 3931 nonoremantur,
523 3860 559 3924 ut
579 3862 621 3923 de
635 3861 713 3923 eliis
738 3861 915 3927 abomina-
971 3867 1073 3938 Petri,
1100 3869 1135 3930 ei
1161 3865 1275 3928 nostra
1308 3865 1513 3942 protectione
1550 3868 1761 3945 suscipimus,

121 3959 272 4023 tionibus
282 3961 445 4032 taceatur,
462 3972 545 4037 ques
572 3959 661 4021 eirca
688 3960 916 4037 prescriptam
970 3962 1160 4047 specialiter
1174 3960 1284 4025 auum
1299 3961 1463 4035 redditus,
1480 3964 1514 4026 et
1533 3965 1763 4041 possessiones

122 4057 299 4119 materiam
335 4056 542 4119 committere
587 4057 789 4120 referuntur.
832 4058 916 4130 Quia
970 4061 1078 4123 eidem
1091 4059 1276 4122 ecelesiaea
1291 4058 1412 4121 dilecto
1424 4058 1493 4122 filio
1509 4063 1621 4124 nostro
1632 4064 1662 4125 J.
1672 4064 1763 4127 tituli

122 4154 227 4231 igitur
236 4153 690 4230 abusionistsntaeiisgitium
701 4154 916 4217 attentorum
971 4159 1101 4221 Sanctae
1111 4156 1274 4221 Praxedis
1289 4155 1482 4234 presbytero
1496 4158 1672 4232 cardinali,
1683 4162 1763 4223 tunc

124 4251 328 4327 flagitiorum
343 4250 483 4312 abusum
505 4264 567 4312 nso
581 4251 747 4324 volumus,
770 4264 832 4312 neo
857 4253 918 4314 de·
969 4255 1167 4334 Apostolicae
1184 4252 1279 4315 Sedis
1294 4253 1418 4329 legato,
1433 4254 1487 4331 pia
1504 4257 1537 4318 et
1557 4257 1694 4333 provida
1713 4258 1761 4319 li-

122 4347 239 4411 bemus
253 4347 396 4410 ulterius
410 4349 592 4424 sustinere;
611 4348 822 4412 universitati
834 4362 915 4411 res·
969 4352 1144 4415 beralitate
1164 4351 1316 4424 collatas,
1343 4353 1442 4429 prout
1459 4352 1496 4413 in
1510 4352 1616 4430 ipsius
1641 4355 1762 4418 litteris

123 4447 184 4509 irae
207 4458 267 4523 per
291 4445 483 4524 Apostolica
512 4445 635 4523 scripta
661 4445 858 4508 mandamus
884 4448 917 4509 st
970 4450 1092 4513 dicitur
1113 4448 1246 4527 plenius
1272 4448 1451 4521 contineri,
1476 4450 1564 4512 sieut
1588 4466 1628 4513 ea
1648 4454 1760 4514 omnia

123 4542 274 4606 districte
297 4542 521 4621 praecipimus,
544 4543 707 4620 maenus
732 4558 793 4620 per
816 4558 917 4621 paro-
966 4549 1067 4626 juste,
1097 4546 1257 4607 canonice
1282 4560 1323 4607 ac
1347 4544 1486 4623 pacifice
1509 4548 1670 4624 possides,
1686 4550 1759 4619 tibi,

124 4640 219 4703 onias
232 4641 365 4703 uestras
379 4640 576 4702 denuntiare
590 4640 784 4702 solemniter
800 4655 917 4717 procu·
970 4646 1004 4707 et
1018 4660 1077 4722 per
1087 4643 1121 4706 te
1136 4643 1199 4719 ipsi
1215 4642 1366 4705 ecclesis
1389 4643 1587 4708 sueoniae
1614 4648 1759 4725 Aposto-

124 4738 216 4810 netis,
231 4753 274 4799 ne
289 4736 511 4815 quaestoribus
526 4736 756 4815 hujuscemodi
769 4738 826 4814 qui
838 4752 918 4814 pro-
970 4741 1035 4803 lioa
1050 4739 1294 4811 confirmamus,
1318 4739 1351 4801 et
1365 4741 1540 4817 praesentis
1564 4743 1679 4820 scripti
1694 4760 1773 4821 pa·-

124 4832 251 4912 ponunt
264 4834 355 4907 tatia,
368 4834 423 4897 uel
434 4834 622 4907 ostendunt,
639 4850 700 4896 nec
716 4835 915 4911 impertian-
961 4838 1113 4900 'trocinio
1128 4837 1380 4898 communimus.
1403 4837 1496 4899 Nulli
1522 4855 1601 4915 ergo
1625 4841 1760 4905 omnino

122 4934 177 4994 tur
204 4930 366 5002 auditum,
396 4944 458 4992 nec
484 4929 682 4992 beneficium
717 4930 915 5007 largiantur,
971 4935 1141 4996 bominum
1156 4933 1255 4994 licoat
1274 4932 1360 4995 hanc
1375 4935 1531 5012 paginam
1553 4936 1674 4998 nostrae
1687 4952 1761 5014 pro·

125 5029 203 5106 quin
224 5029 334 5105 potius
360 5042 417 5089 eos
436 5026 523 5089 sicut
544 5026 635 5091 iures
659 5028 693 5090 et
709 5024 917 5107 deceptores
970 5027 1135 5109 iectionis,
1158 5028 1193 5089 et
1216 5026 1477 5091 confirmationis
1499 5029 1691 5105 intringere,
1706 5034 1760 5094 uel

124 5125 307 5200 montanos
322 5125 355 5185 et
367 5120 579 5201 blasphemos
592 5122 795 5185 confundant
807 5125 916 5186 ethu—
971 5126 1003 5186 ei
1018 5141 1102 5186 ausu
1115 5123 1295 5187 temerario
1308 5124 1486 5187 contraire.
1510 5126 1544 5187 si
1560 5126 1634 5203 quis
1648 5131 1760 5191 autem

124 5221 255 5283 milient
282 5221 443 5283 universi.
471 5221 610 5282 Proviso
646 5220 838 5297 prudenter,
861 5234 915 5294 ne,
972 5223 1034 5286 boc
1047 5222 1210 5284 attentare
1225 5222 1481 5299 praesumpserit,
1498 5222 1760 5298 indignationem

126 5318 204 5379 dum
234 5316 300 5379 uiri
323 5316 373 5378 sio
397 5316 545 5393 pestiferi
573 5318 793 5395 repelluntur,
827 5318 917 5379 raris
972 5319 1206 5396 omnipotentis
1219 5319 1501 5381 Deietbeatorum
1514 5321 1648 5383 Petriet
1663 5324 1759 5386 Pauli

125 5412 350 5493 quaestoribus
364 5414 497 5491 pietatis
512 5414 641 5475 viscera
658 5413 915 5492 praecludantur.
954 5416 1196 5493 apostolorum
1225 5418 1298 5492 ejus
1318 5432 1354 5476 se
1382 5415 1543 5477 noverit
1534 5432 1757 5483 incursurum.

126 5514 209 5585 Quia
224 5511 275 5572 sic
298 5508 454 5572 volumus
469 5511 520 5572 eis
538 5510 700 5584 audium,
716 5512 768 5572 rel
792 5510 920 5574 beneii-
972 5514 1091 5575 Datnm
1105 5512 1239 5589 Signiae,
1248 5511 1446 5588 idibusjulii,
1457 5514 1666 5588 pontificatus
1678 5534 1761 5580 nos

127 5609 215 5671 ciam
227 5607 403 5683 denegari,
418 5622 461 5670 ne
482 5607 564 5669 siris
577 5608 815 5675 misericordiae
831 5606 916 5670 tide·
972 5611 1015 5671 tri
1030 5624 1119 5671 anno
1133 5609 1283 5686 septimo.
