3972 6204
270 358 332 421 adr

272 520 460 580 remaneret
470 516 600 595 penitus
615 518 649 581 et
660 517 836 589 iudemnis,
853 519 887 581 et
899 520 1064 581 uteorum

271 614 384 677 verbis
414 618 556 685 utamur,
587 616 749 677 termines
784 630 879 677 norae
911 615 1065 677 dioecesis

889 360 1067 423 nondun
1086 361 1132 421 111
1153 361 1301 422 OPERA.
1850 359 1900 421 θῶ

1120 519 1242 578 nostrae
1257 518 1480 579 concessionis
1494 517 1690 595 iufringere,
1702 519 1757 580 vel
1772 520 1804 580 ei
1827 535 1900 580 ausu

1119 614 1297 676 temerario
1324 614 1501 676 contraire.
1531 616 1566 676 Si
1595 615 1672 692 quis
1704 618 1818 677 autem
1845 616 1901 677 lroc

272 712 407 775 extendi
423 727 525 788 usque
539 711 581 773 ad
595 712 727 774 diaetam
743 714 775 774 et
786 711 956 773 dimidiam
972 712 1068 773 inre-
1120 713 1283 773 attentare
1296 712 1555 789 presumpserit,
1567 712 1903 789 indignationemom·

272 809 403 871 nerunt.
434 808 633 870 Parocliiam
666 808 794 870 scilicet
817 807 1067 870 Chumhansche

272 921 346 965 cum
365 904 517 965 omnibus
538 907 607 967 suis
623 906 833 982 pertinentiis
853 906 889 966 in
912 921 979 982 qua
1003 905 1067 967 sita

271 1004 324 1063 est
346 1003 487 1064 ecclesia
513 1003 743 1065 seccoviensis
764 1017 869 1080 usque
896 1002 939 1064 ad
966 1002 1067 1063 duem

273 1098 441 1176 parochiae
460 1101 494 1167 s.
513 1099 686 1162 Laurentii
697 1101 732 1161 in
745 1102 869 1175 Laugo,
886 1099 1066 1162 ecclesiam

271 1211 351 1257 sero
364 1197 397 1257 S.
414 1197 530 1257 Mariae
555 1196 590 1257 in
605 1197 737 1258 Brauch
763 1211 869 1273 usque
897 1197 939 1258 ad
964 1195 1066 1257 duem

271 1292 439 1369 parochie
454 1294 611 1354 Lemuizli
637 1293 671 1353 in
686 1293 789 1355 latum
818 1309 893 1355 cum
908 1293 1066 1354 omnibus

160 1414 164 1427 ¹
271 1389 422 1450 ecclesiis
443 1389 561 1450 mediis
589 1393 622 1451 et
655 1406 770 1451 earum
799 1389 1014 1466 pertinentiis
1035 1390 1068 1451 et

273 1486 411 1561 capellis
422 1502 495 1562 quae
507 1489 584 1548 sunt
598 1488 632 1548 in
647 1502 764 1547 earum
778 1486 930 1555 terminis
942 1487 1068 1548 consti-

272 1583 364 1643 tutae.
389 1581 549 1643 Redditus
575 1584 687 1644 autem
715 1582 827 1643 futuro
846 1582 1066 1659 assignandos

273 1679 428 1754 episcopo
448 1678 647 1740 invenerunt
663 1679 838 1741 scelestam
853 1679 1025 1741 Vanstorff
1034 1681 1068 1740 et

272 1774 409 1850 triginta
430 1790 563 1836 mansos
579 1776 620 1837 de
636 1792 781 1847 nemore,
805 1775 891 1852 quod
906 1778 958 1839 est
980 1775 1066 1852 apud

272 1870 422 1943 fiuvium,
464 1873 520 1949 qui
570 1875 712 1935 vocatur
745 1873 857 1942 Gerul,
891 1873 1066 1934 ecclesiam

1120 809 1300 885 nipotenIis
1327 809 1388 871 Dei
1410 813 1443 871 et
1460 807 1632 870 beatorum
1647 809 1740 872 Petri
1762 812 1796 870 et
1816 810 1903 871 Pauli

1120 906 1342 982 apostolorum
1369 908 1443 982 ejus
1466 922 1502 966 se
1528 906 1659 967 noverit
1684 906 1901 967 incursurum.

1120 1004 1236 1063 Datum
1253 1005 1365 1064 Itomae
1385 1002 1427 1063 ad
1455 1005 1488 1063 S.
1515 1005 1662 1075 Petrum,
1692 1018 1753 1080 per
1780 1019 1902 1064 manum

1121 1099 1266 1170 Reuerii,
1292 1102 1324 1160 S.
1348 1102 1506 1161 Romanae
1525 1099 1684 1161 Ecclesiae
1698 1100 1901 1161 vicecancel-

1120 1195 1208 1267 larii,
1234 1196 1346 1259 lIkal.
1372 1197 1462 1275 julii,
1493 1196 1607 1257 indict.
1636 1198 1725 1268 VIII,
1755 1199 1903 1257 incarna-

1119 1293 1222 1354 tionis
1246 1294 1426 1355 Domiulcae
1441 1308 1530 1354 anno
1544 1294 1751 1365 mccxvni,
1782 1292 1905 1369 pontid·
1975 1294 1976 1377 l

1120 1391 1213 1451 catus
1226 1406 1305 1452 rero
1319 1390 1446 1455 domini
1471 1390 1612 1453 Hunorii
1639 1406 1737 1467 papae
1760 1391 1809 1451 III
1828 1404 1903 1451 anno
1975 1396 1976 1441 l

1119 1486 1275 1548 secundo.

1159 1584 1252 1644 Nulli
1265 1598 1344 1660 ergo
1358 1585 1494 1647 omnino
1518 1583 1689 1646 hominum
1712 1582 1817 1646 liceat
1830 1584 1905 1646 hanc

1120 1681 1275 1757 paginam
1300 1682 1422 1742 nostrae
1449 1681 1676 1743 annotationis
1699 1682 1736 1743 et
1753 1681 1907 1743 mustico-

1120 1777 1221 1838 tionis
1254 1776 1449 1853 intringere,
1477 1777 1532 1839 rel
1556 1777 1590 1839 ei
1615 1792 1702 1839 ensu
1734 1777 1905 1839 temerario

1120 1874 1300 1935 contraire.
1328 1875 1363 1934 Si
1401 1874 1474 1951 quis
1506 1874 1618 1935 autem
1652 1874 1718 1935 lroc
1752 1874 1906 1935 attentare

272 1967 466 2040 Laebeuzh,
507 1970 684 2031 ecclesiam
720 1973 853 2045 Vogan,
892 1970 1067 2031 ecclesiam
1121 1971 1379 2047 praesumpserit,
1396 1970 1659 2046 indIgnationem
1677 1970 1907 2047 omnipotentis

1121 2068 1179 2128 Dei
1194 2070 1228 2129 et
1241 2067 1413 2130 beatorum
1427 2067 1517 2130 Petri
1532 2069 1566 2129 et
1575 2067 1673 2128 Pauli
1688 2069 1907 2143 apostolorum
1975 2082 1976 2095 ¹

274 2064 377 2135 Rahe,
391 2081 464 2125 cum
478 2066 631 2127 omnibus
644 2067 854 2145 pertinentiis
864 2067 1065 2138 earumdem,

274 2162 367 2222 salvo
381 2163 492 2223 tamen
503 2166 581 2239 jure
596 2178 823 2239 personarum,
838 2180 911 2240 quae
924 2163 972 2225 ini
983 2163 1067 2224 hac·

272 2262 370 2319 tenus
392 2260 531 2320 Domino
556 2261 762 2335 secularunt3
789 2261 916 2323 curiam
938 2276 1067 2337 quoque

274 2355 467 2415 decimalem
482 2356 518 2416 in
535 2357 660 2417 saccali
675 2360 706 2417 et
720 2358 852 2418 domum
869 2359 903 2417 in
918 2357 1065 2430 Frisaco,

274 2467 373 2527 quarn
388 2467 408 2511 a
422 2452 525 2512 nobili
538 2454 677 2516 muliere
692 2457 818 2525 Emma,
834 2455 867 2515 et
881 2454 1012 2514 domum
1031 2454 1066 2514 in

273 2547 408 2609 civitate
440 2548 694 2624 salzeburgensi
729 2566 827 2627 quam
853 2550 894 2612 alr
923 2551 1067 2613 ilenrico

274 2644 346 2706 cive
360 2644 614 2721 salzeburgensi
643 2647 764 2717 emisti,
791 2663 834 2708 ex
858 2647 975 2725 quibus
990 2663 1065 2708 om·
1089 2710 1090 2713 ,

271 2740 370 2803 nibus
395 2742 577 2803 secundum
601 2744 882 2805 existimationem
903 2744 1065 2805 honorum

272 2839 420 2899 virorum
440 2842 663 2901 trecentarum
686 2841 898 2902 marcharum
919 2841 1067 2903 redditus

271 2934 422 3013 plenarie
450 2937 628 3013 provenire
655 2938 848 3011 creduntur,
878 2938 918 2999 de
947 2938 1066 3015 quihus

271 3031 402 3094 iuturus
413 3034 589 3110 episcopus
600 3034 784 3096 honorifice
798 3036 920 3113 poterit
934 3036 1067 3097 susten-

271 3130 349 3191 tari.
547 3141 550 3146 ·

313 3225 406 3287 Unde
428 3227 523 3287 nohis
546 3243 606 3303 per
626 3228 777 3289 eumdem
799 3229 1011 3306 praepositum
1033 3231 1066 3290 et

253 3323 400 3395 ‚litteras
415 3325 490 3384 tuas
510 3325 630 3386 iterum
652 3341 727 3387 cum
750 3326 911 3388 instantiis
934 3324 1065 3403 suppli-

271 3421 365 3491 casti,
383 3436 457 3480 cum
474 3422 610 3497 paratus
626 3423 674 3482 sis
696 3427 730 3483 et
744 3423 913 3484 dioecesim
929 3426 962 3485 et
984 3422 1065 3483 red-

270 3516 369 3599 ditus,
382 3518 468 3579 sicut
482 3519 635 3594 superius
651 3521 703 3581 est
723 3535 929 3596 expressum,
954 3519 1065 3581 tuturo

270 3727 394 3771 novum
405 3709 630 3787 episcopatum
641 3728 675 3771 rn
687 3712 843 3788 praedicta
854 3711 1064 3775 seccoviensi

270 3809 413 3868 ecclesia
430 3807 648 3880 traderemus
666 3810 713 3870 ita
725 3808 810 3885 quod
823 3809 942 3869 electio
957 3823 996 3868 ac
1011 3808 1067 3867 in-

270 4016 364 4073 spores
378 4004 451 4062 tuos
464 4000 588 4078 absque
603 4003 690 4063 omni
705 4003 968 4064 contradictione
982 4017 1064 4077 per·

269 4099 385 4167 tinent,
402 4097 443 4158 de
467 4115 607 4175 quorum
631 4098 728 4160 honis
750 4099 838 4160 idem
852 4100 1064 4174 episcopatus

268 4194 401 4256 dotatus
415 4195 565 4256 noscitur
576 4196 610 4255 et
620 4195 753 4257 ditatus.
767 4196 946 4257 dorcensis
955 4197 1065 4256 antem

269 4292 455 4368 episcopus
472 4292 529 4368 qui
543 4293 689 4352 vicarIus
706 4292 981 4368 salzeburgensis
1000 4308 1063 4351 an-

268 4387 383 4450 tIstitis
398 4387 433 4448 in
453 4404 513 4448 sua
527 4388 665 4449 dioecesi
692 4405 765 4450 esse
789 4390 1006 4464 dignoscitur,
1029 4388 1064 4448 in

271 4486 327 4544 illo
339 4500 468 4562 quoque
479 4486 521 4546 sit
532 4486 727 4562 eplecopatu
737 4487 892 4556 stcarius,
904 4487 1062 4562 quantum

269 4582 565 4658 archiepiscopalis
598 4584 703 4660 calgii
727 4583 929 4660 jnrisdictIo,
958 4597 999 4642 ne
1029 4582 1065 4642 in

270 4679 446 4740 hocetiam
458 4682 515 4755 jus
529 4679 634 4755 ipsius
645 4695 748 4755 grave
768 4679 976 4756 dispendIum
1000 4692 1063 4755 pa-

270 4776 384 4837 tiatur.

308 4875 378 4933 Nos
390 4873 492 4947 igitur
504 4872 617 4935 habito
633 4873 772 4935 fratrum
781 4875 971 4934 nostrorum
983 4888 1065 4935 con-

269 4970 356 5042 silio,
370 4970 447 5045 quia
462 4972 555 5031 tuum
572 4970 604 5030 in
616 4970 679 5031 hac
695 4972 789 5046 perte
803 4970 1007 5046 propositum
1022 4969 1063 5030 ad

268 5067 372 5129 divini
388 5066 533 5127 nominis
555 5066 697 5143 gloriam
714 5070 746 5128 et
766 5067 959 5128 christianae
979 5065 1063 5127 reli-

267 5163 377 5241 gionis
398 5164 613 5238 augmentum
633 5163 858 5225 intelleximus
885 5164 1062 5239 pertinere,

269 5260 383 5323 sarcre
395 5259 476 5319 illud
494 5259 683 5335 apostolico
699 5261 934 5336 prosequentes
945 5261 1063 5334 postu-

267 5355 336 5417 lata
365 5355 591 5425 concedimus,
614 5355 701 5416 sicut
725 5355 879 5431 superius
903 5356 981 5415 sunt
1003 5371 1065 5415 en·

268 5468 395 5533 pressa,
410 5450 483 5511 sine
506 5452 595 5527 jnris
609 5453 803 5529 praejudicio
828 5453 941 5513 alieni.
970 5452 1062 5511 Nulli
1118 5452 1236 5511 Datum
1258 5453 1372 5521 Reate,
1392 5453 1420 5510 V
1436 5451 1512 5512 idus
1536 5456 1690 5531 augusti,
1712 5460 1923 5535 pontificatus

268 5562 346 5623 ergo
357 5547 493 5611 omnino
509 5548 680 5611 homiuum
699 5549 894 5611 liceatlranc
907 5549 1072 5628 paginam·

1120 2168 1192 2241 ejus
1206 2181 1242 2225 se
1255 2166 1387 2226 noverit
1409 2165 1635 2226 incursurum.
1656 2167 1782 2226 Datum
1805 2168 1906 2235 Reate,

1121 2264 1163 2323 VI
1185 2261 1260 2321 idus
1278 2262 1422 2337 augusti,
1450 2261 1664 2339 pontificatus
1684 2263 1799 2324 nostri
1830 2276 1908 2322 anno

1120 2356 1258 2420 decImo.

1475 2605 1553 2691 VII

1145 2782 1197 2841 Ad
1211 2780 1364 2840 abbatem
1379 2780 1412 2841 et
1425 2782 1584 2854 priorem
1601 2782 1893 2854 aquicinctenses.
1975 2874 1976 2879 ἵ

1397 2930 1418 2999 9
1431 2930 1546 3002 augusti
1560 2929 1641 2987 Irin.

1120 3059 1216 3124 [Fonds
1227 3062 1338 3119 narsen,
1350 3061 1407 3111 tiss.
1420 3060 1534 3117 latinam.
1545 3060 1669 3119 CXXXV,
1676 3061 1910 3125 nmilihlmt]

1120 3192 1251 3265 Indulget
1270 3208 1307 3251 ue
1333 3208 1383 3266 per
1406 3193 1627 3251 commissiones
1649 3194 1830 3267 Apostolicae
1843 3192 1913 3253 Sedis

1154 3281 1308 3354 procedere
1323 3288 1485 3351 teneantur,
1505 3282 1562 3338 nisi
1573 3280 1610 3339 de
1624 3281 1810 3355 indulgentia
1824 3283 1912 3355 hujus·
1975 3292 1976 3343 Ὗ

1154 3369 1232 3427 modi
1252 3369 1369 3427 iecerint
1385 3371 1571 3427 mentionem.

1159 3514 1337 3585 Honorius,
1354 3514 1430 3586 etc„
1452 3513 1584 3576 dilectis
1603 3514 1686 3575 liliis
1701 3514 1838 3578 abbatis
1852 3518 1911 3577 et..
1975 3516 1976 3537 ³

269 3613 425 3689 episcopo
440 3614 625 3691 assignare,
645 3614 705 3676 tihi
721 3615 911 3679 facultatem
930 3614 1064 3681 creandi
1118 3610 1223 3687 priori
1244 3610 1504 3687 Aquicinctensi,
1525 3611 1671 3673 salutern
1693 3614 1728 3673 et
1749 3611 1913 3691 nponon·
1975 3620 1976 3685 ,

1118 3721 1190 3767 cam
1205 3705 1481 3767 benedictionem.

1158 3801 1295 3863 duobis
1308 3802 1481 3863 humililer
1491 3803 1701 3879 postulastis.
1718 3810 1759 3868 ut
1771 3823 1847 3869 curn
1858 3822 1914 3867 non

269 3905 429 3966 vestitura
442 3905 590 3982 ejusdem
603 3906 750 3982 episcopi
764 3906 807 3967 ad
822 3908 854 3967 te
876 3907 909 3967 et
930 3920 1065 3965 succes·
1119 3898 1270 3960 habands
1293 3899 1382 3975 juris
1413 3900 1567 3976 peritiam
1598 3902 1632 3961 et
1662 3906 1807 3980 propter
1834 3903 1916 3981 jndi-
1975 3906 1976 3985 }

1118 3996 1245 4056 ciorum
1271 3997 1446 4072 strepitum
1477 3997 1651 4074 contingat
1681 4000 1732 4061 sic
1764 4002 1805 4062 in
1830 3999 1915 4062 vonis
1975 4044 1976 4059 .

1118 4092 1408 4170 contemplationis
1434 4095 1537 4156 otium
1571 4096 1745 4171 impediri,
1777 4099 1916 4160 eximere
1975 4090 1976 4145 i

1118 4206 1221 4252 rosa
1252 4192 1522 4253 commissionum
1557 4196 1757 4255 nostrarum
1795 4195 1915 4257 sollici·

1118 4288 1232 4350 tudine
1251 4289 1478 4364 dignaremur.
1511 4291 1584 4351 Nos
1611 4297 1727 4352 autem
1754 4290 1916 4355 devotioni

1117 4389 1237 4447 vestrae
1272 4386 1472 4449 auctoritate
1504 4388 1726 4462 praesentiam
1773 4390 1918 4465 indage·

1118 4498 1211 4553 mite,
1237 4497 1280 4543 ne
1306 4498 1366 4559 per
1394 4482 1650 4545 commissiones
1675 4487 1830 4559 nostras,
1845 4501 1916 4564 quas

1118 4579 1158 4640 ad
1195 4595 1254 4640 vos
1293 4578 1334 4640 de
1363 4580 1485 4641 caetero
1518 4580 1698 4657 impetrari
1732 4583 1917 4661 contigerit,

1118 4675 1297 4752 procedere
1323 4675 1518 4747 teneamini,
1544 4677 1613 4737 nisi
1641 4678 1684 4738 de
1714 4679 1919 4757 indulgentis

1118 4771 1307 4850 hujusmodi
1327 4770 1468 4835 fecerim
1490 4774 1711 4837 mentionem.
1736 4779 1837 4839 Nulli
1850 4791 1919 4852 ergo
1975 4778 1976 4789 ’

1118 4869 1252 4930 omnino
1292 4868 1464 4931 hominum
1501 4868 1604 4932 liceat
1640 4871 1734 4934 hanc
1769 4876 1919 4952 paginam

1118 4969 1240 5028 nostrae
1262 4966 1490 5027 concessionis
1503 4966 1709 5044 infringere,
1726 4973 1787 5033 rel
1802 4975 1834 5035 ei
1847 4987 1921 5033 unsri

1117 5063 1297 5125 temerario
1329 5064 1510 5123 contraire.
1543 5065 1579 5125 Si
1611 5067 1690 5142 quis
1720 5074 1841 5131 autern
1868 5069 1921 5129 hoc

1117 5162 1280 5221 attentare
1329 5162 1599 5237 presumpserit,
1655 5164 1921 5241 indignationem

1117 5257 1352 5333 omnipotentis
1366 5257 1427 5318 Dei
1441 5259 1474 5318 et
1484 5256 1663 5320 beatorum
1676 5264 1777 5327 Petri
1788 5269 1824 5327 et
1836 5262 1923 5325 Pauli

1118 5354 1345 5430 apostolorum
1370 5356 1444 5430 ejus
1470 5369 1508 5415 se
1532 5357 1670 5419 noverit
1697 5361 1921 5423 incursurum.

1119 5548 1224 5611 nostri
1241 5564 1330 5610 anno
1345 5547 1486 5611 decimo.
