3972 6204
232 344 295 405 915
855 342 1031 405 HONORII
1053 344 1099 406 111
1120 343 1268 445 optigt.
1803 348 1852 409 tlt

227 505 364 582 piscopo
377 518 472 565 snam
489 502 660 564 dioecesim
683 500 833 564 visitanti
858 517 1023 580 procura-

226 602 336 665 tiones
348 600 478 663 debitas
492 601 540 662 ita
553 600 708 661 hilariter
722 599 881 661 exhibere
901 599 1024 662 curetis

228 698 315 778 quod
328 698 489 761 iacientes
501 698 542 759 de
555 698 754 760 necessitate
769 699 926 760 virtutem
939 699 1025 760 etex

229 796 341 859 debito
364 796 459 858 vohis
482 796 625 872 gratiam
647 798 891 873 comparantes,
916 796 1024 873 ipsum

229 894 516 971 archiepiscopum
532 892 627 955 vohis
644 893 790 955 reddatis
809 892 1025 955 favorabilem

227 990 465 1067 ethenignum.
491 992 610 1052 Datum
639 991 752 1062 Reate,
775 989 849 1051 idus
878 991 1023 1068 augusti,

228 1088 439 1165 pontificatus
452 1087 556 1150 nostri
567 1103 655 1148 anno
670 1087 809 1149 decimo.

287 1553 340 1612 Ad
353 1552 645 1614 Mediolanensem
656 1552 963 1626 arehiepiscopum.

495 1690 528 1748 lo
549 1691 664 1764 angusti
680 1691 759 1749 liat.

383 1813 458 1878 [illst.
471 1818 537 1879 petr.
548 1828 665 1864 monum.
678 1813 764 1864 Chart.
780 1814 800 1872 1,
813 1814 895 1879 lm]

227 1939 262 1997 lii
288 1938 404 1996 mandat
428 1945 459 1996 ut
480 1937 718 2013 adprehendam
743 1940 879 1998 himerici
899 1940 1026 1998 cantoris

262 2029 448 2087 Novariensis
461 2027 595 2086 idoneum
611 2029 679 2102 eligi
694 2029 723 2087 in
740 2028 908 2088 diaconatus
922 2031 967 2087 uel
982 2045 1026 2087 sa·

264 2115 383 2174 cerdotii
400 2115 500 2174 ordine
516 2118 713 2175 constitutum.

267 2253 435 2314 Honorius
444 2253 631 2330 episcopus,
640 2269 756 2315 servus
768 2269 940 2316 servorum
953 2256 1024 2327 Dei,

229 2349 415 2412 venerabili
446 2350 579 2412 fratri...
616 2351 860 2412 Mediolanensi
889 2352 1027 2415 archie-

227 2448 374 2524 piscopo,
399 2447 541 2510 salutem
564 2450 598 2510 et
619 2450 843 2525 apostolicam
868 2448 1027 2512 benedie-

229 2544 369 2606 tionem.

270 2643 320 2702 Ex
334 2642 429 2716 parte
441 2641 642 2704 venerabilis
653 2643 767 2705 fratris
780 2644 922 2705 nostri...
943 2646 1028 2706 Sao-

229 2739 345 2800 nensis
357 2739 557 2816 episcopt...
574 2740 744 2818 praepositi
763 2741 797 2803 et
808 2741 1026 2818 quorumdam

166 2824 171 2831 ’
230 2836 618 2899 aliorumoanonicorum
627 2838 884 2900 Novariensium
897 2839 1028 2901 luitno-

230 2932 281 2995 bis
290 2934 427 2996 auribus
438 2935 637 3008 intimatum,
652 2935 739 3013 quod
752 2937 1034 3014 cuminipsorum

229 3031 372 3094 ecelesia
384 3048 444 3111 per
457 3035 490 3095 te
512 3034 709 3096 auctoritate
731 3035 844 3097 nostra
868 3036 1034 3103 secutum,

229 3128 342 3202 luerit,
358 3133 394 3192 ut
408 3130 455 3191 ihi
466 3133 510 3193 sit
523 3133 632 3195 certus
645 3148 803 3193 numerus
818 3132 1027 3195 sacerdotum

229 3226 276 3290 ita
291 3229 377 3306 quod
393 3230 421 3289 si
437 3229 547 3291 locum
559 3230 746 3292 sacerdotis
761 3246 882 3293 vacare
897 3231 1028 3293 contin-

227 3326 323 3401 geret
345 3342 412 3388 non
434 3326 694 3390 substitueretur
708 3329 740 3388 ei
755 3329 843 3389 alius
857 3345 957 3406 quam
971 3345 1028 3390 sa-

228 3423 357 3495 cerdos,
372 3423 424 3485 vel
440 3424 518 3486 talis
533 3426 590 3503 qui
601 3425 667 3488 cito
677 3426 714 3487 in
728 3427 933 3490 sacerdotem
948 3442 1028 3504 pro-

228 3521 357 3583 moveri
377 3522 518 3589 valeret,
534 3525 567 3585 et
581 3539 641 3584 nos
653 3525 813 3586 statutum
834 3524 1027 3602 hujusmodi

230 3619 436 3696 postmodum
455 3619 649 3681 duxerimus
669 3620 943 3693 confirmandum,
960 3638 1028 3683 nu·

226 3732 287 3793 per
300 3715 398 3778 honae
412 3717 582 3778 memoriae
593 3716 789 3797 A(imerico)
806 3720 943 3781 cantore
957 3722 1029 3780 No·

227 3814 387 3887 vaniensi,
419 3814 476 3893 qni
502 3814 659 3877 sacerdos
682 3815 802 3887 luerat,
833 3817 922 3879 viam
949 3818 1028 3878 uni·-

228 3927 335 3974 versae
350 3913 465 3973 carnis
479 3913 642 3988 ingresso,
660 3929 735 3975 cum
749 3913 874 3977 vellent
885 3914 926 3976 ad
939 3931 1029 3992 prae-

227 4008 370 4071 bendam
396 4009 502 4086 ipsius
529 4009 734 4071 inhaerentes
759 4012 884 4073 statuto
910 4011 1029 4089 huJus·

229 4106 319 4167 modi
334 4106 459 4182 eligere
472 4106 678 4169 sacerdotem
693 4110 726 4169 et
746 4108 794 4169 sie
819 4109 1029 4171 convenisset

229 4204 265 4264 in
294 4206 466 4280 Hugonem
493 4206 654 4275 Moesum,
674 4205 784 4267 virum
808 4207 923 4284 utique
950 4206 1028 4268 vitae

228 4301 409 4362 laudabilis
435 4304 469 4363 et
492 4302 756 4364 conversationis
783 4304 944 4378 honestae,
972 4304 1028 4382 qui

229 4414 304 4460 cum
317 4399 360 4460 sit
373 4399 391 4459 d
397 4399 534 4460 laconus
548 4400 613 4461 cito
627 4403 739 4477 posset
749 4400 790 4462 ad
807 4401 1028 4464 sacerdotium

230 4498 430 4572 promoveri,
447 4497 650 4558 venerahilis
665 4498 769 4560 irater
789 4500 938 4560 noster...
953 4500 1027 4559 No-

229 4595 395 4657 variensis
444 4597 618 4673 episcopus
650 4596 838 4658 iohannem
876 4597 1028 4673 nepotem

229 4709 338 4765 suum,
352 4693 481 4771 magnis
492 4693 674 4755 redditibus
685 4694 921 4765 abundantem,
936 4710 1029 4756 eons-

228 4790 362 4853 titutnm
384 4792 420 4852 in
444 4791 629 4853 minoribus
653 4792 836 4862 ordinibus,
852 4793 1029 4854 occasione

229 4890 402 4966 cujusdam
425 4890 626 4966 receptionis
641 4889 720 4951 olim
741 4889 837 4951 lactae
853 4890 893 4951 de
918 4891 990 4967 ipso
1008 4906 1029 4953 a

231 4986 428 5064 quibusdam
443 4987 679 5048 concanonicis
700 4987 904 5055 eorumdem,
915 4988 1030 5049 inves-

228 5083 316 5145 tiens
338 5083 378 5143 de
403 5082 643 5160 praenominata
670 5083 848 5159 praebenda
876 5084 1030 5145 eumdem

231 5180 312 5243 iecit
325 5181 525 5242 auctoritate
537 5180 672 5257 propria
684 5180 717 5240 in
731 5181 839 5258 ipsius
849 5183 1031 5259 possessio·

1078 506 1159 565 Cum
1171 505 1275 581 igitur
1288 518 1355 565 non
1377 503 1506 580 possint
1523 503 1647 565 statuta
1659 503 1695 564 in
1720 504 1851 569 ecclesiis

1079 602 1163 674 deri,
1181 603 1210 664 si
1224 617 1264 664 ea
1279 603 1313 664 et
1326 600 1471 663 maxime
1486 599 1581 663 utilia
1606 616 1671 662 nou
1686 603 1851 676 comentur,

1079 700 1279 763 fraternitati
1291 700 1357 761 tuas
1373 715 1432 776 per
1445 699 1636 775 Apostolica
1650 700 1768 775 scripta
1781 717 1854 776 pra-

1079 797 1232 875 cipiendo
1245 796 1452 868 mandamus,
1470 798 1635 873 quatenus
1648 795 1701 857 his
1713 811 1776 857 non
1787 796 1852 858 obs-
1951 832 1952 853 2

1078 895 1226 957 tentibus
1242 909 1316 972 qnae
1335 910 1396 972 per
1410 893 1535 955 dietum
1554 894 1744 970 episcopum
1757 893 1853 955 taliter
1951 892 1952 897 ’

1080 995 1158 1056 sunt
1169 993 1380 1071 praesumpta,
1393 992 1498 1053 iacias
1516 991 1559 1052 ad
1573 990 1779 1067 praebendam
1788 991 1855 1054 dicti

1079 1092 1238 1163 cantoris,
1251 1107 1311 1169 per
1324 1105 1382 1152 eos
1397 1090 1438 1151 ad
1453 1106 1536 1168 quos
1552 1092 1609 1166 jus
1624 1088 1766 1165 eligendi
1775 1106 1855 1166 spec-

1079 1192 1153 1253 tare
1174 1189 1390 1266 dignoscitur,
1417 1187 1574 1248 idoneum
1586 1187 1730 1263 aliquem
1740 1186 1851 1262 eligiin

1080 1288 1275 1351 diaconatus
1295 1286 1349 1347 vel
1372 1284 1557 1346 sacerdotii·
1574 1284 1692 1346 ordine
1713 1283 1856 1345 constitn-

1079 1388 1160 1449 tum.
1177 1386 1295 1447 Datum
1312 1384 1425 1452 Reate,
1441 1384 1532 1444 XVII
1544 1382 1613 1444 hal.
1630 1383 1727 1459 sept,
1741 1380 1855 1458 pontiti-

1080 1485 1175 1546 catus
1189 1483 1295 1545 nostri
1310 1496 1399 1544 anuo
1415 1480 1555 1543 decimo.

1432 1721 1528 1807 xlx

1160 1875 1213 1936 Ad
1226 1874 1439 1936 colocensem
1454 1872 1752 1944 archiepiscopum
1765 1870 1794 1929 et

1307 1970 1550 2045 suffrepeneos
1563 1970 1650 2040 elce.

1346 2109 1380 2168 23
1393 2109 1508 2183 augusti
1534 2106 1612 2165 lant.

1273 2234 1363 2298 [Fejen
1381 2232 1442 2284 eod.
1454 2231 1528 2296 dipl,
1538 2231 1581 2289 lll,
1592 2244 1623 2285 11.
1635 2229 1692 2293 ἃᾶ]

1081 2359 1160 2420 ldem
1174 2359 1317 2417 Honorius
1328 2356 1474 2415 andream
1488 2357 1521 2415 li.
1533 2355 1760 2413 abalienationes
1769 2356 1795 2411 in
1805 2368 1861 2425 pre

1114 2447 1253 2522 judicium
1265 2447 1348 2520 regni
1359 2444 1449 2504 iactas
1463 2459 1599 2502 revocare
1613 2444 1697 2517 jubet
1705 2459 1715 2515 ;
1730 2459 1763 2501 ao
1776 2442 1860 2499 officiis

1117 2536 1237 2610 puhlicis
1258 2550 1387 2609 paganos
1404 2542 1433 2591 et
1453 2532 1568 2592 ludens
1591 2540 1694 2590 contra
1709 2530 1859 2606 synodalem

1117 2641 1152 2684 ac
1163 2625 1247 2700 regni
1260 2623 1492 2682 constitutionem
1516 2620 1633 2694 pratici,
1651 2635 1704 2694 per
1719 2622 1857 2679 Saracenos

1115 2714 1269 2773 christiana
1287 2712 1380 2771 coemi
1400 2711 1551 2783 mancipia,
1574 2711 1603 2766 in
1622 2723 1764 2783 suamquc
1780 2706 1859 2765 abbis

1117 2804 1190 2863 uehi
1201 2801 1443 2876 superstitionem,
1460 2798 1633 2871 expostulat.

1121 2926 1301 3001 Honorius,
1334 2925 1506 2988 colocensi
1548 2923 1808 3002 archiepiscopo,
1836 2922 1862 2982 et
1951 2910 1952 2923 ¹

1082 3027 1306 3105 suffraganeis
1320 3027 1405 3103 ejus.

1121 3126 1369 3201 Intellectojam
1380 3122 1514 3192 dudum,
1527 3123 1605 3189 etc,
1617 3121 1657 3182 ut
1670 3122 1709 3181 tn
1721 3123 1802 3181 euim
1813 3131 1861 3179 ru·

1079 3226 1224 3299 perlem,
1238 3224 1277 3283 15
1284 3221 1375 3298 julil,
1391 3235 1479 3281 anno
1493 3233 1591 3289 none,
1606 3216 1672 3279 col.
1691 3218 1759 3277 887.

1122 3320 1236 3391 Reate,
1252 3321 1283 3381 X
1298 3318 1365 3380 kal.
1380 3315 1588 3394 septembris,
1602 3330 1694 3381 anno
1709 3313 1835 3376 decimo.

1445 3555 1515 3643 XX

1188 3712 1241 3777 Aa
1264 3708 1557 3771 eartnotomceom
1579 3707 1775 3779 episcopum

1356 3806 1609 3867 Perisiensem.

1352 3946 1388 4003 28
1403 3943 1518 4019 augusti
1533 3942 1612 4001 1225.

1161 4069 1303 4135 [Silam-les,
1314 4068 1457 4120 Bullatium
1470 4067 1607 4124 Francisc„
1627 4065 1647 4125 1,
1659 4066 1701 4123 al,
1715 4080 1740 4115 n.
1754 4063 1800 4126 lt]

1083 4198 1228 4271 Episcopo
1256 4194 1411 4255 Perisiensi
1434 4193 1568 4266 injungit,
1591 4199 1621 4249 ut
1650 4191 1793 4248 sinistram
1814 4198 1861 4243 sno

1117 4285 1314 4345 concessionis
1328 4282 1590 4354 interpretationem
1610 4294 1626 4336 a
1641 4274 1857 4337 nonnullisadin·

1119 4381 1234 4433 ventam
1255 4378 1429 4445 compescat,
1445 4378 1475 4427 et
1494 4368 1594 4426 iratres
1608 4368 1735 4426 Minores
1749 4368 1776 4422 iu
1789 4376 1857 4421 exer·

1118 4464 1185 4520 citio
1200 4461 1342 4535 privilegii
1355 4464 1516 4517 conservet.

1124 4585 1858 4673 Honoriusepiscopus,servassemornmbei,
1949 4612 1950 4685 3

1083 4694 1268 4758 venerabili
1283 4693 1380 4755 fratri
1392 4689 1636 4753 Bartholomaeo
1649 4686 1862 4766 episcopoPa·

1082 4792 1232 4863 risiensi,
1255 4791 1398 4852 salntem
1421 4789 1455 4850 et
1475 4787 1699 4865 Apostolicam
1725 4781 1862 4845 henedic-

1083 4892 1248 5056 tlzlrlaellliis,
1270 5001 1343 5061 qum
1371 4984 1416 5045 ad
1445 4983 1571 5044 cultum
1594 4980 1744 5042 divinum
1769 4977 1862 5038 tacere

1085 5085 1336 5161 dignoscuntur,
1362 5097 1429 5143 non
1453 5080 1612 5155 maligna,
1644 5078 1704 5139 sed
1736 5075 1863 5150 benigna
1948 5150 1949 5157 ἵ

1085 5184 1196 5260 potius
1224 5182 1315 5244 esset
1343 5177 1575 5255 interpretatio
1601 5174 1761 5237 iacienda.
1785 5170 1863 5233 Unde
1948 5252 1949 5255 Ἴ

230 5295 307 5340 nem
331 5279 456 5349 induci,
473 5280 507 5340 et
526 5279 562 5340 nt
585 5279 635 5339 eis
655 5278 844 5340 volentibus
869 5280 1029 5341 sacerdo·
1085 5279 1201 5342 mirari
1229 5277 1471 5354 compellimur,
1499 5274 1587 5352 quod
1621 5289 1694 5334 cum
1723 5267 1863 5333 iratribus

228 5377 294 5438 tem
311 5376 436 5454 eligere
447 5377 536 5437 riam
551 5375 772 5453 praecluderet
783 5376 941 5452 eligendi,
959 5393 1029 5450 ece,
1086 5376 1283 5447 Minoribus,
1294 5375 1489 5452 duxerimus
1499 5370 1750 5446 indulgendum,
1761 5370 1795 5429 ut
1802 5364 1864 5427 ubl·

230 5472 259 5533 si
287 5473 330 5534 ad
355 5473 552 5535 electionem
591 5475 809 5550 procederent
841 5474 1029 5547 interdixit,
1086 5490 1228 5553 cumque
1242 5472 1377 5539 luerint,
1394 5472 1467 5531 sine
1482 5466 1863 5546 parochialisjurispra·

231 5570 482 5647 propterquod
510 5587 585 5633 eum
612 5572 819 5647 eligerenon
848 5572 1029 5646 audebant,
1083 5572 1211 5651 judicio
1236 5586 1310 5633 cum
1345 5568 1446 5631 altari
1476 5565 1611 5628 valeant
1637 5565 1758 5627 nauco
1785 5560 1862 5623 cele·

230 5663 325 5726 Sedis
349 5668 546 5740 Apostolioae
584 5669 767 5731 remedium
796 5671 1031 5748 implorarunt.
1087 5673 1187 5733 brare
1202 5692 1209 5731 :
1224 5669 1369 5748 quidam,
1383 5667 1469 5730 sieut
1480 5680 1587 5742 nuper
1602 5662 1663 5725 fuit
1677 5659 1862 5740 propositum
