3886 6214
104 315 155 378 ltt

102 471 247 538 olisbona
256 469 377 537 233223,
393 467 479 531 313222
491 483 531 530 ea
541 467 756 547 omniajuste,
772 482 877 532 33223-

102 571 167 633 nice
179 582 216 630 ac
229 567 366 645 pacifice
378 566 566 644 possidetis,
579 565 675 628 231223
688 567 722 628 32
739 581 798 644 per
815 582 876 629 233

101 668 195 730 eidem
205 665 405 727 monasterio
426 668 538 725 233223
551 664 750 726 auctoritate
763 667 874 741 Apos-

100 764 189 826 tolioa
217 762 449 824 confirmamus
479 764 512 823 et
545 762 720 839 praesentir
758 761 875 838 scripti

100 861 268 940 patrocinio
283 859 535 921 communimus.
547 858 640 920 Nulli
650 874 730 935 ergo
740 858 875 919 omnino

100 959 254 1020 bominum
266 958 366 1019 liceat
382 957 468 1018 banc
487 956 642 1034 paginam
658 957 780 1018 nostrie
792 970 874 1032 pro-

98 1054 237 1118 tectionis
251 1056 284 1115 32
297 1054 560 1116 confirmationis
571 1053 765 1129 infringere,
780 1052 875 1114 23132

99 1169 172 1215 ausu
180 1150 538 1213 temerarrocontrarre
550 1151 585 1211 Sr
595 1166 670 1228 quis
680 1151 802 1221 autem
811 1150 873 1210 etc.

99 1251 202 1311 batum
216 1249 382 1320 Laterani,
403 1249 449 1310 XI
470 1248 539 1310 kal.
558 1248 649 1326 julii,
663 1248 875 1365 pontificatus

97 1346 188 1409 233222
202 1361 289 1409 anno
304 1347 409 1409 sexto.

393 1584 565 1676 CCXXII

110 1739 155 1798 Ad
167 1738 302 1801 abbates
314 1738 349 1800 et
369 1739 502 1812 2232233
519 1740 703 1799 universos
722 1738 856 1799 ordinis

295 1836 658 1898 Prcemonstratensts.

372 1966 407 2025 22
415 1966 489 2040 junii
502 1966 582 2025 2222.

156 2089 298 2154 metens,
310 2091 410 2143 Veteris
421 2091 469 2142 322
483 2090 615 2151 Analecta,
627 2095 646 2141 t.
657 2091 690 2154 li,
705 2104 732 2155 p.
745 2088 798 2155 72]

92 2212 191 2273 inhibet
202 2230 237 2273 ue
248 2216 402 2290 quisquam
411 2229 508 2273 eorum
518 2215 548 2273 222
559 2215 765 2289 pertractandis
775 2215 877 2273 alienis

181 2305 277 2362 causis
291 2311 447 2377 prasumat
458 2304 582 2361 existere
599 2311 775 2377 procurator.

124 2431 289 2493 Honorius
296 2431 484 2509 episcopus,
496 2430 874 2504 332223332232222222132,

89 2524 206 2589 dilectis
219 2528 301 2589 tiliis
315 2526 500 2601 abbatibus,
517 2529 550 2590 et
564 2527 722 2593 fratribus
734 2529 875 2590 univer-

90 2624 130 2685 sis
140 2625 264 2687 ordinis
279 2625 622 2697 Praemonstratensis,
634 2625 787 2696 salutem,
798 2626 861 2688 etc.

124 2723 223 2794 Quum
234 2722 363 2785 relictis
388 2721 503 2784 saeculi
525 2722 729 2786 vanitatibus
757 2724 789 2784 ei
811 2722 876 2785 soli

91 2816 275 2895 impendere
296 2821 478 2882 teneamini
509 2819 717 2891 ramularum,
734 2820 789 2881 3222
804 2835 877 2882 ser·

89 2914 152 2976 2223
163 2932 308 2993 regnare
321 2917 382 2990 est,
401 2917 559 2979 indecens
581 2917 710 2980 constat
737 2933 811 2980 esse
827 2917 873 2989 ut,
908 2978 909 2981 ,

92 3026 179 3088 quum
204 3015 356 3076 debeatis
380 3014 586 3077 orationibus
610 3014 799 3091 invigilare,
821 3015 876 3076 in-

89 3109 219 3173 volvatis
233 3129 297 3175 233
312 3111 550 3190 quaestionibus
561 3112 692 3173 alienis.
712 3112 876 3184 Quocirca

88 3208 292 3272 universitati
310 3211 430 3272 2332233
449 3210 649 3271 auctoritate
660 3210 874 3287 praesentium

88 3303 278 3380 inhibemus,
289 3307 515 3385 nequisquam
526 3307 673 3369 2332222222
684 3306 719 3367 222
731 3308 877 3384 pertrac-

86 3401 185 3466 tandis
196 3405 323 3467 alienis
332 3405 443 3466 causis
454 3405 634 3481 prasumat
646 3404 791 3466 existere
801 3419 875 3480 pro·

86 3502 216 3564 curator.
234 3503 334 3565 Nulli
349 3519 428 3579 ergo
441 3503 576 3563 omnino
591 3502 761 3563 hominurn
775 3502 875 3565 liceat

85 3595 161 3660 123223
182 3600 346 3679 paginam
367 3602 490 3662 nostrae
519 3599 729 3661 inhibitionis
754 3598 875 3660 inirin-

84 3708 165 3769 gere,
188 3699 250 3759 231
273 3698 304 3759 32
330 3713 416 3758 ausu
434 3696 613 3758 temerario
637 3698 816 3781 contraire,
837 3697 873 3758 Si

85 3793 150 3867 quis
164 3798 280 3858 autem
293 3795 356 3856 hoc
366 3796 530 3857 attentare
544 3793 802 3872 praesumpserit,
818 3794 875 3855 iu-

85 3885 304 3965 dignationem
326 3891 563 3969 omnipotentis
582 3891 642 3952 Dei
655 3895 689 3954 32
699 3891 872 3953 beatorum

85 3986 322 4052 PetrietPauli
346 3990 571 4067 apostolorum
598 3991 670 4066 ejus
692 3989 874 4051 3322323222

84 4081 305 4148 incursurum.
330 4086 449 4149 Datum
462 4087 629 4159 Laterani,
647 4089 678 4149 X
691 4086 760 4148 kal.
780 4086 870 4164 julii,

85 4183 290 4255 pontificatus
304 4183 409 4247 nostri
419 4199 508 4246 322223
526 4186 631 4246 sexto.

379 4458 573 4547 CCXXIII

84 4607 276 4672 2213323233
290 4613 332 4672 aa
345 4612 467 4673 Gratia
481 4613 545 4672 Det
555 4611 588 4672 32
598 4613 633 4673 S.
649 4614 822 4675 2332332213·
830 4614 872 4672 aa

118 4706 246 4769 Catmts
260 4709 294 4769 et
304 4709 344 4769 23
355 4711 506 4783 12333123,
522 4708 773 4770 xanctonensis
786 4710 872 4771 dica-

117 4807 214 4866 33323.

365 4880 400 4938 23
411 4879 484 4954 junii
502 4880 581 4938 2222.

286 5003 402 5068 [21222233
414 5003 528 5064 Foedera,
538 5004 560 5064 I,
574 5017 593 5065 2,
605 5004 659 5071 aa]

146 5118 191 5176 113
205 5117 358 5176 inscientia
369 5118 593 5192 templariorum
607 5118 798 5193 reprimenda.

115 5234 288 5297 Honorius
294 5234 478 5313 episeopus,
492 5250 610 5298 servus
621 5252 792 5299 servorum
798 5237 869 5309 Dei,

703 308 933 371 EPISTOLAE.
957 308 1034 371 LIB.
1059 311 1113 372 VI.

1667 315 1730 379 198.

929 469 1062 533 dilectis
1078 470 1156 531 liliis
1172 470 1212 532 23
1240 470 1354 534 Gratia
1374 472 1446 541 Dei,
1461 474 1495 535 et
1507 473 1619 536 Sancti
1635 476 1723 537 Leo-

929 566 1026 627 nardi
1039 567 1079 627 de
1098 558 1231 636 Calmis‚
1254 567 1287 630 et
1312 566 1353 629 23
1377 568 1517 645 Rupella
1537 568 1723 644 abbatibus,

929 660 1172 724 xanctonensis
1185 664 1350 751 dioecesis,
1363 665 1504 727 salutem
1517 667 1550 728 32
1562 650 1726 744 Apostoli-

930 776 1003 822 cam
1018 759 1293 823 benedictionem.

970 858 1171 919 carissimus
1184 858 1218 919 in
1248 859 1378 922 Christo
1393 859 1481 921 iilius
1503 863 1617 924 noster
1630 864 1725 924 Hen-

929 955 1031 1027 ricus,
1051 969 1113 1016 rex
1139 956 1322 1031 Anglorum
1358 956 1509 1031 illustris,
1547 975 1607 1020 sua
1629 959 1725 1020 nobis

929 1052 1089 1128 petiti0ue
1122 1053 1320 1115 monstrarit
1355 1054 1459 1131 qnod,
1495 1071 1595 1132 quum
1624 1055 1725 1118 313233

929 1148 1099 1210 memoriae
1127 1149 1293 1211 Hearious
1309 1166 1402 1222 32223,
1426 1151 1460 1213 32
1485 1151 1648 1214 dircardus
1660 1169 1724 1230 pa

930 1246 1025 1306 trnus
1048 1248 1122 1323 eJ'us
1150 1261 1247 1322 reges
1261 1247 1409 1323 Angliae,
1438 1249 1474 1308 in
1499 1249 1579 1311 22113
1601 1265 1661 1310 sua
1685 1249 1727 1311 de

930 1342 1070 1423 liupella
1091 1338 1250 1405 tratribus
1265 1343 1393 1406 militiae
1416 1344 1555 1422 Templi,
1571 1346 1725 1409 12322323-

930 1438 1043 1501 22322323
1058 1440 1222 1515 dioecesis,
1241 1440 1401 1519 quasdam
1410 1441 1565 1504 domos
1534 1459 1590 1520 pra
1602 1443 1729 1506 1212323

929 1537 1023 1600 122323
1035 1537 1244 1611 donaverint,
1260 1538 1310 1600 illi
1334 1536 1421 1601 23323
1442 1539 1506 1601 sibi
1525 1542 1634 1616 gratia
1649 1557 1728 1619 per·

930 1648 1044 1713 peram
1069 1634 1252 1710 abutentes,
1267 1651 1491 1715 quascumque
1514 1637 1640 1713 domos,
1657 1639 1729 1702 3223

930 1733 1158 1810 possessiones
1173 1735 1231 1796 aut
1253 1733 1405 1796 homines
1429 1737 1569 1811 possunt
1582 1736 1728 1798 circum-

931 1845 1061 1907 quaque
1089 1830 1177 1892 222223
1196 1830 1434 1909 proprietatem
1448 1831 1588 1910 regiam,
1605 1846 1728 1911 appre-

930 1929 1076 1992 hendere
1088 1928 1152 1989 sibi
1165 1942 1216 2000 ea,
1232 1929 1268 1990 in
1282 1926 1513 2007 praeiudicium
1526 1934 1608 2008 ejus,
1627 1946 1728 1993 223222-

931 2025 1021 2103 pant,
1037 2024 1070 2087 32
1084 2025 1195 2089 statim
1209 2025 1417 2103 imponentes
1432 2028 1528 2106 signa
1541 2042 1602 2088 sua
1613 2027 1727 2091 taliter

931 2121 1112 2199 usurpatis,
1126 2137 1194 2184 non
1204 2122 1400 2200 permittunt
1406 2122 1606 2201 exinderegi
1617 2122 1729 2187 2312223

931 2218 964 2282 et
972 2220 1129 2282 consueta
1142 2219 1282 2282 servitia
1293 2220 1480 2296 provenire.
1497 2221 1636 2295 Adbaec,
1653 2238 1730 2284 curn

931 2317 971 2378 de
987 2316 1124 2394 antiqua
1134 2317 1240 2395 ipsius
1247 2317 1584 2381 rillaeconsuetudine
1595 2321 1638 2381 322
1651 2319 1729 2381 1233-

929 2415 1027 2477 tenus
1064 2414 1291 2488 observatum,
1318 2416 1355 2479 ut
1375 2416 1575 2494 quicumque
1598 2414 1728 2479 3223223

930 2512 1154 2585 3223232222223,
1167 2528 1227 2590 per
1237 2529 1360 2574 annum
1369 2513 1402 2576 32
1410 2514 1498 2575 diem
1508 2514 1554 2575 ibi
1564 2508 1728 2589 moratur,

930 2609 1041 2672 statim
1055 2609 1200 2672 3222322222
1210 2609 1309 2672 homo
1319 2610 1420 2687 regis,
1435 2610 1536 2674 iidem
1546 2612 1727 2689 Templaril

931 2722 968 2768 se
989 2722 1090 2785 super
1113 2706 1177 2769 1233
1201 2707 1274 2783 regi
1293 2708 1451 2785 praedicto
1466 2709 1611 2771 indebite
1631 2725 1731 2787 oppo-

931 2805 1060 2877 nentes,
1093 2805 1209 2868 oontra
1235 2804 1423 2883 hujusmodi
1456 2803 1729 2870 consuetudinem

931 2901 1035 2963 multa
1050 2900 1113 2962 sibi
1131 2916 1293 2980 usurpare
1312 2906 1527 2981 praesumunt,
1544 2919 1584 2966 ac
1598 2905 1728 2966 balivos
1829 2920 1833 2929 ·

929 2996 1725 3078 etfldelesregioscoramcertisjudiclbus,quos,

929 3096 1067 3157 interra
1082 3096 1407 3172 inimicorumregis,
1429 3098 1627 3159 auctoritate
1646 3114 1727 3160 nos-

929 3195 981 3255 tra
992 3209 1027 3255 se
1042 3193 1165 3256 habere
1178 3197 1375 3271 proponunt,
1385 3194 1523 3257 trahunt
1535 3195 1726 3272 frequenter

929 3289 965 3350 in
980 3305 1126 3362 causam,
1147 3291 1232 3353 31233
1247 3290 1349 3368 ipsos,
1370 3292 1471 3354 immo
1485 3307 1609 3369 regem,
1624 3309 1726 3356 occa·

929 3385 1238 3464 sionelrujusmodi,
1264 3388 1492 3466 multipliciter
1505 3390 1722 3454 molestando.

928 3484 1088 3547 Nolentes
1116 3483 1221 3561 igitur
1248 3483 1356 3546 322323
1378 3486 1413 3547 in
1429 3502 1489 3549 suo
1504 3491 1580 3565 jure
1595 3489 1722 3562 deesse,

928 3583 983 3644 cui
993 3582 1112 3660 potius,
1125 3597 1168 3643 ex
1181 3581 1337 3658 pluribus
1361 3584 1483 3652 causis,
1497 3585 1726 3649 favorabiliter

927 3678 1045 3741 adesse
1076 3679 1238 3751 tenemur,
1280 3678 1476 3741 discretioni
1508 3684 1627 3744 2332233
1663 3698 1724 3760 per

926 3776 1119 3854 apostoliea
1133 3775 1256 3853 scripta
1266 3775 1474 3849 mandamus,
1487 3779 1650 3854 quatenus
1666 3781 1724 3839 in-

927 3874 1051 3953 quisita
1086 3888 1187 3950 super
1211 3872 1276 3944 his,
1305 3873 1338 3935 32
1372 3874 1537 3949 aeguitate
1567 3877 1720 3950 veritate,

927 3986 1073 4041 causam,
1088 3970 1118 4031 sl
1132 3970 1172 4031 de
1187 3970 1331 4047 partium
1351 3971 1522 4033 voluntate
1544 3982 1721 4049 processa-

925 4070 980 4142 m't,
997 4067 1175 4131 concordia
1200 4067 1254 4130 231
1265 4068 1393 4145 judicio
1407 4069 1614 4143 terminetls;
1631 4071 1721 4135 alio·

926 4167 1018 4244 quin,
1044 4182 1118 4244 quaa
1143 4165 1343 4228 inveneritis
1369 4166 1430 4227 sub
1456 4167 1576 4243 sigillis
1601 4169 1722 4231 2332223

926 4264 1021 4325 nobis
1047 4263 1190 4325 fideliter
1216 4263 1420 4337 rescribatis,
1443 4266 1481 4327 ut
1505 4265 1722 4342 procedamus

925 4356 1047 4424 exinde
1072 4361 1171 4438 prout
1198 4361 1378 4423 secundum
1404 4364 1508 4423 Deum
1531 4352 1722 4425 'viderimus

926 4457 1181 4537 procedendum.
1196 4458 1310 4520 Testes
1330 4459 1441 4520 autem
1456 4458 1511 4536 qui
1527 4458 1651 4523 luerint
1661 4477 1723 4522 no-

926 4557 1054 4628 minati,
1065 4556 1100 4617 si
1113 4568 1148 4617 33
1167 4555 1287 4632 gratia,
1317 4555 1404 4629 odio,
1426 4556 1479 4618 231
1494 4557 1614 4621 timore
1637 4558 1721 4620 sub-

925 4653 1109 4726 traxerint,
1143 4667 1204 4730 332
1232 4667 1408 4714 censuram
1444 4652 1720 4728 ecclesiasticam,

925 4752 1076 4812 cessante
1087 4748 1321 4828 appellatione,
1338 4751 1465 4827 cogatis
1484 4750 1617 4814 23222321
1632 4753 1722 4817 testi·

925 4846 1723 4925 moniumperuibere.Quodsinonomnesnisex.

925 4945 1104 5022 sequendis
1117 4940 1291 5023 potueritis
1307 4945 1478 5019 interesse,
1494 4947 1560 5009 duo
1575 4950 1720 5009 restrum

925 5054 964 5104 33
984 5040 1203 5103 nihilominus
1225 5045 1462 5120 exsequantur.
1485 5044 1604 5105 Datum
1620 5046 1720 5106 Late-

924 5139 1010 5211 rani,
1026 5140 1071 5200 IX
1086 5138 1249 5202 kalendas
1267 5139 1356 5218 julii,
1383 5140 1593 5218 pontificatus
1614 5142 1720 5205 nostri

925 5252 1012 5298 anno
1025 5237 1130 5298 sento.
