4014 6224
171 296 191 353 7
795 295 971 360 HONORII
993 294 1039 359 111
1058 296 1207 361 OPERA.
1800 299 1821 358 8

173 471 235 518 nos
263 454 396 518 facilem
422 453 573 533 praebere
598 470 809 529 consensum,
836 455 871 517 et
892 454 970 518 vota
1025 454 1065 516 de
1079 456 1228 533 ipsorum
1242 456 1402 533 progenie
1421 457 1496 534 quis
1516 456 1683 535 supersltf
1701 457 1766 519 Sed
1786 458 1821 521 et

174 568 281 631 quasa
297 553 439 615 rationis
458 553 592 615 tramite
615 568 682 614 non
704 552 896 615 discordant
915 551 969 614 ef·
1025 553 1145 614 recolis
1173 553 1348 630 abjurasse
1372 554 1405 616 te
1431 554 1571 615 abosum
1599 555 1760 627 eumdem,
1787 556 1820 617 et

173 651 261 712 fectu
276 652 495 729 prosequente
510 649 688 727 complere.
701 653 746 711 Ea
760 651 906 727 propter,
922 650 970 711 di·
1024 649 1120 712 bonae
1135 650 1304 712 memoriae
1319 653 1512 713 Innocentio
1526 656 1624 729 Papae
1637 653 1822 730 praedeces·

174 748 252 809 lecti
266 748 302 809 in
321 748 460 809 Domino
473 748 553 818 dlii,
569 748 690 810 vestris
699 748 801 825 justis
816 748 970 824 precibus
1025 749 1094 810 sori
1109 750 1234 820 nostro,
1250 749 1283 811 et
1296 749 1504 826 postmodum
1526 750 1621 811 uobis
1640 751 1819 812 renuntia-

175 845 340 918 inclinati,
349 844 906 923 villamdeWauvreoheiufl)cum
917 845 971 906 ad·
1025 846 1150 907 tionem
1172 846 1363 923 butusmcdi
1383 847 1559 924 privilegio
1581 848 1819 910 confirmasse:

174 944 305 1004 vocatia
320 942 479 1020 ejusdem,
496 944 596 1004 terris
607 943 719 1015 etiam,
737 943 840 1019 pratis
850 944 883 1004 et
894 943 971 1003 aliis
1026 943 1185 1021 numquid
1201 959 1281 1019 ergo
1296 944 1417 1021 spretis
1432 944 1617 1021 privilegiis
1631 946 1665 1006 et
1678 946 1823 1022 promis-

173 1040 269 1101 bonis
283 1040 414 1112 vestris,
432 1040 518 1101 sicut
534 1056 573 1101 ea
589 1041 700 1101 omnia
710 1040 802 1116 juste
817 1055 856 1102 ac
869 1039 968 1115 paci·
1026 1040 1176 1102 sionibus
1194 1041 1272 1112 tuis,
1294 1043 1326 1102 et
1343 1042 1526 1118 juramenti
1553 1042 1716 1118 religione
1740 1059 1822 1104 con·

175 1138 237 1199 flce
252 1137 482 1214 possidetis,et
495 1138 531 1198 in
545 1138 666 1199 litteris
681 1138 972 1218 clarae-memoria
1025 1138 1160 1214 tempta,
1180 1137 1327 1213 gladium
1342 1138 1377 1199 in
1391 1154 1452 1200 nos
1467 1141 1589 1200 acuesl
1604 1156 1622 1198 s
1640 1137 1734 1217 (Post
1752 1140 1822 1201 alia

174 1239 211 1297 B.
238 1236 368 1297 comitis
393 1237 540 1296 Hasnon.
565 1235 696 1312 plenius
722 1235 971 1298 dieiturconti·
1027 1234 1141 1296 eodem
1154 1236 1366 1312 pertinentia,
1377 1237 1573 1313 utacoeptis
1585 1236 1734 1298 animum
1747 1241 1821 1314 ejus

175 1334 260 1405 neri,
275 1349 319 1393 ex
333 1335 429 1410 quus
444 1332 623 1395 donatione
641 1349 700 1394 vos
715 1334 866 1396 asseritis
886 1332 974 1393 obti-
1027 1332 1166 1403 avertat,
1186 1332 1297 1394 subdit
1311 1334 1478 1394 Honorius
1494 1331 1525 1412 z)

176 1447 256 1492 nere
271 1430 544 1507 praedicta,v0bis
563 1431 597 1490 et
611 1445 671 1507 per
689 1447 749 1493 vos
771 1430 972 1492 monasterio
1067 1431 1207 1500 «Quum
1227 1445 1358 1517 semper
1378 1429 1419 1491 ad
1446 1447 1621 1507 personam
1642 1432 1734 1493 tuam
1748 1431 1822 1494 veri

176 1529 300 1599 vestre,
318 1527 516 1589 auctoritate
531 1528 722 1604 apostolica
737 1528 972 1589 confirmamus
1027 1527 1131 1603 patris
1144 1526 1299 1587 affectum
1311 1528 1513 1603 gesserimus
1527 1531 1561 1590 et
1575 1545 1742 1604 geramus,
1757 1529 1823 1589 im·
1845 1542 1850 1545 ·

176 1629 210 1687 et
230 1625 405 1702 praesentis
432 1624 547 1702 scripti
574 1625 760 1702 patrocinio
787 1627 974 1687 communi·
1027 1624 1228 1701 peratoriam
1250 1626 1455 1701 majestatem
1478 1641 1650 1687 monemus
1675 1628 1707 1689 et
1721 1642 1823 1703 roga·

175 1738 261 1785 mua.
286 1723 378 1783 Nulli
402 1738 481 1799 ergo
506 1723 637 1784 omniuo
668 1723 840 1784 bominum
873 1722 974 1784 liceat
1027 1737 1101 1782 mus
1129 1721 1252 1782 attente
1285 1738 1344 1798 per
1379 1724 1555 1784 Dominum
1589 1723 1819 1797 obsecrantes,

176 1820 263 1882 hanc
273 1821 428 1897 paginam
440 1822 562 1882 nostrae
576 1820 838 1882 confirmationis
851 1819 974 1880 infrin-
1028 1820 1191 1896 quatenus
1206 1818 1302 1880 nobis
1324 1820 1357 1881 et
1371 1820 1432 1881 tibi
1447 1821 1664 1897 prospiciens,
1688 1823 1775 1882 inter
1788 1821 1822 1883 te

175 1934 265 1995 gere,
293 1918 347 1978 vel
371 1916 402 1977 ei
428 1933 512 1978 ausu
536 1917 714 1978 temerario
742 1917 920 1978 contraire.
938 1916 973 1977 Si
1028 1918 1061 1977 et
1077 1915 1259 1977 Ecclesiam
1281 1918 1374 1977 nasci
1393 1917 1521 1978 tantum
1541 1918 1734 1979 scandalum
1755 1934 1822 1980 non

176 2015 250 2093 quis
274 2016 384 2077 autem
417 2014 480 2076 lroc
508 2015 672 2076 attentare
702 2013 972 2091 praesnmpserit,
1028 2013 1210 2089 permittas,
1228 2014 1306 2090 quia
1325 2014 1472 2091 profecto
1485 2015 1514 2073 si
1528 2015 1564 2076 in
1577 2016 1640 2076 boc
1653 2015 1823 2076 scandali-

176 2112 440 2189 indignationem
468 2112 704 2189 omnipotentis
730 2111 790 2172 Dei
810 2113 843 2172 et
858 2111 974 2173 beato·
1027 2111 1092 2172 zati
1107 2126 1126 2171 a
1140 2112 1174 2172 te
1187 2110 1357 2183 fuerimus,
1371 2112 1405 2171 in
1421 2115 1615 2189 quocontra
1630 2129 1691 2174 nos
1706 2114 1820 2174 nostra

176 2226 251 2271 rum
280 2209 371 2270 Petri
400 2209 433 2269 et
458 2207 554 2269 Pauli
579 2208 805 2285 apostolorum
838 2210 911 2285 eJus
938 2224 973 2270 se
1027 2209 1257 2285 reputaremus
1281 2209 1441 2270 interiora
1465 2212 1603 2282 moveri,
1630 2210 1819 2288 hujusmodi

177 2307 308 2370 noverit
334 2306 557 2367 incursurum.
583 2307 701 2367 Datum
719 2306 887 2379 Laterani,
903 2306 972 2367 idi·
1028 2306 1152 2367 doloris
1181 2308 1317 2367 aculeus
1345 2308 1632 2369 transverberaret
1652 2325 1710 2369 cor
1736 2323 1819 2368 nos-

91 2480 97 2489 ,
176 2404 395 2481 busaugnsii,
412 2403 622 2481 pontificatus
639 2404 744 2466 nostri
758 2419 845 2466 anno
866 2404 971 2466 sexto.
1027 2405 1127 2477 trum
1153 2407 1185 2465 et
1209 2418 1268 2481 per
1293 2404 1410 2466 intima
1432 2405 1559 2466 ossium
1585 2406 1821 2483 pertransiret3

1029 2501 1084 2562 sed
1100 2518 1201 2578 quum
1222 2501 1264 2562 ad
1286 2504 1319 2563 te
1341 2502 1382 2563 ob
1404 2503 1467 2564 boc
1490 2503 1645 2566 dilectum
1665 2504 1821 2565 filium...

1028 2600 1173 2675 priorem
1194 2600 1324 2661 Sanotae
1346 2601 1462 2662 Mariae
1481 2602 1585 2663 Novae
1605 2618 1679 2663 cum
1699 2601 1822 2663 nostris

550 2672 606 2759 IX

178 2826 231 2886 Ad
238 2825 464 2887 Prcdcrtcum
478 2827 715 2886 aomanorum
724 2823 974 2898 imperatorem

418 2922 452 2987 ct
466 2936 585 2998 rogem
598 2924 735 2984 Siciliae.

443 3054 476 3112 tl
496 3052 612 3126 augusti
627 3052 707 3111 litt.

329 3176 467 3242 [lloynaldi
477 3176 556 3235 Anu,
569 3176 602 3227 ad
615 3190 656 3226 an.
669 3176 738 3235 tall,
752 3175 829 3241 332]

1029 2691 1161 2769 litteris,
1178 2699 1211 2758 et
1224 2698 1426 2773 transcripto
1439 2699 1488 2760 tui
1508 2699 1676 2775 privilegii
1691 2698 1821 2774 diriga-

1029 2810 1113 2866 mus,
1131 2810 1190 2870 per
1205 2794 1359 2871 teipsum,
1377 2812 1450 2873 quae
1471 2796 1571 2858 aliter
1589 2812 1688 2874 quam
1707 2796 1824 2857 deceat

1028 2893 1102 2953 acta
1123 2892 1210 2963 suut,
1226 2893 1386 2968 corrigas,
1406 2893 1585 2954 electiones
1596 2894 1693 2970 Juxta
1713 2892 1823 2971 privi-

1028 2989 1151 3066 legium
1167 2990 1200 3050 et
1213 2989 1449 3065 promissiones
1470 2992 1557 3061 tuas,
1575 2990 1680 3052 libere
1695 3006 1734 3051 ac
1749 2991 1824 3052 siue

1028 3086 1257 3164 impressionis
1277 3086 1360 3147 vitio
1381 3085 1455 3146 fleri
1475 3088 1709 3164 permissurus.
1725 3088 1822 3148 Alio-

1029 3185 1109 3262 quin
1124 3183 1268 3255 uoveris,
1289 3182 1376 3260 quod
1397 3183 1431 3244 id
1450 3184 1543 3246 nulla
1565 3184 1745 3262 poterimus
1760 3200 1823 3245 ra-

215 3303 467 3376 Despiscopornm
479 3301 637 3358 intrusione
650 3300 831 3358 diedericum
844 3301 940 3373 arguit
1027 3282 1119 3343 &0¹10
1140 3281 1175 3342 ¹1¹
1194 3281 1338 3357 PPOPPiae
1365 3282 1485 3343 animae
1507 3281 1691 3358 periculum
1717 3282 1822 3343 susti·

501 3390 655 3447 llouorius.
1030 3393 1129 3454 nere;
1149 3378 1336 3455 pracsertim
1364 3380 1575 3440 cumcontra
1599 3395 1660 3440 nos
1681 3380 1770 3441 intra
1790 3379 1824 3441 et

215 3516 331 3588 Aliquot
351 3520 460 3570 tantum
484 3510 642 3586 fragmenta
668 3510 753 3584 hujus
773 3512 907 3586 Epistola
931 3512 972 3569 le·
1029 3476 1123 3537 ema
1149 3478 1333 3537 R⁰¹¹¹³¹¹am
1359 3476 1541 3537 Ecclffliam
1561 3476 1687 3552 jugiter
1712 3476 1826 3537 mla*

180 3611 286 3678 guntur
314 3600 389 3674 apud
409 3601 601 3674 llaynaldum3
623 3599 675 3657 sed
698 3615 733 3657 ex
757 3601 866 3674 analysi
893 3600 975 3658 facile
1029 3574 1146 3645 metffl'r
1176 3571 1261 3649 qUOd
1289 3572 1349 3633 tibi
1375 3573 1590 3635 detUlffl'imUS
1612 3573 1647 3634 iu
1671 3571 1824 3650 Pluribus

180 3691 320 3765 excipitur
350 3689 416 3763 quid
445 3689 576 3748 Pontifex
607 3689 720 3763 scripsit
749 3689 908 3748 frederico.
938 3690 975 3748 At
1029 3672 1144 3732 0011t¹¹⁸
1159 3672 1274 3731 Deum·
1291 3670 1353 3731 SOd
1367 3670 1580 3733 difflfflllmsss
1592 3672 1677 3744 tuas,
1689 3671 1725 3731 1¹¹
1740 3686 1823 3747 (11138

180 3794 345 3853 quanquam
372 3778 538 3836 fredericus
569 3793 626 3835 non
650 3777 823 3836 mediocrem
852 3778 974 3851 gloriam
1029 3770 1063 3830 te
1082 3769 1245 3830 hactenus
1264 3768 1435 3843 ingessisti
1452 3769 1486 3829 et
1505 3768 1646 3840 inducia,
1663 3769 1698 3829 in
1721 3768 1823 3830 totius

181 3870 316 3927 restitutis
331 3868 467 3926 Ecclesia
485 3868 621 3924 Romane
640 3867 700 3924 suis
715 3865 827 3938 juribus
848 3867 973 3940 collegit,
1029 3865 1120 3927 orbis
1147 3865 1300 3927 notitiam
1327 3864 1540 3938 adducemus,
1567 3865 1643 3927 coeli
1670 3868 1702 3927 et
1725 3867 1824 3927 tarrae

180 3973 238 4017 non
254 3958 316 4014 leve
331 3964 427 4013 tamen
441 3955 555 4013 aliunde
569 3954 694 4012 dedecus
709 3955 829 4013 aliarum
845 3956 976 4013 ecclesia·
1028 3963 1254 4025 testimonium
1278 3963 1483 4031 invocantes,
1500 3963 1585 4041 quod
1602 3964 1644 4023 ad
1663 3963 1726 4023 1100
1745 3978 1826 4040 pro-

180 4061 244 4104 rum
267 4042 435 4102 labefactata
464 4041 604 4116 dignitate
624 4042 811 4115 libertateque
838 4059 974 4116 oppressa
1030 4061 1177 4122 cedimus
1187 4060 1336 4121 dolentes
1351 4060 1529 4137 plurimum
1541 4062 1573 4121 et
1586 4060 1692 4120 inviti.
1704 4059 1823 4120 Datum

181 4135 326 4206 suscepit:
341 4147 427 4205 quem
442 4133 543 4189 merito
562 4133 705 4189 Honorius
726 4132 826 4189 tentati
842 4132 975 4191 facinoris
1030 4157 1197 4229 Laterani,
1219 4158 1281 4218 XII
1300 4156 1462 4218 kalendas
1486 4156 1692 4232 septembris,
1712 4156 1826 4234 ponti,

181 4221 344 4296 perstrinxit
357 4228 441 4292 atque
457 4234 562 4293 magna
573 4221 734 4278 constantia
749 4221 839 4279 vetuit
854 4236 890 4279 ue
904 4221 977 4279 clec-

181 4309 305 4368 tionibus
328 4310 527 4381 episcoporum
544 4323 576 4366 se
595 4309 778 4366 immisceret.
800 4308 908 4367 Deinde
930 4309 975 4367 bis

181 4397 277 4457 verbis
288 4398 488 4471 imperatorem
503 4396 665 4470 interpellat
680 4395 827 4455 Pontifex:

221 4568 239 4612 s
254 4551 294 4613 Et
308 4549 385 4627 quid
401 4552 452 4610 est
466 4548 552 4627 quod
562 4547 759 4625 jamdudum
772 4548 972 4622 audivimus,

181 4650 214 4712 ct
229 4663 334 4725 nuper
344 4647 443 4709 etiam
459 4646 600 4724 perculit
614 4661 714 4707 aures
731 4650 876 4719 nostras,
889 4645 974 4724 quod

182 4746 223 4809 ad
237 4745 427 4816 electiones,
438 4744 669 4820 episcoporum
679 4744 844 4816 videlicet,
857 4760 975 4806 manus

181 4842 353 4913 extendas,
394 4841 548 4902 electioni
579 4844 756 4903 Aversenae
792 4842 975 4917 praesertim

182 4940 332 5004 ecclesiae
349 4940 382 5001 ct
396 4938 645 5015 episcopatuum
668 4937 704 4999 in
718 4938 891 5015 provincia
909 4941 975 4999 Sa-

181 5039 349 5100 lernitana
361 5037 552 5098 vacantium
565 5039 598 5097 te
614 5036 820 5097 immiscsusl
830 5040 880 5096 Au
890 5034 976 5097 forte

182 5137 334 5213 suspiras
349 5133 390 5195 ad
403 5133 653 5211 progenitorum
672 5135 805 5194 tuorum
822 5132 972 5204 abusum,

183 5247 279 5310 quern
298 5231 458 5292 Dominus
481 5230 604 5292 zelotes
623 5228 829 5301 abominans,
844 5229 891 5290 ita
905 5229 974 5289 illis

182 5344 243 5390 sua
264 5328 472 5406 providentia
494 5327 650 5399 obviavit,
674 5328 710 5388 ut
730 5326 851 5405 praeter
868 5330 902 5387 te
917 5325 976 5386 vix

1031 4256 1147 4318 dcatus
1161 4255 1267 4316 nostri
1283 4269 1371 4315 anno
1385 4254 1491 4316 sexto.
1508 4269 1527 4313 a

1408 4491 1442 4578 X

1098 4648 1150 4707 Ad
1163 4644 1319 4706 abbatem
1332 4644 1368 4703 S.
1384 4641 1566 4703 Laurentii
1580 4644 1618 4703 tra
1633 4645 1760 4719 compo

1204 4742 1239 4803 ct
1251 4743 1408 4815 morem
1422 4742 1457 4800 S·
1473 4741 1645 4802 Severini.

1294 4870 1329 4928 it
1348 4869 1462 4943 augusti
1478 4870 1557 4928 ital.

1062 4995 1190 5058 triaue,
1205 4993 1289 5044 eoru
1301 4993 1365 5058 dipl.
1382 4993 1490 5045 aomina
1501 4999 1590 5059 emp„
1600 4995 1620 5054 r,
1633 4995 1673 5055 sa,
1688 5009 1714 5043 a.
1726 4994 1793 5059 uo]

1065 5112 1100 5170 Ut
1113 5109 1236 5167 desines
1250 5108 1287 5166 ad
1301 5107 1491 5167 obediendum
1505 5108 1664 5167 marchioni
1676 5109 1789 5166 damna

1153 5199 1283 5256 censuris
1297 5198 1500 5257 ecclesiasticis
1516 5199 1699 5271 compellant.

1069 5326 1237 5387 Honorius
1247 5324 1433 5403 episcopus,
1444 5340 1560 5387 servus
1569 5340 1740 5386 servorum
1748 5324 1821 5396 Dei,

218 5475 259 5550 (ll
275 5477 500 5557 Wauvrecbain,
516 5476 609 5550 grand
624 5477 731 5559 village
745 5474 781 5533 dc
799 5477 825 5533 la
841 5477 976 5548 province
1031 5476 1046 5534 i
1065 5473 1174 5549 l'dglise
1189 5481 1218 5533 et
1238 5472 1346 5548 abbaye
1364 5473 1400 5531 dc
1424 5472 1618 5530 saint-Pierre
1634 5470 1670 5531 de
1695 5475 1823 5546 Hannon,

182 5549 221 5607 du
232 5547 365 5615 llainant
382 5549 455 5606 sitne
470 5547 577 5620 proebe
587 5549 805 5607 Valencrennes.
820 5546 858 5606 Ge
871 5547 976 5620 village
1030 5545 1143 5605 diocese
1157 5544 1281 5603 d’drras.
1421 5563 1424 5569 ·

182 5620 224 5678 fut
239 5618 333 5678 donni
350 5634 400 5691 par
417 5619 575 5690 Bandouin,
588 5626 681 5676 comte
692 5618 728 5675 de
740 5624 813 5675 cette
828 5618 974 5691 province,
1088 5626 1090 5631 '
