4014 6224
240 308 297 373 151

238 470 345 534 torem
365 488 462 536 suum
482 475 690 539 concorditer
708 475 904 553 elegerunt:
925 495 1028 556 quare

846 320 1021 383 HONORII
1042 322 1086 382 111
1109 322 1256 384 OPERA.

1817 324 1874 386 152

1362 488 1595 579 CLXXVIII

238 568 341 631 misso
368 570 464 633 nobis
485 572 616 634 decreto
643 573 849 650 singulorum
875 576 1027 654 suscrip·
1088 584 1093 589 '

238 664 385 728 tionibus
400 668 565 741 roborato,
582 667 753 733 electionis
768 689 837 735 suaa
853 674 1030 735 conflrma-

237 761 363 824 tionem
383 779 403 824 a
424 764 519 827 nohis
545 766 717 829 humiliter
737 769 913 845 petierunt.
936 772 1029 832 Licet

237 860 348 920 autem
357 861 421 936 ipsi
429 860 591 934 ecclesiae,
601 866 760 940 quantum
769 867 833 928 rite
841 884 1027 944 possumus,

238 954 386 1017 favorem
417 959 641 1034 apostolicum
677 961 819 1023 velimus
857 963 1026 1037 ethbere,
1076 994 1082 1005 ·

239 1051 317 1131 quia
329 1053 440 1115 tamen
450 1056 640 1132 apostolica
652 1057 753 1120 Sedes
765 1060 849 1122 citra
861 1063 1030 1123 examina·

237 1148 339 1210 tionis
354 1151 561 1227 diligentiam
575 1170 643 1216 non
657 1157 830 1219 consuevit
849 1157 1028 1220 electiones

237 1243 428 1322 hujusmodi
451 1249 659 1324 confirmare,
681 1269 744 1315 nec
765 1270 808 1315 ex
831 1252 1028 1317 electoribus

158 1400 164 1407 ,
236 1340 343 1418 ipsius
357 1343 559 1409 thesaurarii
578 1349 682 1425 aliqui
701 1350 743 1410 ad
761 1352 910 1412 nostram
927 1368 1030 1413 vene-

237 1441 318 1500 runt
338 1443 550 1516 praesentiam
573 1445 639 1506 nisi
663 1462 760 1519 unus,
786 1449 1027 1525 propterquod

237 1533 383 1597 debitum
400 1538 523 1601 habere
537 1541 746 1619 nequivimus
764 1543 799 1605 in
817 1545 922 1622 ipsius
939 1546 1029 1607 eleo-

237 1630 339 1694 tionis
364 1636 609 1699 examinatione
632 1654 833 1715 processum,
854 1643 1028 1719 jamdicti

238 1729 376 1805 capituli
395 1744 509 1808 preces
536 1734 695 1797 exaudire
719 1752 786 1797 non
807 1740 973 1815 potuimus
993 1740 1028 1800 in

237 1822 302 1886 hac
327 1829 431 1904 parte.
456 1830 613 1892 Volentes
646 1834 756 1894 autem
779 1837 937 1911 quantum
962 1836 1027 1896 ho·

236 1923 331 1984 nesle
345 1940 520 2000 possumus
535 1943 672 2004 parcere
690 1930 837 2005 ipsorum
858 1932 1028 1993 laboribus

236 2020 271 2081 et
284 2023 451 2097 expensis,
468 2023 662 2087 discretioni
677 2028 796 2089 vestrae
811 2044 871 2104 per
884 2030 1028 2106 Aposto-

236 2114 303 2177 lica
327 2118 451 2195 scripta
475 2122 680 2195 mandamus,
707 2126 868 2201 quatenus
895 2127 1026 2186 exami-

237 2214 315 2274 nata
332 2216 493 2277 electione
511 2220 637 2294 pariter
656 2221 689 2282 et
707 2222 834 2301 electo,
848 2222 877 2282 si
892 2223 1029 2284 electio-

236 2323 313 2369 nem
332 2308 437 2387 ipsam
459 2315 653 2377 inveneritis
675 2316 715 2379 de
735 2333 876 2395 persona
896 2319 1026 2393 idonea,

236 2420 310 2482 quae
324 2408 415 2470 tanto
430 2414 592 2488 congruat
612 2416 707 2475 oneri
725 2416 758 2476 et
772 2414 903 2488 honori,
924 2432 1028 2477 cano-

237 2502 313 2563 nice
336 2505 546 2581 celebratam,
572 2510 664 2573 illam
690 2513 888 2574 auctoritate
914 2514 1027 2574 nostra

238 2598 368 2662 sublato
383 2604 615 2680 appellationis
630 2607 800 2669 obstaculo
814 2608 1025 2681 confirmetis,

238 2693 303 2772 ipsi
318 2699 472 2774 capitulo,
496 2703 529 2762 et
547 2703 690 2776 clericis,
707 2720 747 2765 ac
768 2705 864 2766 laicis
880 2706 1027 2783 eJusdem

237 2792 387 2855 ecclesiae
423 2796 563 2859 subditis
599 2801 811 2877 injungentes
846 2803 882 2865 ut
921 2803 1027 2863 eidem

237 2888 341 2951 electo
367 2895 559 2957 reverenter
584 2896 739 2960 obediant
776 2899 809 2960 et
840 2898 1025 2960 intendant.

237 2984 372 3056 Quodsi
389 3005 455 3051 non
475 2994 589 3053 o'mnes
603 2993 655 3054 his
671 2995 891 3072 exsequendis
906 3000 1026 3073 potue-

236 3081 311 3143 ritis
334 3084 506 3161 interesse,
527 3092 563 3150 tu
583 3106 634 3162 ea,
655 3091 759 3153 irater
773 3093 937 3169 episcope,
953 3109 1027 3155 cum

236 3193 353 3241 earum
372 3183 476 3245 altero
495 3186 712 3249 nihilominus
726 3190 935 3265 exsequaris.
956 3193 1026 3251 Da·

236 3275 307 3336 ium
323 3278 440 3350 Alatri,
455 3284 514 3342 XV
527 3282 688 3349 kalendas
698 3285 798 3360 junii,
813 3286 1026 3365 pontificatus

237 3373 342 3435 nostri
355 3389 442 3437 anno
458 3379 562 3439 sexto.

529 3627 737 3717 CLXXVII

522 3780 576 3838 Ad
588 3782 735 3841 eosdem.

251 3900 373 3966 maest„
386 3902 431 3955 lib.
444 3905 487 3964 Vi,
499 3905 575 3970 epist.
587 3907 643 3957 iii.
655 3907 712 3959 liu.
727 3908 764 3958 La
776 3909 851 3961 Porta
865 3908 900 3961 da
913 3908 1006 3974 abab]

254 4016 371 4076 Mandat
393 4026 424 4076 ut
443 4016 596 4079 informent
617 4037 653 4079 an
671 4021 864 4081 thesaurarius
882 4022 1011 4083 eeclesiae

306 4106 548 4181 Rothomagensls
563 4109 662 4168 morbo
676 4110 761 4184 leprae
774 4110 895 4173 iniectus
909 4113 955 4171 sit.

275 4230 454 4297 Honorius.
470 4234 546 4307 etc.,
561 4220 751 4297 venerabili
763 4237 858 4305 [ratri
872 4237 1026 4316 episcopo

235 4328 369 4404 sagien.
383 4332 416 4401 et
427 4329 555 4392 dilectis
567 4331 645 4393 tiliis
660 4333 778 4411 majori
791 4334 1026 4397 archidiacono

235 4427 371 4488 Reman.
386 4427 454 4488 et...
469 4428 593 4490 decano
608 4429 803 4492 ambianen.
1042 4420 1047 4431 ’

275 4522 355 4583 Cum
380 4524 658 4588 examinationem
687 4528 859 4590 electionis
887 4527 927 4590 de
953 4529 1028 4593 ihe-

234 4621 388 4682 saurario
403 4620 643 4699 Rothomagen.
663 4624 814 4685 ecclesiae
826 4626 863 4685 in
881 4626 954 4701 ipsa
967 4640 1026 4686 ec-

234 4717 337 4779 alesia
352 4718 527 4782 celebratae
545 4720 640 4782 vobis
659 4720 852 4785 duxerimus
871 4722 1025 4784 commit-

233 4814 377 4887 tendam,
396 4817 429 4876 et
442 4816 647 4878 insinuatum
661 4817 705 4878 sit
719 4817 826 4890 nohis,
842 4817 928 4894 quod
940 4817 1026 4878 idem

232 4911 466 4972 thesaurarius
489 4912 630 4974 intectus
657 4928 730 4975 esse
761 4912 884 4973 dicitur
912 4913 1026 4975 morbo

234 5010 346 5086 leprae,
370 5009 563 5081 discretioni
584 5010 702 5071 vestrae
725 5009 785 5070 sub
807 5010 1026 5073 obtestatione

234 5106 337 5168 divini
352 5104 470 5182 judieii
492 5106 633 5167 tirmiter
653 5108 868 5184 injungendo,
888 5108 1028 5171 manda-

233 5220 319 5277 mus,
343 5204 505 5281 quatenus
520 5203 609 5265 inter
622 5204 689 5264 alia
708 5204 919 5280 inquirenda,
936 5205 1025 5267 circa

233 5300 321 5362 hune
329 5301 517 5374 articulum,
527 5301 698 5363 advocatis
711 5303 847 5364 medicis
861 5302 1024 5374 fidelibus,

233 5399 267 5459 et
283 5398 317 5457 in
332 5399 395 5460 hoc
416 5399 549 5476 peritis,
562 5398 811 5475 inquisitionem
835 5399 1025 5475 diligentis-

235 5494 353 5554 simam
379 5495 521 5558 saciatis.
551 5495 642 5567 Quod
667 5495 696 5555 si
721 5512 787 5558 non
813 5512 938 5570 omnes,
962 5498 1024 5558 etc.

233 5591 354 5654 Datum
366 5580 707 5667 Alatri,'annosoxto.
802 5604 806 5611 ’

1105 640 1158 699 Ad
1167 638 1409 712 patriarcam
1422 643 1847 716 cmutanttnopotttoaum.

1373 779 1406 835 ra
1419 779 1487 835 maii
1503 779 1582 837 1222.
1998 840 1999 845 .

1082 908 1873 979 proruamus,uss.ns.,sucuxxxn,p.ur.aru.sa‚]

1082 1032 1186 1105 arguit
1194 1032 1337 1090 Honorius
1347 1032 1536 1105 patriarcham
1547 1034 1623 1106 quod
1635 1035 1711 1092 nollo
1719 1035 1806 1093 modo
1814 1035 1874 1094 teu-

1117 1119 1237 1193 gehetur
1250 1120 1346 1189 oidcio
1361 1122 1492 1194 putoris,
1507 1123 1643 1194 illumque
1658 1131 1756 1181 mouet
1769 1132 1799 1181 ev
1811 1123 1874 1181 bor

1117 1214 1192 1265 tator
1205 1215 1237 1266 ut
1247 1210 1373 1280 seipsum
1387 1210 1513 1283 corrigat
1529 1210 1665 1268 insistens
1678 1211 1799 1269 mlbene
1813 1211 1872 1271 on·

1117 1296 1162 1353 cio
1176 1297 1321 1368 pastorali.

1121 1430 1301 1503 Honorius,
1335 1430 1535 1508 patriarcha
1565 1433 1872 1511 Constantinopoli·
1996 1408 1997 1411 ¹

1082 1526 1288 1683 tal‘I'oirnemus
1302 1638 1344 1683 ne
1359 1621 1399 1684 de
1410 1624 1446 1685 ie
1456 1624 1567 1685 dicere
1582 1625 1754 1700 oporteat:
1771 1626 1874 1703 poeni·

1081 1720 1128 1781 tet
1148 1734 1210 1780 nos
1230 1719 1397 1780 hominem
1417 1720 1507 1781 buno
1524 1720 1659 1795 iecisse3
1686 1737 1761 1782 cum
1785 1723 1874 1784 enim
1998 1772 1999 1785 ,

1082 1815 1182 1893 hujus
1195 1817 1245 1876 rei
1260 1816 1368 1891 gratia
1389 1818 1423 1877 te
1441 1817 1483 1877 ad
1498 1803 1874 1895 Constantinopolitanae

1082 1912 1235 1974 ecclesia
1248 1912 1395 1988 regimen
1409 1908 1631 1986 vocassemus,
1649 1916 1685 1978 ut
1696 1915 1802 2003 quasi
1817 1916 1873 1976 lu·
1998 1916 1999 1993 l

1082 2025 1182 2070 cerna
1203 2025 1305 2085 super
1321 2009 1558 2071 candelabrum
1573 2011 1703 2072 luceres
1719 2012 1755 2072 in
1777 2012 1874 2074 domo

1060 2107 1213 2167 'Domini
1237 2106 1440 2183 proficiendo
1462 2106 1564 2168 verbo
1587 2109 1654 2169 tuis
1677 2108 1819 2171 subditis
1841 2108 1875 2173 et
1998 2128 1999 2191 p

1081 2204 1248 2279 exemplo;
1271 2204 1414 2280 tuusque
1435 2206 1524 2267 esset
1544 2221 1645 2282 super
1662 2206 1738 2267 tuos
1756 2207 1875 2268 hume-

1081 2314 1136 2361 ros
1158 2300 1374 2376 principatus,
1396 2315 1436 2361 ac
1457 2301 1632 2378 prodesses
1649 2304 1875 2381 potiusquam
1998 2298 1999 2371 ἒ

1082 2411 1258 2472 praeesses,
1293 2396 1330 2458 tu
1368 2397 1455 2458 sicut
1482 2398 1523 2459 ad
1554 2397 1762 2460 audientiam
1795 2415 1875 2461 nos·

1080 2493 1124 2554 tri
1138 2492 1350 2568 Apostolatus
1371 2494 1533 2569 pervenit,
1550 2510 1617 2556 non
1642 2494 1748 2556 lactus
1768 2494 1874 2557 torma

1081 2589 1191 2664 gregis
1207 2605 1250 2650 ex
1265 2590 1386 2661 animo,
1404 2589 1461 2650 sed
1478 2590 1512 2650 in
1529 2590 1618 2652 clero
1639 2594 1749 2667 potius
1764 2592 1873 2653 domi·
1998 2582 1999 2645 l

1080 2701 1176 2757 nans,
1202 2686 1308 2747 lactus
1335 2702 1371 2748 es
1397 2687 1511 2748 multis
1542 2687 1780 2749 offendiculum
1814 2705 1874 2767 per

1081 2783 1279 2859 exemplum,
1294 2798 1368 2860 quae
1393 2786 1452 2845 tua
1476 2783 1553 2846 sunt
1574 2800 1738 2861 quaerens,
1762 2786 1873 2862 potius

1081 2895 1180 2958 quam
1199 2896 1273 2959 quae
1292 2880 1426 2943 Christi.
1450 2881 1567 2945 Statim
1587 2882 1750 2958 siquidem
1775 2885 1811 2945 ut
1829 2883 1872 2943 ad

1081 2976 1291 3043 commissam
1300 2977 1361 3038 tibi
1372 2976 1562 3053 applicuisti
1572 2978 1874 3055 ecclesiam,ipsius

1060 3068 1227 3145 mobilia,
1259 3074 1295 3134 in
1325 3073 1509 3150 quantitate
1538 3089 1607 3134 non
1638 3075 1781 3147 modica,
1808 3076 1873 3137 de·

1080 3170 1224 3242 traxisti,
1259 3169 1367 3231 adhuc
1398 3170 1596 3247 Apostolicae
1635 3171 1729 3233 Sedis
1763 3172 1874 3247 legato
1998 3228 1999 3241 ,

1060 3259 1372 3343 ¹praesentecujus
1393 3267 1510 3328 saltem
1535 3265 1697 3328 debueras
1724 3283 1877 3344 praesen·

1060 3363 1162 3443 ¹tiam
1176 3362 1335 3435 revereri,
1351 3378 1394 3424 ne
1411 3363 1447 3424 in
1462 3365 1533 3441 ejus
1548 3363 1654 3424 oculis
1666 3365 1748 3425 talia
1763 3366 1872 3427 atten-
1998 3360 1999 3449 ᾗ

1080 3458 1561 3537 tares.1³10mbumqu0queac
1576 3475 1714 3537 cuprum
1729 3461 1875 3524 aliarum
1998 3452 1999 3519 l

1081 3555 1298 3621 ecclesiarum
1318 3556 1421 3632 regiae
1444 3556 1548 3629 urbiS,
1571 3558 1687 3620 contra
1708 3558 1832 3620 statuta
1852 3573 1877 3621 a

1080 3651 1264 3731 venerabili
1289 3652 1393 3715 fratre
1414 3654 1528 3719 nostro
1552 3656 1589 3714 P.
1612 3654 1775 3737 albanen.
1801 3657 1879 3734 epi·

1061 3766 1192 3827 .scop0,
1216 3751 1294 3811 dum
1317 3750 1388 3812 illic
1412 3749 1589 3827 legationis
1616 3751 1727 3813 officio
1750 3752 1879 3830 lunge-

1080 3836 1188 3925 retur,
1200 3846 1306 3919 edita„
1314 3846 1503 3911 distrahere
1517 3863 1583 3908 non
1603 3849 1766 3921 metuens,
1780 3865 1879 3911 mer-

1081 3942 1252 4007 cenarium
1263 3944 1296 4007 te
1308 3943 1447 4007 exhibes
1462 3944 1573 4021 potius
1584 3960 1682 4025 quam
1692 3948 1878 4023 pastorem,

1080 4057 1154 4101 eum
1169 4040 1222 4103 lac
1234 4043 1267 4102 et
1279 4040 1391 4105 lanam
1406 4056 1558 4118 quaerens
1570 4058 1613 4102 ex
1625 4041 1880 4120 oribussvagas

1080 4154 1148 4201 non
1159 4137 1300 4199 reducas
1310 4138 1352 4198 ad
1367 4138 1493 4207 caulas,
1510 4152 1572 4202 neo
1586 4138 1693 4200 lentas
1708 4140 1877 4213 stimules,
1998 4188 1999 4233 7

1060 4234 1116 4313 ,et
1140 4231 1316 4309 languidas
1341 4248 1408 4295 non
1434 4236 1614 4307 sustentes,
1642 4234 1882 4312 praedicationi

1080 4331 1216 4395 minime
1231 4331 1425 4403 insistendo,
1442 4347 1508 4409 qua
1528 4332 1619 4408 ipsas
1639 4348 1791 4408 arguere,
1810 4333 1880 4395 ob-

1081 4444 1224 4496 secrare,
1240 4444 1280 4488 ac
1294 4428 1468 4511 increpare
1489 4424 1627 4495 deberes
1646 4428 1682 4495 in
1700 4430 1792 4491 omni
1810 4447 1881 4508 pa-

1080 4524 1197 4589 tientia
1211 4525 1244 4587 et
1255 4524 1418 4590 doctrina·

1097 4695 1102 4701 ,
1120 4623 1392 4686 Missarumvero
1410 4620 1573 4683 solemnia
1589 4622 1762 4685 rarissime
1784 4624 1885 4686 cele-

1080 4719 1157 4780 bras
1172 4720 1205 4781 et
1219 4719 1515 4781 excommunicatis
1539 4720 1785 4783 communicare
1807 4738 1884 4784 non

1080 4816 1211 4888 metuis,
1226 4817 1347 4877 etcum
1364 4816 1514 4889 Venetis,
1528 4818 1565 4878 ut
1584 4816 1701 4881 haberi
1720 4833 1764 4878 ex
1782 4818 1884 4882 fama

1080 4912 1214 4991 publica
1225 4913 1357 4985 dicitur,
1369 4910 1477 4977 iniisti
1490 4914 1607 4977 contra
1617 4915 1771 4977 rabones
1786 4916 1883 4978 alias

1080 5010 1216 5073 illicitas
1225 5010 1412 5086 pactiones;
1427 5012 1459 5075 et
1469 5011 1505 5073 ut
1518 5012 1615 5088 quasi
1627 5012 1710 5073 velis
1723 5012 1766 5075 ah
1776 5014 1887 5094 aqui-

1080 5108 1155 5185 lone
1170 5109 1263 5169 tuum
1279 5106 1400 5169 solium
1413 5107 1588 5179 collocare,
1601 5111 1886 5173 excommunica-

1079 5206 1130 5265 tos
1145 5220 1164 5264 a
1179 5204 1287 5279 legato
1296 5204 1494 5280 Apostolicae
1504 5205 1609 5275 Sedis
1618 5205 1747 5281 passim
1758 5207 1883 5270 absol-

1079 5302 1131 5361 vis
1155 5302 1188 5362 et
1206 5290 1483 5377 appellationibus
1502 5301 1649 5377 legitime
1664 5301 1882 5381 interpositis
1998 5380 1999 5389 ἵ

1080 5397 1121 5459 ad
1146 5398 1294 5458 eamdem
1316 5397 1450 5459 differre
1471 5399 1671 5473 contemnis3
1696 5401 1729 5461 et
1746 5401 1882 5463 addens

1081 5494 1301 5575 contemptum
1317 5494 1530 5571 contemptui,
1544 5495 1703 5572 quosdam
1718 5494 1879 5570 clericos,

1080 5608 1162 5670 quos
1173 5592 1312 5654 dilectus
1327 5591 1415 5653 lilius
1429 5592 1591 5665 hesteri..
1601 5591 1650 5655 tit
1663 5595 1697 5654 S.
1709 5596 1881 5658 Praxedis

1223 5696 1231 5737 Ι
