3886 6214
274 217 333 280 251
889 214 1068 277 Honesti
1088 216 1135 277 III
1152 216 1304 279 OPERA.
1393 260 1401 269 -
1844 227 1889 287 &d

175 410 182 419 ·
316 376 446 455 Quinto
479 375 691 439 numerosior
727 375 930 453 aggregatur
959 375 1071 439 bomi-
1124 376 1299 438 ecclesiam
1318 375 1407 438 beati
1427 375 1518 439 Petri
1532 377 1655 440 Montis
1669 376 1785 441 Sereni
1801 378 1831 441 in
1850 381 1888 445 die

276 491 356 539 num
379 473 564 546 multitudo,
579 473 672 535 mum
695 472 806 533 minus
832 473 918 541 solet
938 472 1070 534 ratione
1124 473 1344 535 dedicationis
1362 475 1522 551 eiusdem,
1538 475 1730 537 salutemet
1748 479 1888 555 apostoli

275 572 453 650 compesci,
469 571 547 631 dum
566 569 689 645 singuli
709 570 879 647 proprium
892 573 1069 646 sequentes
1124 586 1198 631 cam
1211 570 1487 633 benedictionem.

277 670 443 740 affectum,
475 683 539 728 non
565 667 651 745 quod
678 667 766 739 licet,
796 667 854 729 sed
876 667 962 745 quod
977 667 1067 739 libet,
1165 669 1327 741 Quoniam
1351 669 1394 729 ad
1420 669 1567 731 futuram
1593 670 1748 746 gloriam,
1774 688 1840 749 qua
1862 676 1887 736 iu

277 766 428 830 ambiunt
440 765 637 837 inconsulte,
655 765 688 827 et
699 765 907 827 edrenantur
921 764 1021 826 facile
1034 765 1070 825 in
1123 765 1220 827 nobis
1235 765 1450 839 revelabitur,
1464 782 1531 829 non
1541 769 1619 827 sunt
1632 768 1804 844 condignae
1813 769 1888 848 liujus

275 864 463 933 tumultum,
473 863 539 924 nisi
551 878 667 924 eorum
677 862 779 925 fuerit
792 861 958 924 desiderio
970 877 1071 939 quan·
1124 863 1283 940 temporis
1308 864 1483 942 passiones
1513 866 1547 927 et
1571 864 1709 941 propria
1736 866 1888 929 muium

275 964 487 1038 tumcumque
496 959 720 1023 irrationabili
734 959 951 1023 satisfactum.
962 962 1070 1031 Quare
1125 960 1273 1022 eamdem
1286 976 1353 1023 non
1363 960 1535 1023 sufficiunt
1550 960 1774 1034 obtinendam,
1785 966 1889 1041 expedit

274 1075 342 1123 non
369 1058 546 1120 immerito
569 1058 792 1120 adhibendum
814 1058 865 1119 est
887 1057 1069 1119 remedium
1124 1058 1224 1136 hujus
1240 1059 1356 1121 saeculi
1376 1058 1467 1131 filiis,
1487 1060 1544 1136 qui
1558 1074 1647 1136 saepe
1661 1060 1888 1123 acmultumsui

275 1156 472 1234 disciplinae,
488 1172 564 1234 quae
578 1154 743 1219 fervorem
758 1154 917 1218 cohibens
935 1155 1070 1217 animo-
1124 1155 1298 1218 offendunt
1318 1155 1433 1218 oculos
1458 1156 1659 1229 conditoris,
1684 1157 1722 1218 ut
1747 1157 1804 1218 filii
1826 1158 1888 1220 lucis

275 1270 363 1327 rum,
379 1253 547 1315 refrenata
575 1251 802 1329 improborum
824 1251 977 1321 audacia,
993 1250 1072 1313 uni-
1124 1268 1184 1331 per
1206 1252 1339 1315 labores
1359 1253 1509 1331 corporis
1528 1254 1563 1315 et
1582 1269 1687 1331 opera
1708 1255 1832 1331 pietatis
1844 1255 1888 1316 sibi

276 1367 376 1414 versa
387 1349 632 1415 rationabiliter
652 1349 854 1412 moderetur.
871 1351 979 1421 Quum
1000 1348 1069 1425 igi-
1123 1349 1251 1412 faciant
1265 1350 1361 1428 quasi
1373 1350 1415 1412 de
1430 1366 1618 1412 mammona
1632 1350 1816 1430 iniquitatis
1826 1352 1889 1413 ani·

275 1449 342 1523 tur,
360 1448 447 1511 sicut
465 1446 727 1524 accepimussed
737 1462 806 1509 non
821 1446 936 1524 utique
951 1460 1071 1523 accep-
1125 1463 1192 1521 cos,
1209 1448 1278 1525 qui,
1290 1463 1392 1525 quum
1401 1446 1595 1520 defecerint,
1607 1447 1643 1509 in
1662 1450 1786 1511 aewrna
1801 1447 1888 1510 taber-

274 1546 397 1617 iamus,
431 1544 466 1607 in
502 1559 607 1621 reguo
643 1544 824 1621 Hunqariae
859 1544 991 1607 noviter
1026 1543 1071 1604 sit
1124 1543 1246 1606 nacula
1271 1560 1330 1607 eos
1349 1543 1526 1621 recipiant,
1548 1545 1714 1621 quatenus
1735 1544 1816 1623 quod
1832 1561 1888 1623 pos

276 1643 446 1717 statutum,
461 1644 498 1705 ut
518 1658 635 1705 omnes
659 1641 774 1719 populi
795 1641 998 1704 cuaveuiaut
1017 1640 1069 1703 bis
1124 1640 1267 1703 sibilitas
1286 1641 1435 1718 ipsorum
1459 1657 1527 1702 non
1552 1641 1694 1714 obtinet,
1713 1642 1837 1704 illorum
1854 1644 1887 1703 eis

273 1740 311 1803 in
333 1755 434 1814 anno,
454 1738 514 1801 ubi
535 1739 636 1802 etium
658 1738 852 1801 carissimus
876 1738 913 1799 in
936 1737 1069 1801 Christo
1122 1738 1364 1801 intercessione
1376 1738 1511 1811 donent,
1521 1739 1578 1817 qui
1590 1740 1742 1801 viventes
1756 1740 1790 1800 in
1802 1755 1885 1811 mmo,

275 1838 364 1901 filius
395 1837 545 1901 nostem..
568 1852 630 1899 rex
659 1839 897 1913 Hungarorum
924 1835 1069 1897 illustris
1124 1836 1349 1914 praeveniente
1360 1836 1480 1912 gratia,
1488 1837 1685 1898 meruerunt
1695 1836 1756 1898 filii
1764 1837 1885 1906 bailleti,

273 1936 495 2014 personaliter
526 1935 689 1996 interesse
722 1935 870 2006 tenetur,
911 1934 947 1997 et
976 1934 1069 1995 nnn
1124 1934 1158 1995 et
1190 1933 1259 1995 illis
1290 1933 1454 1995 arixilium
1490 1934 1673 2011 implorare
1706 1935 1832 1996 coeieae
1847 1934 1886 2012 qui

273 2032 497 2105 multitudinis
507 2032 616 2100 turba,
632 2030 765 2094 turbata
781 2031 944 2094 modestia
958 2030 1068 2092 ratio·
1132 2029 1250 2092 devote
1278 2030 1430 2092 nituntur
1455 2032 1588 2108 assequi
1614 2032 1831 2109 patrocinium
1847 2045 1888 2091 eo·

273 2131 339 2203 uis,
354 2129 396 2191 ab
417 2129 532 2192 omem
551 2144 630 2206 rege
642 2128 794 2191 difficilia
814 2132 849 2189 et
867 2128 993 2204 injusta
1007 2142 1067 2189 so·
1122 2128 1284 2188 rumdem.
1310 2131 1416 2200 Quum
1433 2128 1537 2204 igitur
1551 2128 1695 2190 ecclesia
1714 2128 1827 2190 Montis
1844 2130 1886 2188 So·

273 2227 365 2291 leam
388 2227 552 2304 postulari
572 2247 580 2287 z
600 2226 757 2289 uidelicet
778 2227 816 2289 ut
838 2224 1011 2302 magnetes
1036 2226 1069 2286 et
1122 2226 1197 2286 reni
1232 2225 1268 2286 iu
1298 2224 1425 2287 honore
1450 2225 1539 2287 beati
1568 2226 1660 2288 Petri
1687 2225 1886 2304 Apostolomn

274 2323 404 2387 nobiles
438 2323 545 2400 regni,
573 2338 656 2401 qnos
685 2322 811 2384 habent
833 2336 967 2394 exosos,
997 2320 1068 2382 suis
1122 2322 1284 2400 principis
1302 2323 1344 2383 sit
1359 2325 1548 2386 constructa
1560 2325 1594 2385 et
1607 2324 1644 2384 in
1659 2323 1742 2386 festo
1756 2322 1884 2400 ejusden,
1918 2375 1919 2380 ,

152 2448 158 2469 1
274 2420 491 2498 dignitatibus
500 2423 535 2483 et
548 2420 731 2483 bonoribus
743 2419 877 2497 spoliati
891 2419 1069 2481 excludan-
1123 2420 1208 2497 quod
1224 2420 1266 2480 ad
1280 2420 1422 2482 Vincula
1437 2420 1569 2490 dicitur,
1581 2421 1623 2482 ad
1639 2422 1701 2483 Dei
1713 2420 1886 2483 bonorenet

273 2518 330 2581 tur
341 2534 362 2581 a
375 2533 490 2595 regno,
505 2519 666 2579 eteorum
680 2516 813 2579 bonain
828 2517 959 2594 populis
976 2515 1067 2577 divi·
1122 2518 1265 2594 gloriam
1285 2517 1449 2590 dedicata,
1465 2520 1502 2579 ut
1517 2519 1624 2596 ipsius
1644 2518 1831 2582 mereamini
1843 2532 1885 2593 pu·

274 2615 413 2678 dantur:
426 2618 537 2688 Quare
549 2615 637 2677 idem
647 2614 868 2677 redditurrex
875 2613 1065 2691 perplexus,
1121 2615 1302 2676 trocinium
1324 2615 1410 2692 apud
1437 2618 1551 2688 Deum,
1578 2616 1634 2694 qui
1660 2632 1705 2678 ex
1730 2615 1885 2678 constantia

273 2712 420 2791 eoquod
442 2712 685 2774 siturbulentis
705 2709 1066 2789 hujusmodipostula·
1121 2713 1154 2773 et
1179 2727 1267 2773 uerae
1288 2712 1367 2773 fidei
1387 2712 1597 2775 confessione
1622 2714 1802 2791 promeruit
1821 2712 1885 2772 inter
1918 2779 1919 2782 Ἴ

273 2811 421 2876 tionibus
443 2811 645 2888 acquiescat,
659 2810 752 2872 laedit
769 2809 947 2886 justitiam,
961 2807 1069 2869 offen·
1121 2808 1296 2885 Apostolos
1316 2810 1552 2888 principatum,
1571 2812 1605 2873 et
1624 2811 1764 2889 ligatum
1783 2807 1883 2871 esseio

273 2909 322 2972 dit
335 2923 462 2986 pacem,
479 2909 513 2970 et
524 2908 647 2970 exinde
660 2907 753 2982 regia
764 2906 911 2983 potentia
926 2920 1068 2967 enerva-
1121 2907 1214 2968 coelis
1235 2907 1320 2984 quod
1341 2907 1382 2967 ab
1407 2924 1446 2969 eo
1466 2908 1589 2983 ligatur
1603 2908 1638 2969 in
1656 2909 1764 2980 terris,
1779 2906 1809 2969 et
1821 2901 1883 2983 quod

272 3011 347 3086 tur3
377 3014 411 3075 et
435 3011 557 3073 iterum
578 3009 608 3071 si
621 3009 711 3087 Jusfe
726 3008 825 3084 neget
839 3006 975 3085 iniusta,
997 3022 1066 3068 suae
1121 3004 1155 3064 in
1173 3004 1297 3065 eisdem
1315 3005 1403 3066 esset
1415 3004 1613 3078 absolutum,
1630 3005 1674 3066 ab
1691 3007 1762 3083 ipso
1777 3001 1883 3065 foretiu

272 3122 475 3185 suorumque
502 3108 598 3171 timet
619 3106 805 3183 periculum
833 3120 1064 3182 personarum.
1121 3102 1214 3163 coelis
1235 3102 1336 3164 etiam
1352 3101 1553 3175 absolutum,
1574 3102 1819 3165 universitatem
1829 3113 1884 3161 ses-
1918 3145 1919 3148 ,

271 3205 341 3267 Nos
361 3204 512 3266 volentes
527 3218 626 3280 super
644 3204 708 3265 hoc
730 3201 864 3264 salubre
882 3201 1066 3264 remedium
1120 3200 1206 3260 tram
1217 3215 1390 3260 monemus
1400 3201 1433 3262 et
1445 3200 1663 3262 exhortamur
1675 3201 1796 3263 attente
1808 3199 1884 3258 inre·
1917 3248 1918 3251 ,

271 3300 441 3371 adhibere,
457 3298 783 3361 discretionivestrae
803 3297 1065 3374 perApostolica
1120 3297 1314 3358 missionem
1327 3296 1423 3358 vobis
1441 3299 1671 3375 peccaminum
1691 3294 1882 3376 injungentes,
1918 3333 1919 3338 κ

271 3398 396 3474 scripta
429 3396 637 3468 mandamus,
673 3398 838 3473 quatenus
874 3392 1065 3471 hujusmodi
1120 3394 1276 3470 quatinus
1287 3396 1503 3456 memoratam
1517 3391 1883 3457 ecciesiaminfestode-

263 3476 525 3565 'multitudinem
538 3492 720 3570 utjustitiae
733 3491 888 3557 contenta
903 3491 1064 3554 limitibus
1120 3491 1296 3553 dicationis
1309 3493 1520 3570 ejusdemdie
1531 3492 1685 3566 solemni,
1695 3488 1883 3555 nobisinrir·

271 3593 319 3653 nil
344 3592 462 3655 contra
484 3605 598 3666 regem
618 3589 672 3653 uel
699 3604 856 3652 coronam
879 3589 996 3666 ipsius,
1009 3589 1064 3651 uel
1118 3590 1224 3651 tutum
1244 3589 1628 3667 confrequentationibus
1655 3588 1832 3655 constituit,
1848 3584 1883 3645 sic

271 3690 387 3753 contra
408 3703 569 3767 personas
581 3687 767 3765 principum
783 3686 843 3748 aut
862 3686 950 3749 bona
973 3686 1065 3763 ipso-
1118 3681 1882 3765 devotopietatisstudiovisitatisquodejusden

269 3802 361 3857 rum,
395 3786 620 3865 pretermisso
651 3784 741 3863 juris
778 3784 904 3857 ordine,
943 3783 1065 3847 audeat
1117 3783 1350 3860 Apostolorum
1361 3783 1522 3862 principis
1532 3785 1720 3862 pan-ocinio
1729 3780 1884 3860 postliujus

268 3884 394 3948 temore
406 3884 581 3955 adeamne,
595 3883 758 3945 moneatis
771 3882 930 3945 abentius
942 3882 976 3945 et
989 3881 1064 3943 effl-
1116 3880 1194 3942 uitae
1211 3881 1386 3943 decursum
1400 3880 1441 3942 ud
1456 3897 1561 3942 cornu
1575 3882 1777 3958 perveniatis
1790 3874 1883 3940 altaris

269 3982 395 4044 caciter
405 3981 580 4043 inducatis.
598 3980 876 4052 contradictores,
893 3980 955 4042 etc.
970 3980 1062 4052 Quod
1117 3978 1159 4040 ad
1182 3967 1418 4055 cognitionem,
1442 3979 1599 4041 videlicet
1626 3979 1759 4042 deitatis
1780 3977 1812 4038 in
1835 3984 1883 4049 qul

269 4079 585 4150 sinonomnes,etc.
598 4079 715 4139 Datum
724 4077 1063 4150 Lateranixvllka-
1116 4076 1184 4137 rita
1212 4078 1338 4137 aeterna
1364 4076 1527 4148 consistit,
1555 4076 1773 4155 Redemptore
1791 4070 1882 4134 nostru

268 4174 385 4236 lendes
408 4175 569 4252 januarii,
599 4174 812 4252 pontificatus
842 4174 950 4236 nostri
973 4190 1061 4236 anno
1116 4173 1257 4246 dicente,
1268 4173 1332 4235 hoc
1347 4189 1422 4235 esse
1436 4174 1539 4235 vitam
1555 4175 1714 4236 aeternam
1731 4177 1825 4235 Deum
1837 4180 1883 4244 pu·

269 4280 419 4357 septimo,
1115 4271 1200 4332 trem
1215 4272 1257 4343 ei,
1270 4287 1368 4349 quem
1383 4271 1454 4348 ipse
1466 4271 1569 4343 misit,
1578 4285 1780 4348 cognoscem
1791 4270 1882 4330 Jesun

1116 4368 1293 4430 Christum.
1308 4369 1351 4431 Ut
1367 4370 1489 4441 autem,
1506 4370 1628 4446 praeter
1639 4368 1786 4446 praedicti
1796 4369 1883 4439 Apos-

1114 4465 1258 4527 tolorum
1273 4465 1434 4543 principis
1452 4466 1672 4543 patrocinium
1688 4467 1721 4529 et
1734 4459 1881 4543 praemium

578 4530 749 4651 XXXIII
1114 4562 1209 4638 regni
1231 4562 1386 4635 coelestis,
1408 4562 1580 4639 preafatam
1604 4563 1777 4625 ecclesiam
1794 4560 1825 4619 in
1840 4552 1881 4614 dis

358 4666 361 4679 '
400 4683 451 4742 Ad
465 4683 647 4742 universos
661 4682 790 4744 Christi
801 4681 929 4754 fideles,
1115 4659 1272 4736 praedicto
1304 4659 1482 4722 visitantes
1512 4660 1629 4722 devote
1666 4660 1702 4721 in
1739 4655 1828 4720 terris
1854 4660 1881 4707 ³0

527 4813 560 4869 li
572 4810 692 4869 deoemb
721 4811 789 4869 ‘m
1114 4756 1279 4832 gaudeant
1298 4772 1418 4818 munus
1435 4757 1553 4833 gratiae
1568 4757 1765 4834 reportasse,
1778 4744 1880 4820 noste

696 4854 702 4867 ’
792 4854 799 4868 ·
1114 4853 1342 4915 misericordia
1357 4854 1419 4914 Dei
1443 4869 1483 4915 ao
1510 4854 1659 4931 ejusdem
1673 4848 1880 4930 Apostolomu

389 4934 432 4998 Ψ·
442 4933 547 4993 ¹⁰¹¹¹⁵¹›
561 4935 610 4985 Μ
624 4935 736 4993 fflffl‘·
747 4936 767 4985 t·
780 4934 800 4993 ¹·
813 4946 871 4999 Μ·
881 4932 934 4998 ⁶¹·]
1113 4949 1273 5028 principis
1287 4950 1320 5011 et
1326 4950 1508 5026 coapostoli
1518 4954 1591 5028 ejus
1601 4950 1697 5012 Pauli
1709 4938 1881 5010 auowdtuii

266 5050 414 5110 Universis
428 5047 673 5109 christifidelibus
688 5048 889 5106 accedentibus
906 5047 943 5106 ad
964 5049 1056 5107 eccle·
1113 5047 1240 5118 confisi,
1264 5047 1428 5120 omnibns
1456 5047 1512 5125 qui
1537 5047 1654 5109 devote
1677 5062 1717 5108 ac
1739 5045 1790 5123 pie
1806 5048 1880 5100 mm·

300 5138 459 5199 stambeati
473 5139 549 5196 Petri
563 5137 668 5195 Montis
682 5139 781 5196 Sereni
796 5136 886 5195 indie
900 5135 1055 5195 dedicatio·
1111 5144 1185 5205 dem
1201 5144 1377 5206 ecclesiam
1403 5144 1459 5205 die
1479 5144 1691 5206 visitaverint
1707 5133 1877 5220 pretaxato,
1919 5178 1920 5217 ,

300 5228 346 5287 ne
375 5225 505 5302 ejusaem
539 5223 749 5298 indagemus
778 5226 815 5285 ²⁰
841 5225 953 5284 dierum
986 5241 1055 5284 0⁰11·
1110 5241 1231 5317 viginti
1257 5241 1329 5303 ores
1352 5241 1394 5303 ue
1422 5240 1581 5319 immons
1613 5240 1678 5302 stur
1701 5226 1878 5317 maruntii
1919 5276 1920 5315 2

299 5316 385 5374 cedit.
1111 5337 1587 5401 misericorditerrelaxamus.
1600 5339 1719 5403 naum
1731 5322 1876 5397 mamni,
1919 5334 1920 5395 l

303 5430 1055 5509 Honoriusepiscopus,servusservorumiiei,
1108 5437 1184 5497 XVI
1212 5434 1343 5497 kalend.
1365 5436 1527 5513 januarii,
1555 5420 1764 5513 pontificatus
1787 5417 1875 5487 nosni
1919 5418 1920 5507 ᾗ

266 5528 432 5589 universis
447 5529 569 5591 Christi
590 5527 743 5591 fidelibus
766 5526 999 5593 accedentibus
1013 5527 1055 5588 ad
1110 5534 1281 5594 annovii.
1919 5516 1920 5541 ¹
