3916 6204
202 202 263 291 4ᾼο
851 216 987 291 .,„eitai
1004 217 1050 273 Ili
1071 216 1219 275 Oreine.
1767 218 1820 279 420

202 362 303 425 licam
317 363 436 427 wem
446 362 695 436 comminuente
705 367 817 427 carnis
824 367 994 431 interitum
1048 369 1364 444 liuseblmmergas.
1373 368 1541 446 Numquid
1553 384 1618 432 non
1626 368 1821 450 populumip·

203 461 349 532 Samum,
383 462 583 540 permisisti,
616 477 662 522 ne
692 461 844 523 dicamus
866 465 993 537 uerius,
1049 481 1122 525 sum
1137 465 1246 525 insna
1255 465 1383 525 rideris
1396 465 1820 541 perversitalelorere,dnm

202 556 310 619 iecisti
331 558 368 619 in
395 559 529 620 Pisanis
550 557 699 619 civim
716 559 913 634 potestatem
938 576 996 621 us-
1048 561 1413 638 praesentibusrineulo
1428 562 1771 623 exeommunicatlouis
1788 565 1823 624 li·

203 655 301 726 sumi,
316 671 383 716 nou
399 656 474 716 sine
486 653 646 731 scrupulo
661 653 802 716 tomitau
824 657 994 733 societatis
1047 654 1545 732 gatis,solemnitercelebrasin
1555 658 1824 720 mvimtcauctorl·

201 752 357 813 occultae:
371 768 433 813 nec
448 751 571 831 suidmt
580 752 610 813 si
623 751 664 813 ad
676 753 886 831 excusandas
896 770 994 816 mou
1046 755 1117 815 tate
1123 756 1237 815 nostra
1245 755 1414 835 supposita
1422 754 1608 819 interdicto.
1617 755 1685 814 Nec
1692 755 1823 831 allegare

202 849 347 927 sationes
360 849 395 908 iu
414 850 559 925 peccatis
583 849 724 913 forsitan
744 849 886 922 dixeris,
907 852 993 929 quod
1048 851 1141 927 potes
1155 850 1314 928 proiecto,
1328 851 1414 928 quod
1428 851 1736 925 ignorescivilatem
1748 868 1824 913 eam·

203 948 238 1005 tu
261 945 356 1005 illum
374 961 584 1023 nequaquam
615 948 773 1021 elegeris,
797 947 854 1008 sed
883 949 994 1025 potius
1048 947 1121 1007 dem
1132 948 1308 1009 interdicto
1321 947 1525 1018 conclusam,
1538 963 1579 1008 eo
1600 947 1688 1025 quod
1702 963 1763 1009 non
1775 964 1824 1010 re·

200 1038 373 1110 electores,
387 1039 443 1116 qni
470 1040 644 1114 elegerunt
657 1040 821 1115 eumdem,
835 1056 910 1101 curn
932 1041 993 1103 tibi
1048 1045 1178 1120 ceperis
1190 1045 1323 1106 litteras
1335 1044 1425 1115 illas,
1444 1059 1505 1120 per
1518 1058 1602 1119 quas
1612 1044 1648 1104 id
1661 1044 1825 1108 omnent

200 1134 614 1212 deproridendorectore,
634 1151 694 1196 seu
721 1137 897 1213 potestate,
910 1136 995 1198 ciri-
1048 1140 1293 1214 demandatum,
1322 1156 1425 1218 gnum
1448 1140 1529 1202 talis
1555 1141 1743 1216 ignorantia
1767 1158 1823 1204 non

199 1232 260 1294 tati
274 1232 525 1294 Pisanaelittera
539 1231 640 1293 suerit
653 1232 776 1295 tributa
791 1232 944 1307 facultas,
961 1234 995 1296 et
1047 1236 1155 1298 solum
1172 1239 1218 1299 sit
1233 1253 1366 1310 crassa,
1382 1237 1439 1298 sed
1468 1238 1568 1299 etiam
1591 1237 1775 1313 affacinata,
1797 1240 1826 1301 et

200 1329 268 1390 illis
283 1329 451 1405 potuisses
462 1329 664 1390 electoribus
677 1329 840 1403 inhibere,
854 1346 995 1406 neprae-
1048 1334 1267 1395 nibilominus
1281 1334 1406 1395 eaedem
1427 1334 1547 1395 litterae
1558 1335 1762 1411 postmodum
1774 1351 1826 1412 per

201 1425 326 1487 dictum
341 1426 503 1511 eligerent
527 1424 716 1502 reprobum,
744 1442 785 1488 eo
799 1427 885 1503 quod
907 1428 995 1503 esset
1047 1430 1205 1492 alericum
1222 1428 1426 1492 reiterabilis
1434 1430 1555 1492 lintris
1566 1432 1672 1492 nostri
1687 1432 1827 1493 neele-

201 1522 243 1583 ab
262 1524 489 1585 ecclesiastica
504 1522 631 1585 unitate
644 1523 815 1600 praecisus,
833 1524 866 1585 et
887 1525 994 1601 ipsius
1048 1528 1166 1591 mitani
1202 1527 1377 1604 episcopi,
1403 1528 1458 1589 oiri
1493 1526 1628 1589 damant
1660 1526 1824 1600 exhibita,

202 1621 355 1703 contagio
381 1621 473 1682 inlici
496 1622 607 1697 posset
634 1621 776 1699 populus
804 1621 990 1683 universus.
1049 1627 1084 1686 ut
1125 1639 1184 1686 eas
1211 1624 1335 1687 iaceret
1368 1623 1428 1685 tibi
1460 1625 1683 1701 praesentari,
1713 1626 1749 1684 in
1777 1627 1824 1686 tra

202 1720 368 1780 Preteree
379 1717 500 1778 multos
514 1717 599 1779 alios
608 1718 643 1778 in
657 1716 818 1780 electores
830 1720 995 1795 potuisses
1049 1721 1172 1783 luerint
1212 1721 1390 1798 praesentia
1418 1721 1588 1795 recitatam
1625 1718 1683 1786 oni
1713 1722 1760 1782 sic
1781 1721 1826 1782 ti·

201 1814 401 1897 eligere,qui
412 1828 620 1892 nequaquam
636 1815 815 1890 elegissent
829 1816 991 1893 eumdem,
1048 1818 1137 1879 ocris
1148 1817 1373 1893 respondisse,
1390 1817 1477 1892 prod
1497 1814 1585 1877 idem
1603 1817 1774 1894 episcopus
1791 1818 1827 1879 de

201 1915 234 1974 et
253 1913 328 1974 ideo
344 1908 466 1974 trustra
475 1913 601 1989 jacitur
614 1915 685 1973 rete
699 1914 777 1974 anie
797 1913 910 1987 oculos
925 1914 995 1990 pis·
1048 1916 1090 1975 iis
1103 1912 1168 1977 boo
1180 1915 1331 1990 tempore
1339 1908 1381 1974 se
1390 1914 1686 1980 intromitterentur
1696 1915 1825 1976 deberet

202 2009 993 2089 datorumRursusconsuletemetipsum,dtrum
1048 2010 1826 2088 Quumergosicadteinandatumnpoetolicum
1921 2009 1922 2014 ’

104 2166 119 2183 κ
200 2105 994 2185 scelusincurrerisidololatriaecontraobedien·
1047 2109 1177 2170 uenerit
1197 2108 1330 2178 iterato,
1348 2109 1385 2168 et
1401 2106 1568 2168 obstinato
1586 2108 1765 2171 conlo-nou
1782 2123 1828 2169 aa·

200 2204 281 2285 tiam
305 2204 404 2265 nobis
418 2203 615 2280 promissam
625 2205 753 2265 temere
766 2186 945 2277 veniendo,
961 2208 995 2279 et
1047 2204 1353 2282 quieverisettacie
1363 2198 1533 2275 indurata,
1543 2216 1659 2266 nonno
1668 2205 1827 2267 incurristi

200 2300 380 2362 deferendo
424 2300 550 2377 homin-l
581 2304 695 2379 contra
734 2303 850 2363 Deum.
887 2304 992 2383 Quum
1047 2302 1142 2379 quasi
1158 2298 1325 2362 ariolandi
1338 2293 1521 2377 peccaturi,
1538 2303 1571 2363 et
1587 2301 1625 2362 in
1641 2301 1756 2363 Balaal
1774 2300 1826 2363 dii

201 2399 289 2460 enim
304 2398 364 2460 tibi
377 2397 501 2475 nostris
513 2398 835 2475 litterisdederimus
848 2401 884 2461 in
897 2416 993 2460 man·
1046 2403 1134 2460 Beer
1154 2398 1359 2459 consortium
1386 2397 1546 2460 incidisti.
1565 2400 1746 2470 Pimterea
1759 2397 1826 2459 etsi

201 2496 299 2567 datis,
315 2496 353 2557 ut
365 2494 581 2575 nisipopulus
594 2495 739 2557 ciuitatis
751 2497 919 2575 praedictae
929 2513 949 2558 a
959 2500 992 2559 te
1047 2510 1147 2573 super
1161 2494 1223 2556 boc
1237 2496 1386 2556 nmirum
1407 2510 1474 2556 non
1489 2495 1679 2572 recepisses
1703 2494 1826 2556 manda-

200 2594 344 2655 monitus
368 2592 545 2671 diligenter
570 2593 783 2670 saepedictum
811 2593 991 2670 reprobum
1046 2594 1125 2664 tum,
1141 2606 1202 2653 neo
1224 2594 1336 2654 emen
1355 2591 1494 2655 deberes
1513 2592 1581 2653 illis
1598 2592 1766 2657 celebrare
1781 2592 1828 2652 di-

189 2692 407 2753 removerent
422 2706 442 2752 a
464 2706 537 2771 suae*
555 2691 720 2767 regimine
742 2691 899 2763 civitatis,
923 2692 991 2765 tam
1045 2691 1136 2760 vina,
1151 2704 1214 2750 nec
1227 2689 1429 2766 participare
1447 2690 1600 2762 cumeis,
1616 2692 1826 2767 praeterquam

199 2789 367 2851 civitatem
397 2788 504 2865 ipsam
532 2789 728 2850 auctoritate
749 2791 863 2850 nostra
883 2790 992 2850 eccle·
1044 2788 1080 2848 in
1105 2787 1184 2857 illis,
1209 2802 1284 2863 quae
1307 2788 1474 2862 pertinent
1491 2787 1534 2847 ad
1556 2787 1827 2864 salutaremus
1921 2861 1922 2864 Ἴ

200 2886 336 2948 siastico
363 2885 539 2947 interdicto
563 2886 765 2958 conclusam,
782 2876 881 2962 piram
902 2902 991 2963 saepe
1045 2884 1132 2945 scias
1155 2883 1233 2944 illos
1254 2883 1826 2947 excommunicationis'seateutiam

200 2984 323 3047 (lictum
340 2984 470 3044 Satanae
481 2981 674 3054 membrum,
693 2984 726 3045 et
742 2998 856 3044 omnes
875 2984 989 3046 inten·
1045 2981 1237 3052 incurrisse,
1254 2990 1354 3057 quam
1366 2980 1828 3056 praedictusticttaleemitanus

199 3081 314 3143 dentes
326 3080 444 3149 eidem,
459 3095 518 3140 seu
538 3081 732 3155 praestantes
747 3079 921 3148 auxilium,
937 3081 989 3142 vel
1045 3077 1305 3156 episeopustulit
1327 3077 1449 3148 ineos,
1470 3077 1537 3138 sia
1564 3094 1656 3139 nono
1679 3077 1828 3139 kalendas

201 3180 361 3251 favorem,
376 3175 725 3239 excommunicationis
749 3178 868 3254 laqueo
886 3179 989 3240 inuo—
1040 3175 1128 3253 Junii
1143 3189 1249 3251 usque
1263 3174 1305 3234 ad
1317 3172 1438 3234 festum
1452 3172 1540 3235 beati
1555 3174 1675 3235 iacobi
1689 3174 1828 3252 proximo

201 3277 307 3347 dalea,
323 3275 455 3355 sublato
474 3273 653 3349 cuiuslibet
663 3274 937 3339 contumeliosis
954 3278 990 3339 et
1044 3269 1830 3348 tuucrentunrm,Lucanisinpersonis,atrebas

198 3372 430 3450 appellationis
460 3370 629 3441 obstaculo
659 3372 843 3445 enuntiares,
873 3373 906 3433 et
931 3389 990 3449 per
1043 3382 1165 3445 perso,
1180 3366 1234 3429 rel
1248 3366 1396 3429 subditos
1422 3382 1502 3429 suos
1526 3368 1704 3430 attendere
1726 3368 1828 3429 anen-

198 3469 365 3530 civitatem
385 3466 533 3527 eamdem
546 3469 578 3526 et
592 3469 664 3542 ejus
680 3466 847 3527 dioecesim
862 3467 989 3528 iaceres
1043 3466 1211 3537 incentat
1233 3480 1275 3525 en
1292 3479 1332 3524 eo
1358 3463 1576 3525 nihilominus
1602 3464 1828 3527 excommuni-

198 3564 363 3637 nuntiam
380 3565 428 3633 tu,
440 3550 553 3622 oc'ulos
568 3564 643 3623 tuos
658 3562 806 3623 statuens
821 3562 989 3624 declinare
1043 3563 1174 3625 mitono
1195 3563 1317 3637 ligatos
1332 3575 1399 3621 non
1417 3561 1554 3637 ignores
1578 3562 1726 3635 eosdem,
1750 3559 1827 3638 qiiod

81 3658 84 3669 '
198 3663 392 3731 interram,
420 3658 616 3721 obedientiae
640 3674 730 3721 nean
754 3659 899 3737 dirupto,
922 3674 989 3721 non
1044 3659 1288 3721 communicant
1317 3658 1458 3734 reprobo
1496 3663 1697 3729 memorato,
1723 3660 1828 3720 inten-

196 3759 303 3823 solum
317 3759 351 3819 id
363 3756 743 3833 allicereeontempsisti,
755 3771 872 3817 seriam
888 3758 988 3820 etium
1044 3757 1150 3818 dendo
1175 3756 1238 3817 sibi
1266 3758 1300 3817 et
1327 3756 1475 3832 parendo
1495 3755 1604 3833 ipsius
1635 3755 1826 3834 dispositio·

198 3855 334 3916 noluisti
346 3854 477 3916 litteras
496 3853 586 3929 ipsas
601 3853 762 3929 recipere,
781 3855 815 3914 et
829 3854 915 3930 quod
930 3855 990 3916 de-
1043 3854 1141 3914 nibus
1167 3854 1201 3915 et
1219 3852 1397 3914 mandatis.

196 3953 301 4019 terius
316 3952 377 4021 est
389 3951 535 4021 nuntios,
554 3950 745 4015 adserentes
762 3950 906 4025 easdem,
921 3968 988 4015 non
1057 3986 1062 3991 ·
1083 3949 1230 4026 Denique
1245 3964 1345 4026 quum
1360 3948 1499 4010 deberes
1522 3963 1565 4010 ex
1587 3949 1702 4013 otiolo
1723 3951 1829 4028 pasto-

198 4032 987 4131 sineeompemptuiposioucaesenissimum,
1043 4048 1108 4109 ssu
1122 4047 1284 4108 menelae
1303 4045 1448 4122 propiis
1467 4045 1616 4107 nameus
1640 4048 1828 4109 anemae

196 4146 232 4216 tn
258 4145 324 4211 tuis
350 4143 539 4209 sustinuisti
565 4143 716 4207 domibus
730 4144 854 4219 acriter
869 4145 990 4219 verbe-
1043 4144 1175 4206 ouesad
1190 4143 1365 4214 caelantia
1390 4142 1431 4203 de
1454 4143 1599 4219 pastore,
1614 4160 1657 4204 ne
1682 4144 1827 4222 proprius

196 4242 278 4313 rari,
293 4240 378 4321 quod
392 4256 459 4323 uon
473 4239 614 4317 sinetua
630 4239 842 4321 conniventia
869 4243 989 4307 merito
1043 4242 1193 4302 dicamus
1213 4240 1249 4300 in
1273 4239 1397 4315 lupum,
1423 4240 1458 4299 in
1479 4241 1723 4301 mercenarium
1743 4255 1828 4302 eom·

196 4335 492 4423 praesumituriore
514 4335 648 4415 iactum
673 4336 770 4413 Vide,
783 4339 816 4413 et
842 4339 930 4416 apud
955 4343 989 4409 te
1043 4339 1188 4400 mutabis
1202 4337 1388 4412 exposuisti
1402 4348 1535 4412 gregem
1549 4337 1610 4399 tibi
1622 4339 1825 4399 commissum

72 4478 85 4499 t
196 4434 478 4523 ipsumrecogita3
497 4449 596 4515 quam
621 4434 660 4521 in
683 4433 747 4508 boo
769 4434 867 4517 nobis
885 4434 989 4505 lucris
1043 4437 1194 4512 luporum
1222 4433 1394 4508 rapacium
1429 4433 1599 4494 morsibus
1627 4435 1824 4505 laniandum,

197 4533 365 4605 obediens,
378 4530 613 4609 quamtidelisl
628 4531 663 4609 Si
677 4530 988 4610 SedeseslApostm
1043 4533 1120 4593 dum
1135 4533 1184 4592 eis
1199 4518 1300 4592 talem
1319 4531 1354 4589 in
1373 4531 1537 4590 rectorem
1560 4532 1686 4607 praetiei
1707 4531 1827 4608 permi-

196 4630 457 4717 licamatertua,
470 4626 528 4693 ubi
541 4627 712 4693 estlronor
725 4630 820 4707 eiust
833 4629 862 4693 si
881 4629 990 4692 domi·
1043 4630 1127 4701 sisti,
1150 4629 1247 4705 cujus
1269 4627 1424 4701 cmnagie
1446 4627 1604 4689 maculati
1629 4629 1768 4690 tendant
1787 4625 1823 4687 ad

159 4788 162 4793 .
196 4745 252 4804 ila,
268 4728 452 4793 ubitimorl
467 4727 586 4801 Nonne
601 4725 636 4787 in
651 4725 704 4797 iis,
721 4727 755 4789 et
767 4726 938 4799 bonorem,
956 4728 988 4790 et
1043 4725 1213 4787 interitum
1237 4723 1356 4785 salutis
1377 4724 1522 4784 aeternae.
1554 4724 1640 4786 Ecce
1669 4723 1826 4803 quomodo

195 4825 418 4909 reverentiam
444 4821 652 4893 subtraxisti,
685 4824 719 4885 et
735 4822 842 4905 icadas
869 4824 988 4901 iniisse
1042 4820 1155 4898 diligis
1177 4836 1311 4897 gregem
1335 4821 1442 4891 marm,
1467 4834 1545 4881 ecce
1569 4822 1713 4898 qualiter
1734 4834 1827 4882 erse·

196 4922 320 4997 rideris
331 4936 405 4987 cum
428 4920 552 4987 mortei
565 4918 705 4999 attende
721 4919 841 5001 iterum
855 4922 888 4980 et
902 4936 986 4985 con-
1042 4932 1146 4995 quens
1156 4918 1301 4979 cilicium
1313 4916 1491 4993 pastorale,
1502 4918 1589 4993 quod
1602 4920 1653 4979 est
1664 4919 1823 4980 infirmum

196 5021 317 5099 sidera,
335 5004 363 5083 si
389 5015 579 5099 episcopale
592 5015 746 5079 convenit
767 5016 828 5095 tibi
854 5032 986 5089 nomen,
1042 5015 1287 5086 consolidasset
1301 5013 1447 5090 sicquod
1464 5015 1624 5089 aegrotum
1648 5018 1698 5078 est
1719 5028 1823 5085 sanas,

197 5134 297 5209 quum
307 5116 350 5177 ad
363 5111 657 5193 entrabendumde
672 5113 747 5195 lacu
759 5115 987 5191 perversitatis
1024 5126 1170 5174 necnon
1186 5113 1233 5173 ita
1248 5110 1337 5187 quod
1351 5109 1557 5172 contractum
1577 5113 1630 5173 est
1652 5111 1823 5188 siliginei

197 5230 332 5303 gregem
355 5210 417 5297 tibi
445 5209 669 5291 commissum,
685 5211 774 5273 nein
788 5209 986 5286 protundum
1041 5209 1203 5287 abjectum
1232 5207 1377 5278 reducis,
1402 5209 1436 5269 et
1461 5207 1546 5284 qnod
1570 5207 1611 5269 de
1634 5209 1707 5285 ipso
1730 5221 1822 5285 grege

197 5312 320 5389 teniat,
343 5309 377 5373 et
400 5308 597 5386 contemnat,
629 5307 728 5383 prout
758 5308 987 5385 interpretatio
1041 5306 1150 5385 periit,
1178 5306 1227 5366 sic
1249 5306 1415 5383 requirisl
1442 5305 1659 5381 Disciplinam
1686 5319 1822 5383 namque

196 5410 277 5481 dieti
286 5405 432 5491 neminis
447 5407 479 5469 et
491 5404 636 5485 osticium
659 5404 774 5483 exigit,
791 5419 856 5465 non
877 5405 987 5468 inten-
1040 5403 1174 5475 rideris,
1192 5403 1229 5464 ut
1251 5403 1393 5464 consilio
1417 5402 1577 5479 perditus,
1591 5400 1762 5480 abjecisse,
1777 5402 1821 5462 sic

197 5506 288 5577 dens,
302 5504 358 5567 sed
369 5502 761 5585 ipsuminillopermittas
772 5501 922 5579 immergi
932 5520 987 5582 po-
1028 5492 1105 5563 tuis
1116 5500 1232 5561 ovibus
1243 5499 1457 5576 providendo,
1472 5501 1505 5561 et
1517 5498 1739 5561 subtrahendo
1753 5498 1822 5559 obe·
