3886 6214
200 262 261 324 eor
813 258 991 320 aouoau
1011 258 1058 319 111
1078 255 1226 319 oreae.
1778 258 1835 319 soe

201 420 330 499 requie.
341 421 456 497 aeguo
468 417 652 496 nungune
659 415 810 491 dilatato,
816 428 918 495 quum
928 415 997 479 alia
1050 414 1158 478 oculis
1171 413 1389 493 pertramlre.
1410 411 1530 476 Datum
1545 410 1834 481 masaritias·

116 536 119 543 ’
202 533 287 596 pene
310 526 416 595 regua
438 516 507 580 sint
532 516 792 594 circumquaque
815 526 994 586 concussa,
1050 511 1166 574 leudes
1201 511 1341 589 aprilis,
1367 509 1578 589 pontificatus
1605 510 1712 572 nostri
1750 526 1834 574 auuo

202 615 362 693 numquid
386 628 489 676 nona
510 614 653 676 Domino
673 612 795 676 iactum
819 612 870 674 est
894 610 994 683 istud,
1050 609 1201 687 septimo.

202 713 261 790 qui
275 711 427 774 excelsus
451 711 641 774 dominatur
664 710 699 772 iu
720 722 823 787 regno
846 709 948 781 solus,
964 709 997 770 et

202 810 425 881 cultoluerit,
440 808 531 872 dabit
544 809 646 885 illud3
672 807 754 871 tacti
777 822 891 869 sumus
915 818 996 868 saue

201 905 843 982 dolorecordisiutrineecus,etiugenti
854 914 996 966 moerore
1328 873 1562 962 LXXXVIII

200 1004 337 1077 ‘urbm’
365 1004 452 1082 ‘1⁰⁰⁶
486 1020 586 1081 quum
610 1003 822 1080 Himssafifflfl
854 1001 995 1080 P⁰P¹¹¹¹¹⁸
1049 1026 1101 1087 Ad
1126 1024 1369 1101 margaretam
1386 1027 1558 1098 arcendam
1581 1020 1835 1099 imperatricem

200 1101 293 1164 velut
315 1101 571 1164 adolescentulae
593 1101 629 1162 iu
652 1100 788 1163 odorem
809 1098 996 1175 unguento-
1233 1120 1655 1197 cmpanpmopoumm

200 1212 276 1260 rum
290 1198 422 1260 Domini
434 1198 653 1271 cucurrerint,
670 1197 833 1260 hacteuus
848 1196 996 1259 decimas
1330 1251 1367 1310 30
1450 1251 1467 1265 ,,
1495 1251 1547 1310 m

201 1296 370 1369 ecclesiis,
401 1296 470 1358 imo
497 1299 577 1365 Deo,
614 1295 796 1358 secuudum
819 1293 995 1372 quemdam
1375 1254 1492 1310 mmm
1550 1295 1557 1310 ’

202 1392 419 1471 approbatam
448 1392 719 1455 consuetudinem
743 1392 898 1454 hilariter
919 1406 996 1467 per·-
1165 1374 1295 1440 [rusina
1305 1375 1372 1426 ¹⁰¹¹·
1388 1374 1531 1440 unipes,
1544 1376 1566 1439 ¹·
1574 1375 1614 1433 3⁹»
1628 1388 1654 1425 ¹¹·
1669 1374 1726 1440 ⁸⁰]
1929 1442 1932 1457 ,

202 1491 372 1565 solvendo,
387 1506 476 1553 nunc
489 1491 623 1553 homine
640 1490 777 1552 inimico
792 1488 996 1566 supersemi-
1048 1491 1209 1566 largareta
1227 1489 1372 1564 monim
1395 1490 1561 1564 imperatrix
1581 1490 1835 1563 domunttuopoll·
1929 1514 1932 1555 t

201 1594 304 1655 naute
315 1592 455 1666 zizania,
468 1595 501 1656 et
513 1593 647 1655 veritati
660 1607 725 1655 uon
740 1591 886 1663 obedire,
902 1591 996 1668 ipso-
1082 1588 1161 1649 tana,
1174 1580 1252 1653 '⁰81⁸
1265 1579 1420 1652 hungaria
1431 1594 1523 1648 ⁸⁰f⁰l2
1538 1594 1603 1636 ⁰¹¹¹ss
1618 1578 1702 1637 ¹³⁰⁰ss
1716 1579 1779 1638 Νὴ
1790 1578 1837 1637 ⁸¹¹³)
1931 1626 1932 1635 κ

201 1707 277 1753 rum
308 1690 422 1753 ocrilos
452 1690 658 1763 fascinante,
701 1688 872 1761 decimas,
909 1687 995 1749 sicut
1082 1667 1253 1741 Amuli
1263 1667 1345 1726 Sidss
1356 1669 1531 1741 lf⁰oe0⁰⁰⁰²
1541 1668 1704 1741 8118ΟΨῙῑυΓ·
1931 1746 1932 1749 ,

201 1787 401 1865 accepimus,
419 1788 549 1851 solvere
563 1788 710 1850 renuunt
721 1786 902 1849 secuudum
910 1800 994 1848 con·
1087 1793 1256 1855 Honorius
1265 1792 1450 1871 episcopus,
1460 1808 1577 1854 servus
1586 1807 1762 1855 serrorum
1771 1792 1835 1864 Dei,
1931 1816 1932 1845 ;

201 1885 410 1947 suetudinem
442 1886 686 1964 supradictam
727 1885 764 1946 ut
799 1884 907 1961 quasi,
937 1881 995 1944 ubi
1048 1889 1176 1953 dilectae
1191 1890 1226 1951 in
1238 1890 1368 1952 Christo
1382 1889 1461 1950 tiliae
1471 1891 1594 1952 nostrae
1606 1891 1663 1963 M,
1676 1889 1837 1967 quondam
1931 1940 1932 1945 ,

200 1984 316 2061 pascat
328 1998 469 2060 sponsus
482 1982 651 2055 Ecclesiae,
664 1981 721 2043 ubi
734 1981 832 2043 cubet
844 1981 879 2042 in
893 1979 995 2041 meri·
1047 1987 1252 2064 imperatrici
1287 1986 1661 2064 Constantinopolitanae
1696 1987 1835 2059 illustri,
1931 2004 1932 2043 3

200 2079 265 2152 die,
282 2080 419 2142 minime
444 2079 625 2151 intellecto,
650 2080 725 2156 post
747 2093 882 2155 gregem
896 2078 995 2139 soda-
1049 2084 1188 2146 salutem
1204 2084 1471 2161 etApostolicam
1485 2082 1763 2145 benedictionem.

170 2200 173 2207 ’
201 2175 283 2238 lium
304 2180 378 2254 ejus
395 2177 558 2253 incipiant
576 2176 724 2253 evagari.
742 2175 995 2252 Licetigiturte
1090 2181 1182 2244 Solet
1215 2197 1379 2252 annuere,
1414 2180 1490 2252 eto,
1523 2196 1630 2255 uscue
1664 2181 1837 2259 impertiri.
1930 2220 1932 2238 i

202 2274 368 2336 credimus
395 2275 628 2351 praedictorum
649 2290 766 2350 regum
790 2273 876 2336 velle
900 2272 994 2350 sequi
1048 2280 1241 2357 Eapropter,
1256 2279 1377 2341 dilecta
1392 2278 1428 2339 iu
1445 2278 1575 2340 Christo
1592 2278 1671 2351 lilia,
1685 2279 1756 2341 tuis
1765 2281 1837 2356 jus·
1931 2330 1932 2338 ,

201 2371 355 2447 vestigia,
371 2373 486 2433 0l11011
501 2372 609 2434 solum
632 2371 666 2433 in
681 2370 994 2449 regnihaereditate,
1048 2378 1091 2439 tis
1115 2375 1394 2454 postulationibus
1415 2377 1510 2453 grato
1530 2377 1769 2438 concurrentes
1787 2392 1838 2437 as-
1931 2418 1932 2431 ,

203 2468 261 2530 aad
276 2469 463 2532 devotionis
487 2470 520 2533 et
535 2469 612 2532 lidei
626 2485 758 2547 quoque
779 2468 993 2536 successisse,
1050 2490 1162 2546 sensu,
1178 2489 1354 2551 personam
1375 2475 1466 2535 tuam
1490 2489 1564 2534 cum
1588 2472 1754 2547 omnibus,
1770 2488 1837 2550 quae
1931 2526 1932 2532 ,

202 2566 281 2644 quia
296 2568 408 2647 minen
424 2566 755 2630 nounocetadmisso
769 2566 910 2628 subdere
925 2565 996 2627 cal·
1048 2571 1083 2632 iu
1115 2571 1368 2649 praesentiarum
1401 2569 1647 2632 rationabiliter
1677 2569 1836 2648 possides,
1931 2590 1932 2629 ;

202 2679 262 2727 car
273 2680 368 2742 equo,
384 2665 597 2728 serenitatem
621 2664 748 2741 regiam
771 2679 930 2740 rogamus
943 2664 996 2726 at·
1049 2669 1156 2732 autin
1171 2667 1318 2730 futurum
1328 2667 1562 2746 justismodis,
1578 2668 1761 2745 praestante
1775 2670 1837 2729 Do-

201 2762 328 2825 tentius
355 2765 389 2826 et
415 2779 609 2837 monemus,
631 2765 665 2826 et
692 2761 930 2834 exhortamur,
956 2761 993 2821 iu
1049 2766 1151 2839 mino,
1176 2766 1300 2844 poteris
1321 2765 1474 2843 adipisci,
1491 2764 1553 2826 sub
1577 2762 1667 2828 beati
1693 2766 1786 2827 Petri
1809 2765 1838 2826 et

202 2861 355 2934 Domino,
378 2860 415 2922 iu
428 2861 660 2923 remissionem
680 2859 742 2922 tibi
767 2859 995 2937 peccaminum
1049 2865 1163 2926 nostra
1176 2862 1382 2941 protectione
1407 2863 1629 2940 suscipimuss
1650 2860 1838 2940 specialiter

69 2992 73 3001 ·
202 2956 427 3035 injungentes,
442 2958 606 3036 quatenus
616 2958 763 3019 decimas
777 2959 862 3029 tuas,
875 2973 996 3018 secam·
1048 2963 1157 3024 autem
1180 2962 1326 3023 castrum
1352 2961 1458 3022 Kewe
1478 2974 1552 3022 cum
1577 2959 1647 3021 toto
1668 2959 1837 3033 comitatu,

202 3053 280 3116 dum
295 3055 569 3119 consuetudinem
596 3056 823 3126 memoratam,
854 3054 941 3116 sicut
962 3056 995 3116 et
1048 3058 1242 3131 redditibus,
1252 3057 1480 3135 dignitatibus,
1491 3060 1524 3120 et
1534 3057 1749 3134 proventibus
1760 3058 1836 3130 suis,

200 3151 453 3215 iecissedioeris
468 3153 696 3231 usquemodo,
712 3153 868 3215 hilariter
885 3151 996 3214 eccle-
1048 3156 1158 3220 varod
1174 3171 1315 3234 quoque,
1332 3154 1473 3229 Perben‚
1494 3158 1637 3217 damano
1658 3157 1692 3217 et
1710 3155 1839 3230 Zilzeug

200 3249 262 3310 siis
278 3251 497 3313 etmaniieste
512 3250 692 3327 persolvas,
719 3250 755 3311 ut
775 3250 994 3327 exemplotuo
1050 3270 1123 3316 cum
1144 3254 1246 3325 villis,
1262 3254 1382 3325 vineis,
1407 3253 1573 3331 piscariis,
1597 3253 1703 3314 serris
1725 3255 1760 3315 et
1782 3268 1839 3313 an-

201 3348 243 3408 ad
258 3347 322 3409 hoc
335 3347 576 3424 tibisubjectus
592 3345 653 3408 tibi
671 3346 812 3424 populus
833 3362 995 3423 provoce—
1049 3351 1136 3413 ciliis
1160 3353 1193 3413 et
1217 3351 1349 3413 catena
1379 3350 1589 3428 pertiuentiis
1611 3350 1700 3426 suis3
1729 3349 1840 3426 regale

200 3444 271 3518 tur3
288 3443 321 3505 et
330 3447 364 3505 tu
377 3461 437 3521 per
451 3445 515 3505 hoc
527 3446 561 3506 et
572 3444 639 3505 alia
654 3443 752 3516 bona,
770 3443 996 3520 praedecesso-
1050 3450 1186 3526 insuper
1213 3444 1385 3525 predium,
1416 3447 1502 3525 quod
1528 3447 1631 3525 Elpad
1657 3448 1840 3523 vulgariter
1930 3514 1932 3527 ξ

200 3543 422 3621 ruthOrum
443 3540 637 3604 isshael‘essdO
663 3542 827 3617 vestigiis,
852 3557 892 3602 ac
911 3540 996 3601 diri·
1049 3546 1249 3624 appellatur,
1267 3560 1343 3608 cum
1366 3544 1551 3608 redditibus
1573 3544 1607 3607 et
1626 3544 1840 3621 proventibus

200 3639 299 3714 gente
335 3640 476 3701 Domino
512 3652 649 3716 gressus
692 3638 783 3710 tuos,
819 3638 860 3700 ad
900 3640 994 3715 regni
1049 3645 1136 3720 suis;
1157 3659 1219 3706 uec
1243 3656 1311 3705 nou
1332 3643 1366 3705 et
1387 3643 1454 3705 alia
1475 3642 1541 3705 tria
1564 3643 1600 3703 in
1623 3638 1839 3704 Bacbacieusi

200 3736 343 3799 coelestis
356 3738 530 3815 pervenire
544 3734 659 3798 valeas
674 3736 838 3797 diadema.
855 3736 895 3798 st
910 3751 996 3814 quo·
1049 3741 1221 3819 provincia
1242 3741 1433 3812 constituta,
1450 3739 1605 3801 videlicet
1624 3742 1722 3817 sopra,
1741 3739 1839 3802 Curth

199 3834 289 3896 niam
314 3851 381 3897 non
400 3835 523 3898 suillcit
548 3834 675 3897 homini
703 3834 900 3912 potestatem
926 3834 993 3895 ha·
1049 3840 1082 3902 et
1104 3839 1257 3900 Mirislou
1275 3836 1577 3915 compertinentiis
1600 3836 1681 3908 suis,
1705 3850 1780 3914 qum
1801 3836 1838 3897 de

97 3992 102 4005 ,
199 3930 303 4007 henli,
317 3933 346 3994 si
360 3934 396 3994 in
406 3948 443 3995 se
456 3932 710 4009 ipsoabstineat
731 3932 773 3994 ab
796 3931 938 4003 offensa,
963 3934 996 3993 et
1049 3937 1267 3998 concessione
1279 3935 1444 3996 carissimi
1459 3936 1494 3995 iu
1511 3933 1642 3995 Christo
1657 3934 1719 3994 iiiii
1734 3934 1837 3995 nostri

202 4044 372 4102 excessus,
394 4033 552 4107 quantum
574 4031 611 4090 iu
632 4045 668 4091 se
693 4028 805 4100 suoru,
827 4029 996 4105 corrigere
1048 4033 1201 4105 Andreae,
1225 4033 1365 4095 illustris
1391 4033 1481 4108 regis
1509 4030 1838 4123 Hungarlae,4iratris

201 4143 268 4189 non
286 4127 417 4189 studeat
439 4127 657 4198 subditorum,
671 4142 746 4187 cum
769 4127 939 4203 negligere
962 4130 998 4189 et
1049 4133 1109 4203 tui,
1122 4134 1156 4193 te
1176 4131 1325 4206 legitime
1340 4129 1498 4206 proponis
1516 4129 1679 4206 adeptam,
1696 4129 1783 4191 sicut
1800 4143 1838 4190 ea

201 4224 348 4286 tolerare
358 4240 533 4300 perversos
548 4224 633 4285 nihil
648 4225 692 4285 sit
706 4223 808 4296 aliud,
826 4240 924 4302 quam
939 4224 993 4287 io·
1050 4228 1162 4290 omnia
1172 4229 1264 4305 juste
1278 4225 1428 4304 possides
1442 4227 1475 4287 et
1490 4224 1613 4302 quiete,
1635 4227 1669 4287 et
1686 4225 1722 4286 in
1737 4224 1839 4302 privi-

200 4337 291 4394 rere,
309 4338 370 4384 nec
380 4323 535 4384 videatur
549 4338 664 4383 carere
677 4321 833 4398 scrupulo
848 4322 994 4384 comem·
1049 4325 1146 4402 legiis
1160 4320 1310 4401 ejusdem
1333 4323 1424 4397 regis
1445 4321 1567 4382 exinde
1591 4322 1750 4383 coniectis
1765 4321 1837 4398 ple-

199 4420 244 4482 tis
260 4420 409 4492 occultae,
420 4421 475 4497 qui
487 4419 660 4481 manifeste
671 4435 772 4496 quum
787 4419 901 4496 possit,
911 4418 996 4481 iaci-
1049 4423 1126 4483 nius
1140 4422 1340 4492 continetur,
1353 4418 1552 4481 auctoritate
1569 4418 1630 4480 tibi
1652 4419 1838 4495 Apostolica

201 4517 278 4578 nori
289 4516 414 4579 desinit
429 4517 577 4586 obviare,
589 4517 728 4579 comites
742 4517 775 4578 et
788 4516 941 4588 barones,
956 4532 995 4579 ac
1050 4518 1284 4582 confirmamus
1297 4519 1329 4579 et
1340 4517 1514 4594 praesentis
1526 4516 1643 4597 scripti
1656 4516 1839 4592 patrocinio
1929 4576 1930 4581 ,

200 4615 358 4693 populum
373 4615 434 4677 tibi
447 4614 642 4692 subjectum,
657 4614 797 4677 inducas
817 4614 926 4676 studio
940 4613 993 4675 ol·
1049 4615 1302 4678 communimus.
1318 4613 1410 4675 Nulli
1424 4629 1505 4690 ergo
1519 4613 1655 4675 omuino
1670 4614 1838 4675 hominum
1929 4600 1930 4661 ἒ

199 4712 357 4785 ilcaclter,
371 4713 407 4775 ut
421 4713 567 4774 decimas
580 4713 683 4789 ipsas,
707 4727 790 4789 quas
803 4711 867 4772 sibi
882 4711 996 4773 Domi·
1049 4715 1148 4776 liceat
1162 4714 1249 4774 hanc
1263 4711 1420 4789 pagiua'm
1434 4714 1557 4772 nostrae
1579 4710 1838 4772 confirmationis
1929 4722 1930 4793 ξ

197 4811 309 4871 nusin
324 4811 455 4886 signum
471 4808 609 4872 dominil
638 4809 839 4871 universalis
859 4808 993 4878 exemit,
1049 4812 1242 4887 intringere.
1272 4810 1306 4870 Si
1338 4809 1413 4886 quis
1447 4809 1557 4869 autem
1590 4808 1653 4870 hoc
1678 4810 1839 4871 attentare
1929 4854 1930 4861 ,

199 4914 274 4971 dum
289 4924 328 4970 ea
357 4908 644 4985 integritateque
668 4921 774 4983 usque
797 4905 894 4968 modo
910 4922 994 4968 con-
1050 4907 1309 4985 praesumpserit,
1330 4902 1593 4982 indignationem
1608 4904 1840 4983 omnipotentis

200 5008 390 5080 sueverunt,
406 5006 994 5083 persolvaut;patrumsnorumves-
1050 5005 1110 5066 Dei
1125 5020 1165 5066 ac
1179 5004 1352 5066 beatorum
1365 5003 1455 5064 Petri
1466 5005 1499 5065 et
1509 5003 1606 5064 Pauli
1618 5005 1838 5080 apostolorum
1929 5080 1930 5083 Ἴ

199 5104 283 5181 tigia
293 5103 489 5181 simpliciter
502 5104 534 5163 et
546 5101 718 5163 humiliter
731 5101 909 5175 imitand03
928 5102 997 5162 sci·
1050 5105 1121 5180 ejus
1144 5119 1180 5164 se
1204 5102 1335 5163 noverit
1357 5101 1579 5163 incursurum.
1598 5103 1719 5163 Datum
1744 5101 1839 5161 Late-

201 5202 308 5276 turus,
323 5201 409 5280 quod
425 5201 454 5263 si
475 5215 573 5261 secus
591 5198 712 5275 egeris,
728 5198 782 5259 rel
796 5198 872 5275 ipsi,
887 5214 947 5259 nos
962 5198 995 5259 id
1049 5197 1135 5270 rani,
1148 5200 1194 5259 ΙΙΙ
1212 5196 1374 5258 kalendas
1389 5196 1516 5275 aprilis,
1533 5196 1747 5273 pontificatus
1759 5210 1837 5257 nos-

202 5315 268 5362 non
306 5300 489 5377 poterimus
514 5298 583 5359 ullo
610 5296 708 5358 modo
740 5295 996 5359 conniventibus
1049 5294 1363 5371 triauuoseptimo.
