3972 6204
89 270 141 332 sai
688 260 914 325 EPlsTOLAE.
939 262 1016 321 cie.
1041 263 1096 322 rx.
1653 250 1715 341 sss

123 422 259 487 Dilectus
281 421 369 482 illius
383 423 572 483 Bernardus
597 424 712 485 cantor
729 426 865 511 Manas-
918 422 1027 482 torum
1056 424 1207 498 proximo
1222 423 1397 483 venturum
1422 424 1571 500 partibus
1594 429 1712 490 termi-

88 520 227 588 teriensis
237 517 331 580 nobis
341 518 681 594 significarecurarit,
694 520 864 597 quodcum
918 535 996 579 num
1007 520 1221 596 assignarint,
1240 535 1303 596 quo
1322 523 1457 598 propter
1473 523 1535 584 hoc
1551 525 1664 586 nostro
1677 541 1713 587 se

88 635 219 689 causam,
236 632 308 693 quae
323 617 411 678 inter
433 617 541 693 ipsum
563 632 607 678 ex
630 619 724 694 parte
746 634 861 690 una,...
918 618 1364 695 conspectuilrepraesentent
1382 622 1581 682 sententiam
1597 639 1715 700 recep·

88 720 115 780 et
130 714 322 778 abbatissam
344 714 377 774 et
396 714 593 775 conventum
615 714 810 775 monasterii
829 714 864 774 in
918 713 1014 784 turae,
1053 714 1245 777 discretioni
1277 717 1398 777 vestrae
1431 732 1491 792 per
1522 720 1713 794 apostoliea

87 811 289 877 mitennorst
302 809 574 872 Monasteriensis
590 811 743 873 dioecesis
757 827 801 872 ex
819 811 865 872 al·
918 810 1043 886 scripta
1057 811 1264 883 mandamus,
1282 816 1445 889 quatenus
1464 814 1546 890 ipsis
1562 817 1712 892 partibus

87 915 265 986 tera,super
274 907 548 969 archidiaconatu
561 908 865 985 ejusdemlociver-
918 907 1115 969 auctoritate
1149 910 1265 970 nostra
1293 909 1433 970 tirmiter
1456 910 1649 989 injungatis,
1678 918 1714 976 ut

85 1010 167 1079 titur,
191 1007 314 1066 decano
340 1006 477 1083 majoris
502 1005 665 1078 ecclesiae,
686 1006 864 1083 praeposito
918 1005 1112 1080 praescripta
1126 1006 1267 1066 termino
1283 1022 1356 1067 cum
1373 1023 1473 1068 eausa
1489 1011 1651 1072 instructa
1666 1010 1711 1073 ita

86 1104 187 1167 Sancti
200 1102 289 1163 Petri
304 1102 337 1164 et
351 1102 516 1178 Volquino
541 1103 703 1164 canonico
719 1103 863 1163 Pather·
919 1099 1123 1162 sufficienter
1136 1106 1351 1179 compareant
1362 1119 1475 1165 coram
1496 1106 1602 1179 nobis,
1626 1110 1713 1185 quod

84 1199 252 1262 brunneusi
262 1199 456 1261 duxerimus
469 1200 750 1271 committendam,
762 1199 865 1261 iidem
920 1197 1035 1258 eadem
1058 1198 1124 1260 tiae
1152 1201 1256 1276 possit
1279 1200 1388 1262 debito
1415 1204 1600 1277 terminari,
1627 1208 1712 1283 quod

84 1296 204 1359 biennio
227 1296 420 1372 etamplius
440 1298 511 1373 jam
526 1296 641 1374 elapso
664 1297 867 1358 distulerunt
919 1295 996 1355 inde
1011 1295 1159 1356 feceritis
1172 1312 1231 1373 per
1252 1298 1383 1358 nostras
1407 1299 1501 1359 vobis
1518 1300 1646 1362 litteras
1661 1304 1714 1363 in-

83 1395 114 1455 in
136 1396 204 1470 ejus
231 1392 461 1469 praejudicium
489 1393 682 1455 terminare.
708 1395 865 1456 volentes
919 1392 1087 1453 limantes.
1100 1393 1191 1463 Quod
1202 1393 1438 1465 sinonomnes‚
1449 1396 1637 1458 elebatum
1649 1402 1714 1459 La·
1826 1434 1833 1453 t

84 1490 175 1566 igitur
183 1491 219 1551 ut
230 1489 306 1550 unis
317 1488 431 1552 litibus
444 1491 643 1566 imponatur,
655 1490 779 1551 eisdem
792 1506 867 1552 nos·
918 1488 1040 1561 teraui,
1057 1491 1087 1549 ll
1102 1489 1177 1550 idus
1192 1490 1320 1567 aprilis,
1336 1506 1425 1551 anno
1441 1508 1539 1553 nono.

85 1587 137 1648 tris
156 1587 269 1648 damus
288 1587 410 1649 litteris
428 1587 464 1647 iu
488 1583 674 1663 praeceptis,
691 1588 728 1650 ut
749 1589 786 1648 in
808 1604 867 1649 eo·

85 1683 150 1744 dem
175 1684 307 1759 negotio
334 1685 431 1761 juxta
456 1685 603 1761 priorum
627 1686 865 1748 continentiam

83 1781 258 1843 litterarum
270 1782 401 1843 ratione
416 1783 542 1858 praevia
553 1782 777 1859 procedentes,
791 1798 867 1844 cau·

84 1893 144 1939 sam
154 1879 257 1955 ipsam
272 1878 361 1939 inira
372 1880 442 1940 tres
453 1894 583 1940 meuses
599 1881 673 1956 post
685 1882 867 1956 susceptio·

82 1990 148 2036 nem
162 1991 276 2037 earum
300 1976 411 2038 debito
433 1976 498 2037 tine
516 1976 680 2039 decidant.
703 1973 865 2049 Quocirca

83 2072 262 2135 discretioni
290 2074 410 2135 vestrae
436 2090 497 2150 per
522 2074 711 2151 apostolica
742 2075 865 2151 scripta

83 2170 276 2242 mandamus,
294 2172 469 2248 quatenus,
484 2170 512 2231 si
532 2171 612 2232 dicti
623 2170 754 2247 judices
775 2187 865 2249 pree·

82 2268 200 2343 ceptum
211 2270 363 2328 nostrum
376 2267 587 2344 neglexerint
602 2268 794 2345 adimplere,
806 2283 865 2331 vos

82 2365 204 2425 extunc
229 2364 380 2426 eamdem
396 2381 530 2428 causam
554 2368 653 2443 juxta
674 2367 865 2428 earumdem

83 2459 257 2522 litterarum
285 2463 445 2533 tenorem,
471 2462 602 2524 sublato
632 2463 866 2540 appellationis

81 2557 251 2632 obstaculo,
267 2560 427 2621 studeatis
452 2560 618 2622 mediante
641 2561 773 2638 justitia
796 2562 866 2623 ter-

80 2655 208 2716 minare.
223 2657 317 2728 Quod
330 2657 359 2718 si
371 2673 437 2718 non
446 2673 561 2718 omnes
576 2658 630 2719 his
643 2658 864 2736 exsequendis

80 2752 244 2828 potientis
256 2754 429 2826 interesse,
444 2753 509 2814 duo
523 2754 668 2817 vestrum
685 2771 724 2815 ea
735 2755 864 2816 nihilo-

82 2849 183 2910 minus
210 2851 447 2927 exsequantur.
478 2853 597 2912 Datum
626 2851 796 2919 Laterani,
818 2853 864 2911 ΙΙΙ

80 2943 146 3006 idas
159 2946 289 3025 aprilis,
306 2946 517 3025 pontificatus
530 2948 636 3009 nostri
661 2964 749 3009 anno
763 2962 862 3009 nono.

422 3274 517 3367 dxi

79 3428 123 3485 Act
135 3430 313 3500 moestum,
329 3432 612 3491 archidiaconum
635 3429 668 3490 ei
687 3429 866 3490 corderam

342 3528 591 3587 parisiensem.

354 3665 582 3738 llaprilisitdb.

118 3788 235 3852 taccat,
245 3788 291 3838 lib.
305 3788 349 3845 ix,
362 3802 402 3852 ep.
412 3787 468 3840 260.
479 3788 536 3838 Mss.
548 3788 584 3838 La
595 3788 671 3838 Ponte
680 3787 714 3839 du
725 3787 818 3853 tacit]

77 3909 185 3969 Mandat
198 3913 242 3970 eis
256 3920 288 3970 ut
300 3927 387 3985 quum
407 3927 505 3981 causa,
521 3924 584 3985 qtae
599 3912 673 3969 inter
692 3912 865 3971 Meldensem

106 4002 272 4074 episcopum
298 4008 326 4058 et
348 4000 520 4058 abbatissam
553 4008 784 4073 couvenhimque
814 4002 863 4059 Je-

105 4095 229 4147 trensem
238 4089 528 4163 superirrisdictione
538 4088 709 4155 vertebatur,
721 4087 865 4147 suldcien·

105 4182 145 4232 ter
157 4178 295 4235 instructa
309 4175 389 4245 lorea,
400 4176 537 4249 partesed
550 4176 653 4235 sedem
660 4177 864 4249 apostolicam,

104 4264 155 4321 sub
174 4265 301 4323 termino
323 4264 358 4323 ab
378 4265 580 4323 archidiacono
601 4266 737 4323 trecensi
761 4264 796 4322 ad
812 4264 866 4324 hoc

105 4360 219 4423 statuto,
235 4351 460 4426 comparendum
472 4353 656 4425 compellant.

110 4489 290 4559 Honorius,
304 4488 383 4560 etc,
403 4487 532 4549 dilectis
562 4487 678 4548 tiliis...
701 4488 863 4550 decano...

72 4586 318 4658 archidiacono,
335 4586 404 4647 et...
422 4585 550 4648 cantori
564 4586 760 4658 Parisiensi,
774 4587 867 4647 salu-

1258 1810 1373 1898 umn
1436 1762 1439 1769 ’

920 1961 972 2020 Ad
989 1961 1194 2030 eamcam,
1210 1963 1246 2023 S.
1263 1964 1384 2037 Acoeti
1402 1965 1584 2025 diaconum
1597 1969 1714 2027 cardi-

999 2061 1124 2127 nalem,
1141 2058 1344 2132 apostoncae
1354 2061 1455 2139 dedis
1469 2062 1631 2138 teaatcm.

1204 2188 1428 2261 ldaprilisltlb.

951 2309 1072 2375 [aegest.
1090 2309 1135 2361 lib.
1150 2311 1192 2370 IX,
1206 2326 1248 2377 ep.
1258 2312 1313 2362 262.
1328 2313 1386 2365 Mss.
1400 2315 1436 2365 La
1451 2315 1525 2365 Porto
1536 2315 1569 2366 du
1589 2318 1682 2381 Thali]

920 2434 1035 2495 Mandat
1048 2437 1076 2493 ei
1090 2443 1122 2493 ut
1132 2435 1311 2510 diligentiam
1327 2452 1441 2496 omnem
1455 2438 1599 2509 adhibeat,
1614 2458 1651 2498 ne
1672 2445 1712 2501 ci·

955 2541 1006 2583 ves
1031 2525 1226 2582 Massilienses
1252 2525 1400 2599 cujusdam
1432 2529 1547 2586 unionis
1578 2539 1716 2603 praetextu

955 2628 986 2670 se
1001 2614 1128 2686 episcopi
1144 2614 1333 2673 Massiliensis
1343 2614 1534 2687 jurisdictioni
1548 2618 1720 2678 subtrahere

955 2710 1141 2774 praesument.

959 2837 1126 2897 Honorius
1135 2837 1321 2914 episcopus,
1332 2854 1449 2901 servus
1460 2856 1631 2903 serrorum
1643 2844 1714 2917 Dei,

919 2932 1040 2994 dilecto
1049 2932 1118 2995 illio
1129 2932 1309 3013 R(omano)
1320 2937 1433 2997 Sancti
1443 2939 1561 3013 Augeli
1575 2938 1716 3002 diacono

920 3029 1094 3101 cardinali,
1108 3030 1308 3106 Apostolicae
1329 3031 1423 3095 Sedis
1438 3032 1558 3108 legate,
1575 3036 1715 3098 salutern
1770 3035 1773 3041 ’

919 3129 953 3189 et
964 3126 1477 3205 apostolicam·benedictionem.

959 3224 1170 3286 Venerabilis
1188 3224 1293 3286 irater
1315 3229 1478 3287 nostem...
1495 3229 1716 3291 Massiliensis

919 3322 1094 3399 episcopus
1107 3322 1281 3400 proposuit
1294 3338 1406 3384 coram
1420 3324 1526 3397 nobie,
1544 3326 1716 3403 quodcum

920 3420 1062 3482 ecclesia
1077 3435 1137 3480 sua
1150 3419 1185 3479 in
1201 3420 1342 3497 quadam
1356 3424 1450 3498 parte
1462 3422 1607 3485 civitatis
1622 3426 1716 3486 Mas·

920 3517 1079 3589 siliensis,
1096 3533 1169 3594 qum
1190 3517 1231 3578 ab
1255 3518 1323 3579 alia
1348 3520 1449 3581 certis
1478 3521 1638 3584 limitibus
1667 3525 1717 3586 est

920 3614 1074 3685 discreta,
1094 3614 1362 3691 Jurisdictionem
1380 3616 1528 3680 obtineat
1544 3621 1715 3696 tempora-

920 3713 995 3785 lem,
1011 3712 1101 3776 cives
1116 3710 1264 3788 eJusdem
1279 3727 1354 3774 cum
1367 3714 1495 3775 civibus
1508 3717 1613 3791 partis
1628 3717 1676 3780 alt
1698 3751 1715 3763 -

919 3811 990 3871 rius
1016 3810 1159 3870 insuam
1174 3810 1207 3870 et
1220 3810 1440 3871 Massiliensis
1451 3812 1601 3873 ecelesiae
1611 3828 1715 3888 grave

920 3906 1150 3984 prejudicium
1163 3904 1203 3966 de
1214 3921 1300 3966 novo
1313 3914 1595 3984 praesumpserunt
1605 3911 1715 3974 lacere

920 4004 1089 4075 unionem,
1102 4005 1139 4063 ut
1151 4002 1199 4064 sie
1212 4004 1648 4078 evacuentjurisdictionem
1658 3989 1716 4071 ecss

920 4101 1031 4161 clesiae
1042 4100 1253 4176 supradicta.
1267 4102 1346 4161 Cum
1358 4101 1460 4177 igitur
1474 4118 1516 4165 ex
1527 4104 1590 4166 hoc
1599 4122 1712 4182 graue,

921 4198 1007 4259 sicut
1017 4196 1206 4273 accepimus
1222 4197 1396 4260 imminere
1407 4201 1511 4276 possit
1526 4201 1592 4279 ipsi
1607 4204 1723 4266 eccle-⁴

920 4293 1230 4366 siaedetrimentum,
1241 4296 1481 4372 experientiam
1490 4300 1578 4360 tuam
1588 4301 1716 4363 sollici.-

919 4391 1054 4455 tandam
1069 4390 1224 4451 duximus
1240 4394 1272 4452 et
1293 4392 1503 4467 hortandam,
1521 4412 1580 4473 per
1602 4402 1713 4476 Apos-

919 4489 1019 4553 tolica
1034 4488 1093 4549 tibi
1109 4488 1232 4564 scripta
1255 4484 1460 4563 mandantes,
1480 4495 1642 4569 quatenus
1657 4512 1713 4558 se-

921 4586 1064 4647 cundum
1085 4585 1195 4646 datam
1209 4585 1271 4647 tibi
1290 4601 1311 4646 a
1333 4589 1401 4648 Deo
1416 4590 1625 4664 prudentiam
1642 4593 1715 4653 estl-

73 4684 226 4754 temeto.
920 4683 1044 4749 caciter
1067 4682 1205 4743 obvians
1231 4683 1368 4745 malitiae
1389 4683 1511 4747 civium
1538 4689 1716 4764 praedicto-

108 4782 188 4841 Cum
204 4780 319 4842 dilecti
334 4780 431 4840 dlii...
448 4779 705 4841 archidiaconus
720 4780 867 4842 Trecem
920 4798 1005 4853 rum,
1022 4796 1061 4841 ac
1069 4782 1127 4857 jus
1151 4796 1258 4851 suum,
1275 4781 1308 4843 et
1331 4781 1490 4844 honorem
1512 4799 1714 4848 conservans

71 4876 126 4950 sis,
156 4879 189 4940 et
226 4877 363 4952 eollegae
390 4877 453 4948 sui,
485 4877 603 4953 quibus
640 4878 866 4939 commisimus
920 4878 1070 4940 ecclesiae
1088 4877 1299 4954 supradictae,
1314 4878 1403 4941 ciues
1418 4881 1509 4956 ipsos
1522 4885 1557 4944 ut
1571 4886 1714 4948 rescissa

70 4990 216 5047 causam,
247 4990 320 5051 quae
348 4974 437 5035 inter
472 4974 698 5035 venerabilem
728 4974 865 5037 fratrem
920 4974 1712 5056 hujusmodiunione,nonobstantejuramento‚

70 5074 218 5133 nostrum
222 5115 310 5131 .......
345 5071 558 5144 Meldensem,
598 5072 788 5149 episcopum
823 5088 866 5133 ex
920 5073 1006 5151 quod
1022 5073 1062 5133 de
1085 5087 1125 5134 ea
1149 5072 1313 5133 servanda
1334 5075 1529 5151 praestitisse
1546 5076 1711 5153 dicantur,

69 5172 160 5243 parte
175 5184 257 5237 una,
274 5170 341 5230 et...
365 5168 579 5236 abbatissam,
596 5170 629 5230 et
654 5170 863 5242 conventum,
920 5170 1086 5232 civitatem
1102 5170 1208 5247 ipsam
1222 5169 1331 5247 quoad
1344 5171 1503 5248 praedicta
1523 5173 1556 5233 in
1572 5190 1611 5235 eo
1626 5178 1714 5240 statu

69 5267 100 5328 et
114 5267 245 5327 cleram
265 5281 303 5326 ac
318 5266 475 5343 populum
489 5267 675 5327 Jotrensem
690 5283 732 5326 ex
747 5268 863 5340 altera,
920 5264 1150 5339 dimittentis
1174 5282 1238 5344 quo
1265 5267 1414 5328 noscitur
1438 5267 1598 5332 hacteuus
1620 5275 1712 5335 exti-

68 5362 867 5441 aertitursuperjurisdictione,quamidemepis·
919 5364 1011 5434 tissa,
1029 5363 1158 5425 sublato
1187 5363 1420 5440 appellationis
1449 5365 1713 5441 obstaculo,tam

68 5475 169 5537 copus
195 5460 233 5520 in
258 5475 314 5521 eos
337 5475 374 5521 se
399 5459 524 5522 habere
537 5460 707 5521 contendit
731 5476 866 5522 causam
920 5461 1125 5523 districtione
1136 5460 1298 5522 canonica
1309 5477 1406 5538 quam
1417 5462 1494 5523 aliis
1507 5464 1623 5537 modis,
1639 5470 1715 5544 qui-

67 5558 174 5634 ipsam
184 5557 417 5629 instruxerint,
431 5558 463 5619 et
473 5556 592 5619 festum
604 5557 756 5618 Omnium
766 5560 866 5619 Sanc·
920 5556 981 5635 bus
996 5557 1119 5618 rideris
1135 5557 1292 5635 expedire
1307 5559 1498 5636 compellas,
1521 5565 1554 5624 et
1568 5562 1595 5623 si
1619 5580 1715 5629 man·
