3930 6206
145 282 198 345 665

144 434 567 505 3311333111313313311131.
580 433 918 511 3313131333111333

144 532 567 601 constitutionem-numerus
580 531 777 594 clericorum
790 531 917 592 minui·

142 637 199 706 131,
214 632 244 693 31
262 629 420 691 beneficia
435 630 700 706 augmentantur,
723 628 759 691 ut
776 628 919 690 ecclesia

143 728 285 806 obsequio
301 725 411 788 debito
425 742 493 788 non
505 726 666 804 privetur,
679 725 866 797 statuimus,
883 726 920 787 ut

142 828 168 890 si
188 826 255 904 quis
278 823 345 886 tam
366 824 603 885 canonicorum
620 840 718 901 quam
742 823 917 900 portiona-

142 925 264 995 rlorum,
278 921 402 999 absque
420 920 611 983 rationabili
627 923 660 984 et
678 921 826 996 legitimo
849 919 917 980 im-

140 1019 324 1099 pedimento,
344 1019 461 1080 decani
482 1018 536 1080 vel
556 1018 678 1095 prioris
705 1017 839 1079 licentia
852 1032 918 1078 non

141 1117 272 1188 obtenta,
291 1114 497 1193 13313133113
516 1113 633 1176 diebus
652 1115 694 1176 ad
720 1115 918 1178 matutinum

140 1213 427 1285 3331333111,1113
443 1213 595 1289 portione
612 1212 838 1284 denariorum,
859 1227 918 1288 pro

139 1311 230 1373 missa
244 1310 331 1382 1133,
342 1326 402 1387 313
413 1309 562 1389 13333113
570 1326 650 1372 1313
662 1325 746 1386 pane
755 1310 916 1387 privetur.

138 1411 171 1469 13
184 1406 294 1468 dicbus
307 1423 389 1470 vero
410 1407 586 1470 dominicis
608 1409 642 1470 et
662 1406 802 1480 festivis,
823 1407 853 1467 si
876 1406 918 1467 ad

138 1505 321 1567 matutinum
336 1504 421 1567 13113
440 1506 556 1567 133113
577 1505 773 1582 neglexerit,
788 1505 918 1581 integra

136 1602 218 1664 illius
232 1602 296 1663 diei
317 1602 469 1680 portione
494 1603 653 1680 privetur,
671 1619 731 1680 pro
759 1602 862 1663 missa
886 1603 919 1664 et

136 1700 273 1777 vesperis
296 1700 381 1761 alias
410 1700 529 1761 decani
552 1700 605 1762 vel
632 1700 754 1777 prioris
779 1698 917 1761 arbitrio

135 1797 322 1875 puniendus.
338 1798 422 1869 Quia
436 1814 516 1859 vero
530 1798 565 1859 in
593 1797 792 1874 Legionensi
804 1796 917 1859 ecclc·

135 1894 180 1955 sia
204 1896 405 1958 cousuetudo
428 1895 634 1957 detestabilis
656 1894 807 1967 inolevit,
831 1894 918 1972 quod

135 1990 256 2069 quidam
271 1993 311 2053 de
324 1992 456 2054 clericis
467 1992 586 2055 debitae
600 1992 786 2055 devotionis
800 1993 919 2054 imme-

134 2105 243 2162 mores,
254 2091 386 2153 cantato
402 2089 587 2167 313333113,
601 2091 712 2153 3131113
726 2089 918 2151 1333111313

134 2186 237 2260 choro,
258 2204 326 2249 non
342 2189 529 2265 spectantes
542 2187 627 2265 quod
643 2188 735 2264 prius
749 2187 917 2263 Redemp-

133 2284 209 2346 toris
247 2284 355 2346 nostri
382 2285 492 2347 hostia
522 2284 705 2347 sacerdotis
731 2284 917 2347 ministerio

132 2380 260 2443 Domino
275 2381 454 2458 offeratur3
477 2382 665 2454 statuimus,
678 2380 763 2458 quod
784 2380 814 2441 si
829 2381 914 2458 quis,

132 2478 299 2556 antequam
320 2479 452 2543 dicatur
476 2481 529 2541 lte
547 2483 667 2552 Misso,
692 2478 746 2541 131
769 2482 918 2541 Benedi-

131 2590 240 2638 ccmus
259 2581 419 2649 Domino,
445 2576 569 2654 absque
598 2592 700 2637 causa
726 2577 917 2637 3333333113

131 2672 223 2734 choro
232 2674 365 2746 exierit,
382 2674 539 2751 13333331
559 2673 600 2735 ad
621 2673 758 2734 missam
773 2689 839 2734 333
858 2688 918 2735 13-

130 2769 218 2841 33111,
228 2770 264 2831 31
276 2770 503 2848 praediximus,
516 2770 684 2847 puniatur.
699 2769 746 2832 Ad
760 2769 832 2831 haec
845 2770 916 2830 sta-

129 2865 254 2939 tuimus,
271 2868 309 2930 ut
330 2883 396 2929 333
418 2866 498 2929 alibi
520 2882 619 2944 quam
643 2867 678 2928 in
698 2867 772 2928 loco
791 2866 833 2928 ad
852 2866 917 2927 hoc

129 2960 218 3035 13313,
231 2964 263 3026 31
286 2963 478 3042 specialiter
492 2964 648 3041 deputato
661 2963 842 3041 capitulum
861 2978 917 3024 33-

128 3057 275 3134 13113131,
293 3061 331 3122 13
356 3076 488 3122 3313313
502 3060 556 3123 131
571 3061 667 3121 domo
683 3059 842 3137 episcopi,
859 3058 916 3119 ubi

128 3158 283 3231 recordo,
296 3174 360 3220 nec
372 3159 518 3235 dignitas
532 3158 566 3219 13
585 3158 734 3219 sessione
749 3159 914 3230 servatur,

128 3252 179 3313 ubi
190 3255 289 3345 etiam
300 3256 449 3334 quidam,
467 3256 553 3332 quod
576 3254 658 3317 satis
680 3256 731 3317 est
751 3254 915 3316 inhones-

127 3350 200 3423 tum,
217 3351 383 3414 sedentia
398 3354 499 3425 terra,
519 3352 586 3413 nisi
600 3352 737 3430 propter
760 3350 918 3412 debilita-

126 3446 186 3509 tem
212 3449 373 3527 episcopi,
397 3450 595 3511 necessitate
617 3449 776 3521 instante,
792 3447 829 3509 in
844 3449 916 3525 3133

126 3558 253 3608 3331313
267 3562 348 3609 1313
359 3545 523 3608 celebrari
534 3547 715 3624 contingat.

161 3644 335 3706 Portiones
351 3644 526 3721 siquidem,
537 3660 604 3705 non
617 3644 683 3705 nisi
696 3644 737 3705 de
748 3642 917 3705 communi

125 3753 283 3804 consensu
328 3741 577 3812 canonicorum,
624 3740 794 3803 canonicae
837 3755 917 3801 1313

126 3852 292 3915 33333331
308 3838 350 3900 ab
370 3839 526 3917 episcopo
543 3838 610 3899 nisi
629 3838 664 3899 in
676 3837 821 3915 capitulo
837 3853 918 3899 con·

123 3931 278 3999 ferantur.
295 3936 417 3998 Nullus
440 3936 677 3997 canonicorum
701 3936 804 3998 intret
824 3935 918 4011 capi-

124 4030 223 4095 tulum
238 4049 317 4096 cum
337 4049 442 4111 cappa
460 4033 637 4105 manicata,
655 4032 708 4095 131
727 4032 843 4109 331113,
859 4031 916 4093 sed

124 4143 193 4191 cum
219 4148 329 4210 cappa
358 4131 476 4193 clausa
498 4130 534 4191 in
557 4129 679 4204 hieme,
702 4145 929 4206 33333331--

123 4226 301 4303 3311131313
315 4229 442 4290 aestate.
466 4227 637 4300 canonici,
661 4228 718 4305 qui
734 4228 917 4289 servientes

121 4322 272 4403 episcopo
285 4326 323 4386 in
333 4324 430 4388 domo
443 4326 516 4402 3133
526 4324 672 4397 manent,
689 4323 915 4397 ctccmedunt,

120 4434 179 4482 nec
191 4439 327 4499 panem,
344 4438 406 4484 333
424 4422 541 4484 113313
562 4421 751 4499 3313131331
766 4421 808 4482 de
824 4437 917 4483 com·

118 4519 223 4594 muui;
235 4520 556 4593 denariorumvero,
574 4519 630 4596 qui
641 4518 789 4597 quotidie
801 4517 918 4580 distri-

119 4612 360 4681 hausturinter
368 4617 559 4690 canonicos,
569 4619 602 4680 et
610 4617 917 4678 anniversariorum

120 4727 211 4776 suam
227 4714 416 4793 percipiant
426 4715 622 4792 portionem.
637 4713 672 4776 Si
684 4729 764 4775 vero
774 4728 917 4791 persona

120 4809 227 4885 133111,
240 4829 305 4875 333
318 4828 448 4891 333331,
459 4828 520 4873 333
531 4812 657 4884 vinum,
669 4826 731 4872 nec
743 4810 917 4872 denarium

119 4909 282 4987 percipiat
307 4910 348 4973 de
369 4909 547 4971 communi.
564 4909 746 4987 Episcopus
769 4924 843 4970 cum
858 4906 919 4969 ab·

120 5019 193 5067 sens
212 5006 329 5079 luerit,
353 5022 414 5084 pro
429 5007 546 5068 domus
567 5022 637 5069 suae
652 5005 801 5068 custodia
818 5020 918 5067 unam

118 5101 244 5165 tautum
270 5104 314 5166 de
340 5104 506 5165 communi
527 5104 691 5182 percipiat
719 5104 915 5181 portionem.

118 5198 212 5262 Illam
242 5201 382 5263 omnino
424 5201 697 5263 consuetudmem
731 5199 915 5273 abolemus,

119 5312 214 5375 quaa
228 5297 316 5361 testo
333 5298 446 5360 Sancti
461 5298 635 5360 Michaelis
652 5314 757 5375 usque
775 5297 816 5358 ad
844 5294 916 5358 133-

118 5395 186 5456 1331
201 5396 359 5457 01331313
375 5397 571 5459 Sanctcrum
588 5396 720 5474 quidam
737 5395 918 5457 33333133-

118 5505 190 5553 rum
219 5509 300 5555 cum
329 5493 455 5571 cappis
480 5494 539 5555 3111
566 5510 641 5556 3331
670 5491 917 5571 superpelliciis

118 5587 257 5652 chorum
273 5590 413 5664 1311331,
423 5591 615 5663 statuentes,
628 5591 664 5652 ut
674 5605 818 5653 31113333
834 5589 916 5652 13313

723 273 953 371 EPISTOIAE.
982 273 1060 335 LIB.
1084 274 1170 336 VIII.

1709 285 1769 346 666

973 433 1241 496 Resurrectionis
1267 433 1449 498 1133113133
1469 452 1573 516 usque
1588 439 1629 502 ad
1643 440 1765 506 1331313

974 531 1087 593 Sancti
1119 533 1219 593 Lucae
1247 533 1504 609 superpelliciis,
1542 536 1664 600 exinde
1684 555 1765 602 1313

973 643 1077 705 usque
1098 627 1140 689 ad
1157 629 1275 691 testum
1302 631 1569 695 Resurrectionis
1588 637 1712 714 cappis,
1732 641 1766 702 31

973 725 1216 801 superpelliciis
1239 725 1300 787 sub
1315 728 1430 804 cappis
1445 729 1591 793 utamur.
1617 733 1687 806 1113,
1711 737 1766 797 331

973 820 1162 884 sollicitudo
1196 825 1420 886 committatur
1445 827 1513 888 tam
1538 829 1579 890 de
1611 833 1765 910 receptis,

972 935 1070 995 quam
1088 919 1128 981 de
1141 921 1308 997 expensis,
1326 922 1466 999 singulis
1481 926 1580 987 33313
1595 928 1711 993 reddat
1731 932 1767 993 in

973 1016 1119 1093 capitulo
1157 1018 1332 1080 rationem.
1370 1022 1565 1097 Decanatus,
1603 1029 1764 1101 cantoria,

972 1114 1202 1190 magisterium
1224 1115 1425 1190 scholarum,
1448 1119 1669 1197 thesauraria,
1692 1142 1767 1203 quae

972 1209 1053 1272 talia
1061 1210 1255 1273 santollicia
1266 1228 1340 1289 quae
1353 1215 1544 1291 specialiter
1553 1219 1694 1295 1333331
1708 1225 1768 1284 33-

973 1308 1111 1370 3331333
1124 1310 1310 1384 331131333,
1327 1313 1462 1374 3333131
1475 1313 1515 1375 (13
1530 1331 1695 1379 33333333
1710 1320 1764 1381 to·

972 1405 1039 1466 tius
1053 1390 1106 1467 vel
1118 1407 1261 1469 sanioris
1272 1409 1378 1485 partis
1390 1410 1527 1486 capituli
1541 1413 1764 1478 conterantur.

972 1503 1020 1565 Ad
1029 1503 1101 1565 haec
1112 1503 1286 1567 duodecim
1301 1506 1432 1569 clericis
1448 1509 1489 1570 de
1503 1509 1606 1573 choro
1618 1514 1766 1589 ejusdem

972 1601 1123 1663 ecclesiae
1147 1618 1261 1664 eorum
1286 1604 1423 1668 cuilibet
1446 1606 1559 1669 decem
1585 1624 1707 1671 aureos
1730 1612 1768 1673 in

971 1698 1157 1761 redditibus
1171 1701 1395 1778 assignamus,
1415 1705 1471 1781 qui
1492 1706 1635 1769 sollicite
1650 1723 1689 1770 33
1712 1723 1768 1770 se-

972 1793 1049 1856 dulo
1068 1796 1104 1855 13
1129 1795 1248 1858 officiis
1270 1798 1419 1875 eJusdem
1441 1801 1592 1864 ecclesiae
1612 1803 1768 1867 studeant

972 1890 1153 1967 deservire,
1169 1894 1216 1955 113
1227 1895 1313 1972 quod
1323 1910 1438 1958 eorum
1449 1898 1561 1976 aliquo
1575 1900 1766 1977 decedente,

972 1990 1025 2052 vel
1039 1991 1224 2066 recedente,
1241 1993 1294 2053 vel
1309 1993 1350 2055 ad
1364 1998 1491 2073 majora
1507 1999 1667 2073 promota,
1680 2000 1774 2063 alius'

973 2087 1173 2171 conditionis
1188 2090 1336 2166 ejusdem
1356 2090 1575 2156 substituatur
1595 2095 1718 2159 eidem:
1735 2099 1770 2162 31

972 2183 1035 2246 hoc
1060 2186 1220 2248 statutum
1249 2189 1408 2264 perpetuo
1428 2190 1581 2253 volumus
1599 2194 1634 2254 in
1650 2196 1766 2257 eadem

972 2280 1114 2342 ecclesia
1145 2281 1328 2346 observari.
1368 2286 1453 2357 Quia
1492 2304 1573 2350 1313
1610 2292 1769 2368 1113313131

972 2377 1163 2440 3333131313
1190 2382 1223 2442 31
1251 2381 1473 2445 333331131133
1493 2385 1655 2461 ecclesiae,
1681 2389 1768 2451 idem

972 2475 1120 2551 sigillum
1149 2478 1287 2554 capituli
1312 2480 1424 2542 teneat
1445 2482 1477 2543 et
1504 2487 1689 2558 conservet,
1719 2487 1768 2548 ita

971 2572 1082 2635 tamen
1109 2574 1196 2651 quod
1216 2575 1329 2637 nullus
1344 2578 1459 2640 eodem
1474 2583 1654 2657 praesumat
1673 2583 1767 2647 litte-

971 2684 1043 2729 ram
1057 2669 1218 2747 sigillare,
1231 2671 1296 2733 nisi
1318 2674 1411 2750 prius
1425 2675 1556 2752 publice
1570 2678 1605 2738 13
1622 2680 1768 2756 33311313

972 2765 1084 2829 1111313
1098 2766 1199 2830 133111
1213 2771 1404 2846 approbata.
1417 2772 1650 2843 Ncntobstante
1665 2794 1767 2856 super

970 2863 1034 2925 hoc
1055 2863 1143 2925 lacta
1160 2864 1201 2926 311
1218 2867 1332 2944 aliquo
1347 2869 1582 2945 prohibitione,
1596 2872 1767 2937 licentiam

970 2960 1088 3021 damus
1099 2963 1269 3024 canonicis
1280 2979 1377 3041 posse
1388 2966 1766 3042 legitimumconcedere

970 3056 1215 3131 testamentum,
1244 3061 1291 3122 ita
1319 3062 1452 3136 tamem,
1478 3066 1565 3141 quod
1591 3067 1766 3131 ecclesiam

972 3170 1038 3216 333
1062 3157 1266 3233 praetereant
1288 3158 1362 3219 sine
1385 3161 1491 3236 parte,
1514 3162 1542 3222 si
1561 3163 1767 3228 voluntatem

971 3268 1065 3313 suam
1092 3253 1242 3315 ultimam
1264 3254 1367 3317 robur
1389 3257 1579 3321 desiderant
1598 3260 1766 3326 firmitatis

971 3349 1105 3415 habere.
1131 3353 1223 3412 Bona
1250 3368 1330 3414 1313
1359 3352 1400 3414 ab
1423 3354 1578 3417 intestato
1602 3358 1766 3423 deceden-

970 3446 1065 3519 tium,
1083 3448 1154 3509 sive
1176 3448 1322 3522 mobilia,
1340 3451 1410 3513 sive
1424 3451 1619 3527 immobilia,
1638 3459 1765 3532 quaeda

972 3543 1068 3605 bonis
1083 3545 1233 3608 ecclesiae
1249 3547 1462 3612 constiterint
1482 3551 1656 3628 acquisita,
1680 3554 1768 3619 inter

972 3642 1173 3719 episcopum,
1191 3646 1225 3705 31
1238 3645 1419 3721 3331131331
1434 3646 1636 3722 dividantur,
1663 3654 1766 3716 salvis

970 3739 1039 3801 tam
1063 3741 1218 3817 episcopo
1247 3757 1345 3817 quam
1374 3743 1519 3819 capitulo
1548 3738 1765 3825 quibusdam,

972 3832 1045 3913 quae
1057 3838 1225 3914 praecipua
1236 3840 1623 3904 consueveruntbabere.
1641 3847 1675 3906 Si
1686 3863 1767 3911 vero

971 3933 1219 4010 patrimonialia
1247 3934 1382 4007 luerint,
1411 3937 1465 3997 vel
1487 3937 1554 4001 alio
1564 3942 1656 4016 Justo
1668 3943 1765 4007 titulo

972 4030 1013 4092 ad
1029 4045 1086 4091 eos
1104 4031 1278 4108 pervenire
1291 4032 1488 4108 constiterit,
1505 4034 1546 4096 ab
1561 4053 1676 4100 eorum
1689 4057 1768 4104 suc-

972 4127 1122 4189 cessione
1136 4128 1290 4190 nolumus
1308 4129 1473 4206 legitimos
1487 4132 1637 4196 haeredes
1650 4140 1766 4201 exclu-

971 4225 1017 4285 di.
1033 4224 1268 4304 Talliam,quae
1283 4229 1378 4303 pecta
1388 4228 1572 4305 vulgariter
1585 4249 1763 4313 nuncupa-

971 4323 1036 4394 tur,
1053 4321 1192 4399 quilibet
1202 4324 1383 4386 canonicus
1398 4322 1439 4387 ab
1455 4326 1645 4392 hominibus
1656 4335 1767 4410 perci·

971 4418 1041 4495 piat
1060 4419 1116 4496 qui
1134 4419 1170 4481 13
1186 4435 1344 4482 33333333
1366 4421 1430 4483 sibi
1444 4423 1606 4489 1133311313
1617 4444 1766 4494 commo-

972 4517 1099 4589 rantur,
1129 4517 1277 4595 episcopi
1310 4533 1411 4596 super
1438 4519 1501 4583 hoc
1536 4525 1766 4591 molestatione

972 4614 1134 4675 cessante.
1152 4616 1190 4674 In
1206 4614 1435 4678 communibus
1451 4621 1686 4684 canonicorum
1701 4626 1764 4687 do-

971 4710 1091 4783 mibus,
1109 4713 1357 4788 3333333331
1375 4716 1585 4790 parochiales
1602 4721 1763 4797 ecclesias,

972 4808 1224 4883 procurationes
1252 4808 1305 4871 vel
1334 4811 1477 4887 prandia
1493 4814 1677 4892 episcopus.
1698 4835 1765 4881 333

971 4905 1121 4982 13313131,
1137 4905 1203 4966 3131
1217 4905 1302 4967 13113
1316 4906 1439 4969 ibidem
1453 4909 1632 4987 aliquando
1647 4914 1764 4995 hospi·

971 5002 1037 5065 tari
1051 5002 1234 5064 necessitas
1249 5007 1455 5081 perurgeret.
1469 5025 1489 5067 3

1011 5101 1080 5161 Ν33
1093 5114 1172 5176 3133
1188 5100 1346 5162 statutum
1357 5102 1557 5180 hujusmodi,
1568 5108 1601 5167 et
1612 5107 1679 5170 alia
1691 5126 1765 5187 quae

972 5212 1073 5275 super
1086 5196 1358 5261 reformationem
1378 5202 1412 5262 et
1433 5202 1555 5263 statum
1581 5204 1688 5281 ipsius
1703 5224 1763 5271 ec-

972 5293 1096 5366 clesiae,
1113 5311 1187 5372 quae
1202 5311 1262 5372 per
1273 5296 1495 5358 albanensem
1511 5301 1661 5364 eumdem
1676 5303 1764 5370 tacta

971 5408 1045 5453 esse
1058 5393 1253 5470 noscuntur,
1270 5394 1468 5457 auctoritate
1482 5397 1672 5472 Apostolica
1688 5419 1765 5465 con·

972 5488 1153 5562 1111331333,
1182 5492 1215 5551 31
1240 5490 1415 5567 praesentis
1444 5492 1559 5570 scripti
1578 5498 1765 5572 patrocinio

971 5586 1223 5649 communimus.
1241 5587 1333 5648 Nulli
1346 5603 1425 5664 3133
1441 5590 1575 5653 3313133
1590 5592 1762 5665 homiuum
