3916 6204
699 266 928 328 EPISTOLAE.
952 268 1030 328 LIB.
1053 269 1138 330 v111.

97 264 155 325 597
1682 274 1743 336 598

95 421 197 503 mus),
219 423 334 487 multis
355 425 422 489 eris
443 440 544 487 causa
565 423 682 488 saluIIs
702 427 890 489 animarum
944 427 1068 490 attente
1096 429 1130 490 et
1152 428 1326 490 hortamur
1353 445 1413 507 per
1426 428 1616 507 apostolica
1642 432 1739 505 vobis

96 522 332 599 etcorporum,
350 536 389 583 ac
404 522 604 586 removendo
620 516 890 601 impedimentum
945 524 1069 601 sc'ripta
1087 525 1291 597 mandantes,
1312 527 1486 603 quatenus,
1509 529 1617 590 eidem
1629 529 1741 606 legato

95 619 287 696 huiusmodi
309 619 495 693 discordiae,
516 623 601 697 quod
625 621 763 683 multum
785 622 892 701 potest
945 619 1123 695 diligenter
1147 622 1180 682 et
1206 621 1387 684 efficaciter
1415 626 1622 699 assistentes,
1642 627 1746 687 carlss

95 716 231 777 officere
247 718 380 792 negotio
397 720 508 779 Terre
527 719 778 796 Sanctae,quasi
794 719 893 779 inex·
945 716 1065 777 simum
1085 717 1120 777 in
1135 718 1266 779 Christo
1283 719 1389 780 illium
1418 722 1567 783 nostrum
1591 723 1747 786 Ludovi-'

93 812 351 892 timabiliter(l)
362 815 509 891 ejusdem
524 817 636 876 Terrae
654 816 802 879 subsidIo
814 831 893 893 pro-
946 829 1033 880 cum,
1048 829 1162 889 regem
1195 816 1398 877 Francorum
1427 818 1607 890 illustrem,
1633 821 1741 882 adea

93 910 224 972 videbis
239 932 247 985 3
272 927 335 972 nec
349 927 392 972 ex
406 911 470 973 hoc
485 916 628 990 majores
644 914 737 990 potes
757 913 892 990 assequi
946 925 1045 985 super
1058 910 1178 989 quibus
1198 912 1261 973 sibi
1277 912 1464 986 scribimus,
1484 932 1557 992 quae
1574 918 1670 978 tenor
1683 917 1742 979 llt-

92 1007 210 1069 titulos
229 1007 338 1070 laudis
352 1008 386 1070 et
398 1008 526 1084 gloriae,
541 1025 640 1087 quam
664 1010 692 1070 si
717 1009 892 1086 praelatum
944 1008 1092 1069 terarum
1112 1007 1314 1070 directarum
1337 1010 1379 1070 ad
1400 1011 1508 1087 ipsum
1532 1029 1591 1074 vos
1610 1013 1741 1090 plenius

94 1101 242 1163 nobilem
256 1102 399 1164 adriam
417 1102 458 1163 ab
474 1104 578 1176 invio,
593 1105 625 1165 et
640 1104 681 1165 ad
693 1103 892 1180 Apostolicae
946 1103 1105 1176 edocebit,
1124 1106 1271 1167 studiose
1283 1107 1476 1183 complenda
1500 1125 1575 1169 cum
1596 1110 1669 1186 ipso
1691 1110 1736 1171 le·

94 1198 193 1260 Sedis
208 1199 399 1262 mandatum
415 1200 487 1262 solo
501 1202 656 1276 potentiae
671 1203 737 1263 tuae
754 1202 891 1272 terrore,
946 1201 1034 1275 gato,
1052 1201 1233 1262 secundum
1248 1202 1359 1271 datam
1369 1202 1463 1265 vobis
1478 1192 1580 1268 a'Deo
1595 1207 1742 1283 pruden-

93 1294 217 1358 ieceris
246 1296 319 1358 sine
349 1296 468 1359 bellico
496 1298 635 1374 strepitu
664 1298 697 1360 et
720 1298 893 1374 sanguinis
945 1297 1037 1369 tiam,
1055 1298 1233 1373 diligenter
1246 1300 1279 1360 et
1291 1298 1472 1362 efficaciter
1498 1302 1657 1363 inducere
1676 1303 1706 1364 st
1729 1335 1743 1348 ·

93 1393 261 1454 effusione
288 1393 408 1477 redire.
435 1395 650 1471 Deposcimus
674 1393 777 1470 igitur
800 1409 894 1455 sere·
947 1382 1063 1456 dea‘tis.
1101 1396 1219 1457 Datum
1245 1398 1422 1470 Laterani,
1461 1399 1607 1460 secundo
1634 1414 1740 1461 nonas

93 1490 236 1552 nitatem
249 1491 340 1552 tuam
359 1491 512 1575 precihus
530 1492 718 1564 cumulatis,
731 1491 893 1569 quatenus
947 1492 1074 1568 aprilis,
1092 1507 1180 1554 anno
1196 1494 1324 1555 octavo.

94 1587 250 1648 eumdem
268 1587 414 1664 legatum
434 1589 603 1665 tamquam
618 1604 794 1665 personam
810 1603 892 1650 nos-

93 1684 183 1745 tram
204 1684 306 1760 digna
325 1684 432 1762 teipso
454 1686 629 1747 devotione
651 1686 827 1763 recipiens,
845 1685 894 1746 stc

93 1781 217 1854 eidem,
241 1781 341 1842 immo
363 1783 477 1844 verius
501 1782 597 1844 nobis
622 1783 658 1844 in
684 1782 768 1861 ipso,
795 1798 895 1861 super

94 1878 281 1955 praemIssis
297 1879 462 1951 intendas,
479 1880 566 1957 quod
584 1880 644 1941 tibi
662 1879 837 1957 proveniat
851 1879 892 1940 ad

93 1975 339 2038 incrementum
358 1976 474 2052 gloriae
497 1977 689 2053 temporalis
714 1977 840 2054 pariter
862 1977 895 2038 et

93 2073 249 2147 aeternam
276 2073 320 2134 iis
345 2073 456 2134 autem
482 2090 556 2151 quaa
584 2074 671 2136 idem
698 2074 828 2149 legatus
852 2089 895 2136 ex

91 2171 193 2246 parte
211 2172 326 2232 nostra
343 2171 403 2233 tibi
416 2170 539 2233 dixerit
551 2187 652 2248 super
662 2171 788 2247 treugis
807 2170 895 2232 inter

92 2271 127 2330 te
149 2284 192 2329 ac
216 2268 380 2331 Illustrem
400 2284 511 2346 regem
534 2268 663 2345 Angliae
682 2267 891 2339 innovandis

92 2364 261 2427 adhibeas
287 2366 419 2444 plenam
446 2365 555 2427 fidem.
581 2366 700 2427 Datum
724 2365 904 2436 Laterani,¹

92 2461 208 2538 pridie
217 2478 323 2524 nonas
332 2463 460 2541 aprilis,
470 2463 680 2540 pontificatus
691 2461 796 2524 nostri
806 2476 893 2523 anno

92 2560 228 2621 octavo.

388 2780 611 2870 CLXXXIV

93 2937 151 2995 Ad
171 2936 446 3008 archiepiscopos
460 2935 494 2995 et
507 2937 681 3008 episcopos
694 2933 894 2993 tttb'rencte

400 3031 613 3091 constitutos.

395 3159 523 3233 ueprius
539 3160 617 3217 asra.

90 3288 238 3351 [bouquet
258 3284 316 3335 llee.
335 3282 379 3334 des
392 3283 466 3341 nist,
484 3284 551 3340 xlx,
569 3284 630 3343 tan
646 3283 754 3347 Begast,
769 3281 815 3333 lib.
826 3281 892 3341 VIII,

429 3362 504 3427 eplat.
517 3362 586 3427 sat]

88 3482 192 3555 Regni
205 3479 333 3538 Francia
345 3480 497 3552 episcopos
518 3486 637 3552 rogatet
651 3477 781 3536 bortatur
796 3479 892 3536 Hono·

127 3570 193 3626 rins
207 3574 239 3625 ut
252 3566 386 3641 adjuvent
400 3566 561 3626 Conradum
576 3568 611 3625 t.
630 3568 658 3625 S.
673 3567 801 3640 legatum
817 3562 895 3622 indu-

126 3664 260 3729 eantque
284 3655 459 3713 Ludovicum
482 3670 581 3728 regem
606 3653 642 3711 ad
657 3653 840 3727 exsequenda
859 3654 893 3711 lt.

144 3747 175 3804 S.
193 3750 348 3817 precepta.

132 3870 310 3934 Honorius
321 3870 546 3949 episcopus...,
558 3869 805 3931 venerabilibus
822 3868 893 3930 lra-

85 3966 895 4043 trihusarcbiepisoopisetepiseopisperregnum

84 4064 253 4127 Franciae
268 4064 468 4134 constitutis,
483 4063 636 4131 salutem,
649 4065 711 4124 etc.

131 4161 210 4224 Etsi
231 4161 406 4222 credamus
434 4160 584 4228 tirmiter,
606 4158 707 4220 immo
727 4174 786 4235 pro
805 4159 895 4221 certo

83 4258 307 4329 noverimus,
332 4257 419 4336 quod
441 4256 626 4318 venerabili
651 4256 747 4317 fratri
781 4258 896 4317 nostro

79 4355 450 4427 Conrado,Portuensi
473 4354 641 4437 episcopo,
663 4356 702 4414 A.
721 4354 752 4413 S.
774 4353 893 4429 legato,

79 4457 125 4516 in
139 4454 198 4515 his
215 4468 288 4530 quae
307 4451 370 4512 sibi
384 4450 513 4527 agenda
528 4450 766 4521 commisimus,
783 4450 894 4511 tideli-

76 4556 146 4616 ter
162 4549 331 4612 asststetis
344 4547 445 4610 etiam
459 4563 524 4608 non
535 4547 656 4623 rogati,
671 4562 714 4607 ex
728 4545 897 4607 abundan-

77 4650 139 4711 tia
163 4651 278 4710 tamen
303 4645 547 4707 fraternitatem
570 4644 715 4705 vestram
739 4659 895 4719 rogamus

76 4792 304 4863 imperatorem
319 4784 394 4856 quod
405 4790 487 4841 terre
501 4797 561 4840 sue
572 4783 673 4840 vicine
682 4782 830 4855 Albigesio
839 4797 896 4839 non

75 4865 224 4919 noceam
238 4858 301 4928 regi
313 4855 348 4938 in·
358 4853 414 4911 boc
427 4855 623 4936 negotia-neo
636 4854 730 4936 aliquo
750 4852 835 4910 modo
850 4867 897 4910 ne·

73 4938 280 5069 XXIIII
292 4924 897 5067 ttttttttsattttttttttttt

73 5070 192 5147 possit
218 5067 353 5125 dominus
375 5081 426 5123 rex
444 5079 496 5122 ecs
513 5066 695 5137 impugnare,
718 5066 791 5121 sicut
814 5064 895 5133 alias,

70 5137 456 5210 salvojureimperatoris.
793 5205 799 5216 Ι

121 5211 179 5268 10.
202 5209 230 5265 Si
245 5207 310 5265 boec
335 5206 431 5262 omnia
457 5203 618 5277 supradicta
638 5202 710 5261 lucta
729 5202 894 5261 Iuerrutdo·

70 5284 180 5342 mino
195 5278 259 5349 regi
280 5284 442 5334 assecurata
465 5284 493 5332 et
506 5275 683 5342 confirmata,
698 5273 831 5330 domiuus
847 5290 897 5331 rex

68 5354 143 5414 ibit
157 5350 190 5405 iu
209 5349 321 5420 propria
370 5361 456 5404 rsnua
470 5348 499 5402 in
511 5345 668 5417 Albigesio,
682 5352 711 5402 et
720 5345 748 5400 in
763 5345 896 5416 predicto

67 5420 218 5496 negotio
230 5418 305 5475 bona
348 5415 384 5474 de
403 5415 554 5474 laborabit
578 5422 690 5474 etcum
713 5416 814 5487 ipsein
829 5430 893 5495 pro·

68 5496 156 5582 pria
177 5502 299 5560 persona
310 5486 432 5544 fueritin
447 5495 520 5544 terra
533 5457 683 5559 leigeslt
697 5492 727 5542 et
737 5485 764 5540 iu
779 5492 896 5558 negotio

65 5568 139 5627 rito
163 5557 341 5618 laboraverlt
363 5556 438 5614 bonu
452 5556 517 5625 lide,
544 5558 605 5628 Ipse
619 5557 663 5613 vel
679 5553 807 5612 heredes
821 5557 894 5613 suia

1246 1741 1449 1829 CLXXXV

986 1892 1040 1951 Ad
1055 1891 1223 1952 decenum
1237 1891 1270 1952 et
1284 1869 1520 1967 capitinates.
1537 1897 1698 1956 Severini

1198 1991 1476 2093 Burdepaleesta.

1230 2127 1248 2185 b
1265 2128 1362 2201 aprilis
1380 2129 1457 2189 tait.

948 2256 1067 2321 [Regest.,
1080 2257 1125 2308 lib.
1137 2258 1204 2320 vul,
1214 2253 1287 2323 epiri.
1299 2256 1354 2309 338.
1370 2260 1428 2311 liss.
1440 2258 1478 2310 La
1491 2261 1568 2312 Porte
1586 2261 1621 2312 du
1633 2261 1727 2327 Thett]

948 2382 1055 2439 Statum
1069 2382 1273 2443 canonicorum
1286 2383 1465 2441 secularium
1476 2385 1632 2443 iuecolesia
1645 2388 1741 2445 Sancti

1075 2471 1203 2528 Severini
1217 2471 1440 2545 burdegalensis
1454 2472 1613 2531 confirmat.

987 2607 1165 2678 Honorius,
1182 2607 1258 2677 ete,
1274 2606 1404 2669 dilectis
1421 2606 1537 2668 filiis...
1554 2607 1692 2681 decano,
1709 2610 1744 2673 et

948 2702 1093 2781 capitulo
1109 2704 1222 2764 Sancti
1234 2703 1386 2765 Severini
1395 2704 1664 2781 burdegalensis.

989 2799 1220 2877 Speculatores
1234 2816 1335 2877 super
1349 2801 1482 2875 domum
1504 2803 1607 2867 Israel
1622 2803 1742 2880 dispo-

948 2896 1047 2956 nente
1062 2896 1201 2957 Domino
1216 2896 1398 2969 constItuti,
1420 2913 1464 2959 ex
1482 2897 1593 2960 officio
1607 2899 1742 2959 instan-

947 2994 1004 3055 tiae
1019 2994 1140 3054 nostrae
1159 2992 1362 3070 quotidianae
1376 2993 1528 3055 tenemur
1545 2995 1693 3057 omnium
1709 2995 1743 3056 et

949 3090 1157 3167 singularum
1190 3089 1407 3151 ecclesiarum
1441 3090 1739 3169 tranquillitatibus

949 3187 1134 3263 providere,
1158 3187 1190 3249 et
1208 3202 1251 3247 ne
1274 3186 1527 3262 malignantium
1547 3188 1740 3264 quatiantur

948 3283 1136 3356 calumniis,
1174 3283 1257 3360 ipsis
1287 3283 1479 3360 praesidium
1512 3284 1740 3362 apostolicum

949 3380 1123 3459 impertiri,
1157 3380 1333 3443 malitiosIs
1345 3381 1519 3443 conatibus
1547 3381 1738 3444 eorumdem

948 3478 1187 3554 circumspecta
1202 3476 1428 3538 sollicitudine
1442 3493 1482 3539 ac
1501 3478 1643 3541 sollicita
1658 3493 1740 3556 pro·

947 3574 1095 3636 videntia
1121 3573 1296 3636 obviando.
1325 3577 1412 3636 Sane
1434 3591 1535 3652 quum
1557 3576 1635 3638 olim
1650 3576 1739 3638 inter

948 3673 1093 3734 vestram
1113 3671 1147 3732 et
1165 3671 1279 3733 Sancti
1294 3671 1435 3733 Andreae
1447 3672 1665 3748 Burdegaleu.
1682 3688 1741 3735 ec-

949 3769 1080 3840 elesias,
1100 3783 1201 3844 super
1211 3767 1418 3829 institutione
1431 3769 1669 3830 canonicorum
1681 3784 1741 3830 re-

949 3865 1116 3941 gularium
1128 3866 1164 3925 in
1174 3866 1285 3926 vestra
1295 3864 1439 3925 ecclesia
1450 3864 1614 3937 iacienda,
1629 3881 1743 3927 coram

949 3962 1044 4025 bonae
1058 3962 1226 4022 memoriae
1242 3963 1294 4022 W.
1310 3961 1530 4037 Burdogalen.
1551 3963 1742 4040 archIepis-

949 4075 1042 4139 copo,
1057 4060 1126 4120 et...
1139 4059 1350 4121 lemovicen.
1366 4058 1533 4136 episcopo,
1545 4061 1746 4123 auctoritate

949 4156 1057 4218 felicis
1070 4156 1312 4217 recordationis
1326 4155 1421 4215 Lucii
1435 4171 1540 4233 papae,
1557 4158 1745 4235 praedeces·

949 4255 1034 4316 soris
1058 4253 1176 4325 nostri,
1203 4268 1305 4314 causa
1322 4251 1442 4316 luisset
1455 4252 1581 4315 diutius
1595 4256 1741 4332 agitata,

948 4350 1081 4412 tandem
1100 4351 1163 4412 luit
1184 4351 1219 4413 in
1241 4349 1386 4411 arbitros
1407 4352 1695 4427 compromissum,
1712 4355 1746 4416 et

949 4448 990 4509 ab
1010 4464 1125 4510 eorum
1154 4446 1293 4508 arbitrio
1317 4446 1494 4509 adsedem
1518 4451 1742 4525 Apostolicam

949 4542 1743 4621 appellatum.atquumidempraedecessornos·

948 4643 1011 4714 ter,
1041 4655 1142 4702 causa
1170 4654 1270 4717 super
1290 4640 1364 4715 ipso
1394 4640 1534 4704 arbitrio
1561 4657 1673 4705 coram
1700 4659 1741 4705 eo

950 4783 1077 4837 Romana
1095 4780 1172 4835 curia
1196 4793 1254 4835 non
1278 4780 1427 4851 capientur
1452 4780 1488 4838 ad
1507 4783 1687 4841 occasionem
1706 4799 1741 4841 er

950 4852 1058 4908 tunciu
1085 4858 1168 4909 antea
1191 4864 1301 4909 morum
1326 4849 1448 4908 faciendi
1472 4853 1516 4909 vel
1539 4853 1701 4910 remorandi
1713 4856 1742 4910 lu

950 4930 1023 4979 terra
1038 4921 1094 4988 illa,
1111 4921 1156 4977 vel
1168 4918 1262 4977 denuo
1274 4921 1446 4990 reverteudI,
1457 4923 1512 4978 nisi
1522 4923 1557 4979 ad
1569 4924 1742 4981 voluntatem

949 5006 1042 5048 suam.
1059 4989 1101 5047 Ad
1117 4989 1208 5047 dietas
1224 4989 1365 5060 siquidem
1388 4993 1538 5064 petitiones
1557 4992 1700 5050 faciendas
1714 5002 1743 5050 et

950 5060 1143 5134 impetrandas
1157 5061 1187 5116 iu
1199 5061 1277 5117 curia
1294 5062 1432 5129 Romana,
1448 5064 1531 5120 mittit
1547 5062 1678 5120 domiuus
1693 5079 1743 5121 rex

950 5132 1068 5191 dilectos
1081 5139 1109 5189 et
1123 5130 1220 5187 fideles
1237 5144 1305 5187 suos
1317 5130 1562 5204 archiepiscopum
1584 5132 1741 5191 bituricen·

949 5218 1010 5260 sem
1039 5202 1251 5273 Lingonensem
1266 5208 1294 5257 et
1307 5202 1509 5259 carnotensem
1529 5203 1687 5285 episcopos,
1704 5204 1742 5263 ita

949 5244 1035 5345 quod,
1057 5272 1082 5328 si
1108 5272 1259 5343 petitiones
1285 5273 1347 5327 istae
1370 5286 1427 5328 nou
1450 5273 1518 5329 llaut
1539 5271 1670 5330 hucvrce
1687 5291 1742 5347 qua

949 5342 1036 5401 modo
1047 5343 1205 5410 mittuntur,
1218 5357 1255 5398 ex
1266 5349 1332 5398 tunc
1343 5342 1371 5397 iu
1381 5349 1465 5405 autea
1479 5357 1536 5399 uon
1545 5343 1685 5400 tenebitur
1694 5361 1742 5403 rex

948 5416 991 5471 ire
1006 5415 1034 5470 in
1047 5412 1236 5485 Albigesiunr,
1247 5412 1301 5469 uisi
1314 5412 1442 5469 voluerit.

987 5484 1028 5558 (l)
1049 5484 1208 5554 bopardam
1223 5479 1463 5538 inestimabiliter.
