4014 6224
227 300 286 370 res

531 456 717 555 CLXXXI

260 625 314 687 Ad
328 622 551 691 θαωεὶηιαηι,
568 620 770 679 mammem
781 616 981 691 ambacuc.

510 748 547 806 lu
561 748 628 805 titali
639 747 716 805 lm.

310 870 445 938 [neuqua.
456 866 519 921 ibld.
529 890 536 931 3
548 871 657 934 itemst,
668 864 715 919 lib.
728 866 772 928 Vt,
787 867 860 933 epist.
871 866 939 933 tta]

223 1001 305 1069 Cum,
331 995 516 1057 instaurando
534 995 672 1053 adversus
690 995 847 1053 tolosanos
869 992 954 1062 ballo,
968 992 1017 1050 du·

234 1088 382 1163 ,bitarcnl
394 1084 509 1158 quidam
524 1084 553 1142 in
569 1084 686 1142 Francia
703 1097 739 1140 an
752 1083 870 1155 precise
880 1089 954 1138 terra
969 1081 1016 1138 illa

259 1168 360 1233 lubeat
387 1172 546 1247 abjudicata
570 1171 668 1230 comiti
690 1170 830 1228 Tolosano
847 1160 876 1226 ia'
898 1170 1014 1227 Latera·

259 1263 343 1321 bansi
358 1260 494 1331 Concilio,
508 1260 592 1318 mittit
607 1258 748 1317 Honorius
769 1264 904 1315 statutum
924 1270 940 1314 a
963 1273 1013 1330 pa·

259 1350 350 1410 tribus
364 1352 421 1407 non
432 1332 683 1422 ambigue'tactrm
692 1352 701 1417 3
712 1346 861 1407 necatam
881 1344 937 1402 illio
954 1346 1016 1417 ejas

260 1430 444 1517 parcendam
456 1422 593 1505 decernit,
609 1428 751 1509 cumipse
768 1430 931 1507 provisione
942 1434 1015 1507 patri

232 1548 235 1553 ’
255 1532 371 1586 servati
390 1520 886 1611 indignumsepeaituspra'tttiteiit.

263 1650 433 1716 Honorius
457 1650 682 1728 episcopus...,
710 1640 894 1710 venerabili
916 1638 1015 1709 'tratri

221 1746 475 1827 archiepiscopo
490 1740 657 1831 Remensi,
674 1747 713 1806 ll.
739 1740 773 1808 S.
790 1745 910 1822 legato,
923 1745 1016 1806 salu·

222 1844 301 1919 tem,
318 1846 380 1907 etc.
538 1842 561 1901 .'

261 1932 489 2004 Intelleximus
516 1932 602 2017 duod
636 1932 741 2016 aliqui
766 1937 1014 2003 retardantura

221 2036 440 2102 subventione
455 2036 578 2112 negotii
604 2030 680 2096 fidei
704 2030 790 2113 quod
815 2028 1013 2111 inpartibus

841 284 1017 360 bosonii
1038 294 1083 358 111
1104 296 1251 360 OPERA.

1071 454 1236 533 quondam
1248 442 1380 520 mmltls'
1389 446 1556 531 rdolosani,
1570 457 1745 536 postquam
1756 457 1799 520 ad
1812 457 1864 521 le·

1071 540 1221 628 gitim'am
1234 553 1365 616 atatam
1380 555 1579 631 pervenerit,
1594 555 1733 616 sitalem
1745 570 1782 616 se
1794 556 1863 617 stn-
1993 586 1994 617 l

1072 648 1181 711 doerit
1194 648 1363 734 exhibere,
1388 650 1475 729 quod
1497 650 1533 712 ln
1558 652 1626 712 toto
1639 652 1692 713 vel
1711 652 1747 712 in
1765 654 1860 729 parte

1072 746 1137 824 lpsl
1151 748 1270 809 merito
1281 746 1400 810 debeat
1411 748 1591 825 provideri.
1604 765 1623 808 s

1110 840 1189 905 dum
1200 844 1303 921 igitur
1311 844 1399 906 illius
1407 843 1708 923 praelauquonnam
1717 847 1860 920 comitis,

1071 941 1156 1003 sicut
1181 940 1388 1019 premissum
1412 942 1472 1015 est,
1495 941 1583 1003 diota
1609 940 1800 1020 provisione
1822 960 1861 1007 se

1069 1036 1242 1115 indignum
1265 1038 1396 1116 penitas
1420 1036 1600 1113 exibuerit,
1629 1055 1726 1101 nemo
1750 1040 1859 1114 debet,
1993 1076 1994 1135 3

1070 1138 1245 1197 occasione
1277 1136 1482 1198 servationis
1508 1134 1677 1214 praedictae
1702 1138 1813 1209 terrea,
1840 1154 1862 1200 a
1993 1140 1994 1175 ³

1070 1229 1289 1292 subventione
1330 1226 1513 1308 supradicit
1536 1231 1661 1306 negotii
1683 1232 1860 1293 retardari.

1070 1328 1231 1399 Quocirca
1269 1324 1471 1389 fraternitati
1493 1329 1561 1389 tuae
1588 1340 1649 1404 per
1670 1329 1863 1405 apostolica

1070 1422 1192 1501 scripta
1213 1424 1409 1486 mandamus
1423 1426 1599 1505 quatenus,
1620 1425 1650 1486 si
1665 1426 1862 1487 carissimus

1069 1522 1104 1582 in
1141 1518 1272 1584 Christo
1313 1521 1404 1607 filius
1437 1522 1552 1583 noster
1585 1506 1760 1598 Philippus
1800 1532 1863 1584 rex

1070 1621 1276 1680 Francorum
1298 1616 1440 1680 illustris
1466 1617 1636 1694 negotium
1662 1618 1774 1695 ipsunt
1801 1635 1867 1680 asa

1069 1714 1257 1793 sumpserit,
1275 1714 1467 1778 solemniter
1479 1715 1628 1793 publices
1640 1713 1863 1792 abjndicailo*

1069 1822 1145 1895 nem
1179 1814 1280 1876 ternae
1316 1812 1436 1875 iactam
1478 1810 1654 1890 sepedicto
1692 1812 1861 1890 quondam

1069 1904 1182 1973 comiti
1216 1908 1393 1983 Tolosano,
1420 1908 1453 1972 et
1491 1922 1584 1987 spem
1607 1908 1860 1986 praenominatas

1068 2006 1268 2086 provisionis
1291 2006 1429 2084 praelato
1456 2004 1526 2067 illio
1540 2009 1614 2084 cJus
1633 2006 1765 2083 penitus
1780 2004 1859 2068 adi-

1068 2116 1149 2177 mas,
1163 2106 1196 2166 et
1221 2102 1406 2181 ademptam
1424 2102 1594 2181 publicare
1621 2118 1688 2164 non
1707 2103 1857 2175 differas,

1805 298 1864 364 ree

222 2135 409 2198 Provinciae
417 2133 538 2210 agitur,
551 2148 611 2210 pro
624 2147 664 2193 co
675 2130 917 2208 quoddubiiant
927 2131 1013 2209 quod
1044 2120 1045 2123 '

221 2235 312 2295 terra
325 2248 390 2293 non
399 2229 589 2306 sitpraecise
604 2227 793 2305 abJudicata
805 2228 1010 2305 Raymund0,

220 2328 388 2408 quondam
403 2325 516 2388 comiti
530 2324 712 2399 Tolosan03
729 2325 816 2386 banc
827 2328 937 2387 autem
950 2326 1014 2387 du·

221 2425 636 2500 bitationemnaquaquam
664 2421 835 2492 haberent,
861 2422 889 2483 si
900 2424 1013 2484 consi-

219 2521 394 2584 derasaeat
408 2521 566 2582 statutum
584 2519 671 2597 quod
697 2533 797 2594 super
814 2518 877 2580 troc
889 2518 1012 2581 lactum

1067 2212 1196 2261 cumea
1218 2196 1393 2260 manifeste
1410 2197 1601 2281 reddiderit
1621 2210 1657 2258 se
1672 2196 1869 2273 indignam„

1067 2294 1185 2357 Datum
1204 2294 1370 2367 Laterani,
1400 2294 1478 2356 xlll
1493 2288 1861 2371 ka1.jann‚ponunca-

1067 2395 1120 2455 tus
1133 2390 1240 2454 nostrl
1253 2404 1339 2454 anno
1352 2393 1457 2453 sexto.

1105 2530 1148 2589 In
1162 2530 1319 2591 eumdem
1330 2526 1469 2588 niodum
1488 2525 1723 2600 scriptumest
1741 2525 1780 2586 ut
1793 2541 1856 2587 so-

114 2624 119 2633 *
220 2619 284 2682 luit
303 2619 339 2680 in
366 2617 513 2679 Concilio
537 2616 699 2692 generali,
730 2617 764 2676 ia
793 2631 858 2693 quo
876 2618 1010 2688 statuto,
1061 2639 1130 2697 pra
1145 2623 1205 2685 Pb.
1221 2623 1294 2698 regi
1305 2622 1509 2684 Francorum
1523 2618 1657 2694 illustri,
1671 2637 1778 2697 usque
1800 2638 1859 2683 re-

221 2714 401 2785 lateralia,
418 2714 490 2775 baec
505 2702 655 2774 clausula
673 2713 877 2775 continetur:
899 2713 1012 2786 «Quia
1065 2720 1214 2792 tardari;
1233 2722 1312 2781 doio
1330 2716 1536 2793 subjicitur:
1554 2720 1596 2780 Ut
1614 2718 1725 2781 autem
1747 2719 1857 2779 omnis

219 2828 300 2876 vcro
329 2808 459 2873 novella
474 2808 634 2887 plantatio
655 2809 762 2871 adhuc
781 2810 907 2886 indiget
927 2810 1011 2872 irri-
1066 2816 1137 2879 baec
1149 2812 1311 2878 dubitatio
1323 2810 1475 2878 dacorde
1487 2814 1709 2877 dubitantium
1723 2814 1857 2892 plenius

218 2911 304 2990 gari,
319 2909 408 2972 sacri
422 2907 662 2985 approbatione
685 2907 826 2968 Concilii
841 2907 889 2968 ita
913 2906 1012 2968 duxi·
1065 2913 1247 2987 auferatur,
1287 2915 1392 2975 totum
1428 2912 1656 2991 supradictum
1693 2910 1856 2974 statutum

124 3078 128 3083 ,
220 3022 294 3071 mus
303 3002 541 3085 providendum
557 3003 776 3081 aequoniam
795 3004 1011 3085 acuendam
1065 3011 1236 3073 serenitati
1251 3012 1316 3072 tnae
1329 3009 1389 3071 sub
1403 3008 1495 3071 bulla
1519 3010 1633 3071 nostra
1650 3007 1858 3071 destinamus

220 3116 331 3169 comes
345 3103 529 3165 Tolosanus
556 3097 731 3179 culpabilis
743 3101 894 3178 rapertus
911 3104 961 3164 est
974 3103 1010 3164 in
1064 3109 1241 3170 inclusum.
1257 3106 1376 3170 ilatum
1391 3107 1554 3184 utsupra.

218 3204 370 3280 utroque,
397 3214 628 3275 necunquam
654 3197 716 3260 sub
748 3201 821 3275 ejus
849 3199 1010 3275 regimina

218 3301 311 3363 terra
325 3299 398 3375 ipsa
410 3296 518 3373 potuit
531 3296 566 3356 in
585 3294 677 3372 pacis
692 3293 726 3356 et
740 3293 817 3356 fidoi
831 3295 920 3357 statu
934 3310 1010 3357 ser-

217 3395 303 3466 vari,
318 3395 405 3455 sicut
428 3392 583 3468 exlongo
598 3394 746 3469 tempore
761 3391 860 3454 certis
875 3392 1009 3454 indiciis

218 3489 493 3567 eetoompertum,
505 3488 547 3548 ab
562 3491 635 3565 ejus
649 3487 796 3550 dominio
809 3490 894 3565 qnod
907 3502 1009 3567 prave

1355 3418 1563 3506 CLXXXII

219 3589 333 3667 gessit,
347 3586 507 3665 perpetuo
521 3586 565 3648 sit
592 3585 759 3656 exclusus,
776 3588 871 3648 extra
885 3589 1009 3649 comm
1062 3572 1115 3632 Ad
1126 3569 1281 3632 abbatem
1295 3569 1330 3631 et
1342 3570 1548 3630 conventiam
1561 3568 1680 3629 Sancti
1695 3570 1799 3629 Petri
1817 3570 1857 3629 in

218 3687 326 3765 ipsam
338 3684 455 3746 inloco
465 3683 585 3744 idoneo
596 3682 796 3755 moraturus,
805 3682 862 3745 ubi
875 3683 1009 3760 dignam

218 3784 297 3860 agai
317 3780 546 3859 poenitentiam
564 3778 605 3840 de
619 3778 816 3840 commissis.
832 3781 955 3849 Verum
967 3781 1008 3842 de

1304 3667 1613 3728 Weissinsbrunan.

1346 3795 1382 3854 so
1400 3796 1468 3853 maii
1486 3795 1567 3854 litt.

219 3877 434 3959 proventibus
462 3878 561 3939 terrae
598 3875 856 3952 quadringentas
877 3890 1008 3939 marcas

217 3975 381 4055 percipiat
398 3973 582 4043 annuatim,
599 3972 925 4050 quandlucnravcrit
939 3974 1007 4035 bu·
1195 4042 1201 4055 ·
1284 4041 1291 4055 ὑ
1523 4042 1529 4053 .
1750 4042 1756 4054 ἱ
1825 4043 1833 4055 ·

216 4074 341 4136 militer
355 4070 490 4133 obedire
505 4068 552 4148 (1)
563 4085 593 4128 ,‚
610 4068 695 4129 ppud
714 4070 815 4131 „piam
827 4087 895 4131 no„
911 4070 1010 4134 dehet
1062 4040 1119 4100 sub
1128 4041 1203 4099 beati
1217 4043 1292 4100 Petri
1304 4049 1332 4099 at
1346 4056 1397 4099 sua
1412 4048 1587 4114 protectione
1602 4048 1810 4100 monasterium
1824 4058 1856 4101 m

217 4164 1005 4247 aliqumasubventiomdicfinmffimmdm
1096 4130 1353 4189 Weissensbmnen
1365 4144 1431 4188 cum
1446 4129 1579 4188 omnibus
1591 4129 1675 4187 bonis
1687 4130 1817 4204 suscipit.

217 4266 304 4346 quod
328 4263 518 4342 apostolica
552 4263 666 4331 sedes,
701 4265 850 4340 tempore
875 4264 1007 4341 praetatl
1100 4265 1268 4327 Honorius
1278 4265 1772 4342 episcopmservusservorum
1780 4266 1854 4335 Dei,

216 4362 364 4435 concilii,
379 4360 539 4439 quasdam
563 4362 671 4420 terras
698 4363 734 4421 in
757 4360 830 4421 suis
853 4362 1007 4424 manibus
1061 4361 1190 4423 dilectis
1207 4361 1285 4423 illiis
1304 4361 1416 4424 abbati
1438 4362 1474 4424 et
1495 4362 1673 4425 conventui
1686 4363 1722 4423 in
1735 4363 1854 4425 Weis-

216 4459 411 4530 reservnvit,
428 4458 464 4519 ut
484 4456 563 4518 iada
583 4456 772 4539 providerat
792 4456 862 4519 illio
877 4458 1007 4534 prelati
1047 4457 1260 4519 ‘sinsbrunen
1276 4459 1388 4520 Sancti
1400 4459 1501 4532 Petri,
1519 4458 1660 4521 salutem
1672 4461 1705 4520 et
1716 4461 1856 4536 Aposto-

216 4557 383 4638 quondam
400 4554 531 4616 comitis
555 4553 723 4626 Tolosam,
753 4554 782 4615 si
809 4554 947 4630 dignum
970 4554 1008 4618 se'
1063 4556 1161 4616 licam
1176 4553 1451 4616 benedictionem.

215 4655 381 4725 redderet,
409 4667 483 4714 cum
507 4651 578 4728 ipse
601 4650 790 4727 provisione
817 4651 1007 4729 hujusmodi
1101 4652 1319 4713 sacrosancta
1333 4654 1484 4713 Romana
1504 4650 1653 4714 Ecclesia
1668 4650 1805 4713 devotos
1821 4654 1856 4714 et

216 4750 408 4816 exhibuerit
430 4765 466 4810 ee
493 4748 678 4824 indignum,
695 4748 729 4809 et
749 4747 798 4808 sic
814 4747 854 4809 de
868 4749 927 4809 illa
942 4750 1007 4811 sibi
1060 4748 1203 4809 humiles
1232 4744 1319 4809 filios
1345 4764 1388 4809 ex
1414 4750 1557 4810 assueta
1581 4749 1715 4825 pietatis
1743 4748 1854 4810 edicio

216 4866 283 4914 non
296 4846 413 4909 debeat
441 4844 618 4923 provideri,
636 4843 721 4905 sicut
739 4859 781 4905 ex
795 4843 905 4906 verbis
921 4862 1008 4922 prae·
1061 4843 1257 4923 propensius
1273 4844 1413 4921 diligam
1428 4844 1586 4919 assuevit,
1607 4850 1641 4907 at
1663 4860 1706 4905 ne
1727 4860 1855 4922 pravo-

214 4946 295 5010 dicti
309 4943 424 5006 statuti
439 4938 607 5018 colligitur
628 4939 814 5013 manifeste,
839 4959 913 5020 quae
925 4939 1006 5005 talia
1060 4957 1133 5004 rum
1146 4938 1317 5004 hominum
1331 4941 1494 5004 molestiis
1509 4942 1688 5019 agitentur,
1701 4956 1758 5003 eos
1772 4944 1854 5003 tan-

215 5045 315 5107 sunt:
331 5039 506 5103 ‹Residua
528 5038 720 5110 saroterra,
738 5054 812 5116 quae
827 5055 894 5100 non
912 5039 1006 5102 suita
1061 5055 1159 5116 quam
1170 5040 1226 5117 pia
1238 5040 1346 5100 mater
1354 5054 1423 5100 suae
1432 5036 1647 5117 protectionis
1666 5036 1854 5100 munimine

214 5136 458 5212 crucesignatis
478 5133 622 5204 obtenta,
637 5133 842 5194 custodiatur
854 5133 895 5194 ad
911 5150 1006 5195 man·
1060 5134 1247 5197 contovere.
1278 5134 1325 5196 Ea
1351 5138 1496 5213 propter,
1512 5136 1625 5197 dilecti
1648 5136 1684 5196 in
1711 5134 1855 5197 Domino

214 5235 329 5298 datum
344 5231 502 5295 Ecclesiae
522 5245 580 5306 per
593 5230 684 5290 viros
703 5230 853 5303 idoneos,
870 5232 926 5308 qui
945 5247 1007 5292 nc-
1059 5232 1131 5304 filii,
1146 5231 1267 5293 vostris
1287 5233 1387 5310 justis
1409 5230 1562 5310 precibus
1583 5228 1748 5303 inclinati,
1773 5247 1855 5310 per-

215 5333 341 5408 gotium
355 5330 448 5408 pacis
462 5329 496 5390 et
509 5326 586 5388 fidei
601 5326 838 5389 manuteneant
849 5329 882 5389 et
896 5326 1006 5389 desen·
1059 5344 1159 5389 sonas
1171 5329 1299 5391 vestras
1315 5331 1348 5391 et
1367 5328 1488 5399 locum,
1503 5330 1539 5390 in
1555 5344 1620 5406 quo
1638 5323 1750 5389 divino
1769 5328 1853 5389 estis

216 5428 306 5501 dant,
334 5429 370 5489 ut
382 5423 550 5504 provideri
562 5422 668 5502 possit
677 5422 777 5484 unico
791 5423 860 5486 filio
874 5424 1006 5502 praeiati
1059 5423 1221 5503 obsequio
1245 5425 1444 5502 mancipati,
1474 5441 1548 5487 cum
1576 5423 1729 5485 omnibus
1752 5422 1853 5484 bonis

1208 3917 1386 3982 [documenta
1397 3917 1483 3975 boica,
1495 3922 1513 3968 t.
1526 3917 1582 3977 vll,
1593 3931 1619 3983 p.
1634 3916 1702 3982 aaa]

251 5590 294 5667 (l)
308 5591 475 5665 bagaudam
491 5591 519 5650 id
528 5591 685 5661 decretum,
699 5599 722 5650 t.
737 5591 777 5649 lll
791 5590 979 5651 concideram
995 5591 1111 5663 labbei,
1126 5592 1181 5649 ool.
1193 5592 1256 5655 231.
