3886 6214
195 274 256 334 207
806 271 981 334 HONORII
994 262 1047 332 '111
1069 270 1217 333 OPERA.
1781 270 1851 332 208

195 446 319 496 cavens
334 435 428 511 regni
448 434 511 506 sul,
528 448 567 494 ac
593 431 699 509 ipsius
712 430 987 507 tranquillitatem
1041 430 1099 502 sis,
1128 431 1170 492 de
1197 420 1312 491 nostro
1338 429 1477 507 speciali
1501 422 1667 497 mandato,
1685 429 1720 492 in
1741 431 1780 493 te
1803 446 1848 493 ac

194 530 310 591 volens
323 530 502 592 salubriter
515 545 706 607 procurare,
724 529 847 590 dictum
860 529 986 606 primo-
1039 528 1115 589 tuos
1139 526 1316 602 complices
1341 529 1376 587 et
1396 526 1542 589 fautores
1560 529 1847 590 excommunica-

195 627 342 702 genitum
367 643 462 687 suum
489 627 524 687 in
549 643 662 702 regem
686 625 765 687 fecit
786 626 914 701 inungi,
947 640 987 686 ac
1040 624 1142 686 tionis
1157 626 1190 686 et
1212 624 1248 684 in
1263 625 1353 684 tuam
1375 627 1409 687 et
1431 624 1579 700 ipsorum
1598 626 1705 686 terras
1729 626 1849 685 inter-

196 724 296 785 etiam
318 724 483 795 coronari,
511 724 646 800 quidam
661 723 820 800 perversi,
837 723 894 799 qui
918 722 988 783 dis-
1042 722 1120 783 dicti
1136 722 1318 783 sententias
1329 720 1606 798 promulgassent,
1622 737 1682 798 pro
1694 738 1736 783 eo
1750 722 1847 800 quod

195 821 386 881 sensionum
406 821 541 882 semitas
565 823 721 897 satagunt
736 820 898 892 invenire,
915 834 988 880 ma·
1040 818 1149 895 ipsum
1162 832 1286 893 regem,
1303 820 1398 893 cujus
1414 817 1512 878 bomo
1525 817 1626 893 ligius
1638 832 1711 879 esse
1722 818 1846 893 debes,

194 917 316 993 lignani
340 916 499 990 volentes,
516 934 613 979 suum
636 918 870 979 machinantur
885 916 986 979 obse·
1041 914 1227 976 manifestis
1241 914 1434 976 excessibus
1449 915 1678 992 multipliciter
1690 915 1847 978 infesta-

195 1013 308 1089 quium
324 1013 519 1076 subtrahere
537 1015 602 1090 ipsi
616 1015 701 1090 regi,
727 1015 899 1090 amquam
920 1028 987 1073 nou
1040 1027 1108 1083 ras,
1119 1027 1160 1073 ac
1174 1012 1418 1074 etiameasdem
1429 1012 1845 1087 sententiasincurrisses,

195 1108 270 1183 sibi,
301 1109 358 1171 sed
387 1110 456 1173 filio
488 1111 676 1182 teneantur,
715 1114 749 1172 et
779 1112 828 1172 sic
872 1110 987 1172 contra
1041 1124 1082 1170 eo
1104 1106 1191 1186 quod
1216 1108 1320 1172 nobili
1334 1110 1408 1171 vire
1427 1110 1560 1185 Hugoni
1584 1108 1625 1171 de
1646 1111 1845 1185 Leniniacc,

196 1194 554 1284 utrumquedissidium
565 1208 597 1270 et
609 1207 802 1270 scandalum
810 1208 906 1284 regni
916 1222 989 1283 pro·
1041 1206 1129 1269 dicto
1151 1207 1263 1269 comiti
1288 1207 1542 1279 Marcbiae‚una
1561 1206 1848 1270 cumfautoribus

195 1306 324 1366 curant.
341 1307 446 1378 Quum
461 1305 565 1381 igitur
578 1320 645 1366 non
660 1303 762 1368 fuerit
776 1305 884 1383 ipsius
896 1300 987 1380 r'egis
1040 1303 1126 1375 suis,
1152 1305 1350 1367 auctoritate
1365 1304 1490 1377 nostra,
1511 1304 1677 1366 similibus
1698 1308 1846 1368 senten-

194 1401 348 1473 intentic,
371 1417 433 1464 uec
454 1418 528 1463 esse
549 1401 710 1473 debuerit,
736 1404 773 1465 ut
795 1417 834 1463 eo
853 1403 988 1463 virente
1042 1401 1269 1473 tiisinvoluto,
1286 1402 1401 1464 contra
1420 1401 1570 1463 eumdem
1585 1417 1710 1477 regem,
1730 1404 1847 1465 domi·

195 1498 283 1559 alius
309 1498 497 1561 dominaret
519 1499 553 1560 in
568 1515 683 1576 regno,
710 1499 768 1561 sed
787 1499 860 1577 ipse
879 1499 988 1576 potius
1043 1513 1121 1558 num
1145 1499 1250 1571 tuum,
1280 1515 1347 1561 non
1377 1498 1501 1576 absque
1515 1499 1722 1561 infidelitatis
1739 1503 1843 1573 nota,

193 1611 334 1672 regnum
346 1597 459 1658 teneat
471 1600 503 1659 et
514 1596 685 1673 gubernet,
694 1597 895 1659 fraternitati
906 1611 987 1658 res-
1042 1597 1167 1656 temere
1190 1595 1381 1658 assistebas.
1406 1598 1490 1668 Quia
1511 1596 1716 1659 venerabilis
1735 1598 1847 1660 frater

194 1694 258 1754 trae
275 1708 336 1769 per
356 1693 546 1770 apostolica
568 1694 691 1771 scripta
714 1694 911 1756 mandamus
936 1694 989 1757 at
1042 1692 1156 1754 noster
1168 1692 1395 1769 Panduipbus,
1411 1693 1640 1755 Norwicensis
1660 1694 1844 1771 episcopus

196 1806 260 1867 que
275 1791 498 1868 praecipimus,
527 1794 689 1869 quatenus
718 1792 895 1854 universos
923 1791 988 1853 tam
1042 1788 1261 1861 tumefactus,
1289 1792 1438 1866 tempore
1459 1805 1535 1867 quc,
1558 1790 1728 1853 mediante
1753 1792 1841 1868 ipso,

194 1887 230 1947 in
254 1902 368 1962 reguo,
385 1903 483 1964 quam
498 1892 594 1951 extra
618 1905 757 1965 regnum
778 1890 986 1959 constitutos,
1041 1888 1159 1961 treuga
1179 1886 1242 1948 fuit
1266 1887 1352 1948 inita
1365 1887 1454 1949 iuter
1468 1888 1661 1964 pradictum
1675 1904 1794 1964 regem
1811 1891 1845 1951 et

196 1982 253 2061 qui
268 1983 457 2061 hujusmodi
469 1985 649 2047 seditiones
662 2001 795 2047 movere
811 2001 989 2062 praesump
1043 1983 1157 2044 fideles
1179 1986 1261 2060 ejus,
1284 2000 1327 2045 ex
1352 1988 1447 2062 parte
1471 2000 1549 2058 una,
1572 1986 1606 2047 et
1619 1987 1845 2047 memoratum

196 2081 311 2152 serint,
326 2096 346 2142 a
360 2097 420 2143 sua
434 2083 622 2145 temeritate
640 2099 773 2145 cessare
787 2098 848 2161 per
869 2098 988 2144 censu·
1043 2080 1216 2154 Hugonem
1226 2080 1259 2140 et
1269 2079 1446 2155 complices
1462 2081 1545 2155 ejus,
1557 2094 1600 2140 ex
1614 2080 1736 2150 altera,
1754 2096 1845 2157 prae·

194 2193 268 2240 ram
277 2178 550 2251 ecclesiasticam,
560 2179 783 2257 appellatione
793 2181 986 2257 postposita,
1042 2173 1139 2236 dictae
1168 2176 1341 2237 sententiae
1366 2175 1500 2237 fluerunt
1521 2175 1562 2236 ab
1585 2177 1658 2253 ipso
1681 2177 1843 2255 episcopo

195 2276 413 2351 compellatis.
431 2279 548 2340 Datum
563 2278 732 2350 Laterani,
750 2281 987 2356 ivnonasju-
1042 2273 1218 2347 relaxataet
1251 2276 1287 2333 tu
1314 2288 1469 2334 asserens
1496 2275 1529 2335 te
1548 2273 1588 2335 de
1620 2274 1842 2351 complicibus

195 2372 244 2444 lii,
261 2373 473 2451 pontificatus
486 2374 592 2436 nostri
605 2390 693 2436 anno
705 2377 811 2437 sexto.
1042 2384 1116 2430 esse
1135 2369 1265 2430 comitis
1280 2370 1465 2442 memorati,
1491 2373 1559 2431 tani
1580 2371 1620 2432 de
1634 2372 1840 2449 specialibus

1042 2467 1217 2528 sententiis
1239 2483 1338 2543 quam
1363 2467 1404 2527 de
1429 2467 1641 2544 generalibus
1655 2470 1692 2529 in
1712 2469 1840 2531 teletis

1041 2579 1102 2640 pro
1117 2562 1267 2626 absoluto
1285 2566 1318 2626 te
1330 2580 1461 2640 gerens,
1479 2566 1606 2627 nullam
1625 2582 1767 2643 prorsus
1782 2581 1841 2627 sa-

1042 2660 1263 2723 tisfactionem
1303 2661 1367 2739 ipsi
1396 2663 1468 2738 regi
1495 2663 1550 2724 vel
1577 2666 1650 2739 ejus
1684 2663 1839 2725 fidelibus

1043 2758 1253 2835 impendisti,
1286 2759 1474 2832 mandatis,
1516 2774 1591 2836 quae
1633 2776 1738 2838 super
1777 2761 1839 2821 boc

1043 2854 1104 2915 tibi
1128 2854 1325 2927 direximus,
1347 2854 1531 2929 obauditis3
1552 2856 1632 2933 quin
1653 2858 1722 2918 imo
1744 2857 1838 2934 post·

1044 2950 1176 3012 modum
1198 2967 1318 3027 graves
1346 2953 1395 3014 eis
1427 2952 1572 3031 iujurias
1598 2953 1724 3016 diceris
1751 2954 1840 3014 irro-

1044 3049 1170 3129 gasse(
1190 3048 1216 3128 ).

1084 3147 1246 3219 Quocirca
1265 3146 1470 3210 nobilitatem
1485 3149 1576 3209 tuam
1588 3148 1709 3211 iterato
1724 3163 1838 3210 mone-

1044 3260 1117 3305 mus
1143 3245 1176 3306 et
1204 3244 1376 3307 hortamur
1399 3246 1533 3317 attente,
1561 3261 1622 3323 per
1645 3246 1837 3324 apostolica

1045 3341 1168 3418 scripta
1203 3342 1352 3404 districte
1378 3343 1602 3420 praecipiendo
1628 3344 1834 3411 mandantes,

1044 3440 1207 3515 quatenus
1235 3438 1323 3501 infra
1350 3438 1470 3501 festum
1496 3442 1528 3500 S.
1554 3440 1697 3502 Andreae
1724 3440 1838 3518 proxi-

1045 3552 1134 3597 mum
1160 3536 1336 3612 saepedicto
1362 3537 1519 3613 reginei
1541 3536 1833 3606 emmendaverit,

1045 3649 1146 3711 super
1164 3634 1216 3693 bis
1238 3650 1297 3710 pro
1313 3633 1433 3711 quibus
1452 3634 1487 3695 in
1503 3636 1537 3696 te
1553 3650 1593 3696 ac
1609 3636 1733 3696 terram
1748 3635 1835 3696 tuam

1046 3729 1211 3806 praedictae
1242 3728 1376 3791 fuerunt
1402 3730 1574 3791 sententiae
1602 3730 1834 3806 promulgata,

1046 3825 1176 3887 sublato
1198 3826 1374 3903 cujuslibet
1396 3826 1601 3888 difficultatis
1629 3827 1663 3888 et
1685 3824 1835 3904 appelia-

1045 3924 1149 3986 ticuis
1163 3922 1305 4000 objectu,
1328 3922 1521 3985 satisfacere
1541 3940 1609 3986 uon
1630 3924 1772 3994 omittas,
1794 3920 1832 3982 de

1047 4021 1176 4081 damnis
1199 4021 1232 4081 et
1252 4020 1385 4097 injuriis
1406 4019 1612 4096 postmodum
1632 4021 1698 4098 ipsi
1720 4006 1831 4095 eteius

1047 4116 1200 4178 fidelibus
1223 4117 1442 4178 nibilominus
1465 4116 1700 4180 satisfaciendo
1719 4115 1830 4179 eidem.

490 2696 697 2818 ccxxxii

194 2847 247 2906 Ad
279 2847 489 2918 Witietmum,
525 2848 782 2908 Pictaoteuacm
806 2847 990 2920 archiepis·

454 2958 576 3019 copum
590 2944 729 3005 dictum.

497 3085 581 3140 Auno
601 3084 679 3140 liii.

297 3215 432 3280 [bouquet
444 3215 546 3267 liecueil
559 3217 603 3266 des
615 3215 691 3279 Hist,
704 3216 771 3273 xlx,
785 3229 810 3281 p.
821 3214 891 3280 m]

194 3339 350 3410 Willelme,
365 3341 424 3412 qui,
444 3340 551 3414 junctis
565 3355 631 3398 cum
646 3343 770 3415 liugane
784 3340 820 3398 de
841 3341 990 3398 leziniaco

231 3428 366 3487 liarcbiae
389 3430 493 3486 comite
516 3429 634 3498 viribus,
659 3431 771 3502 angliae
790 3444 889 3503 regem
906 3444 990 3487 suum

233 3516 380 3574 deminum
399 3518 525 3590 graviter
544 3518 665 3587 leserat,
690 3524 718 3574 et
737 3526 884 3591 propterea
900 3516 991 3576 fueret

231 3606 507 3674 excommunicatus,
543 3607 664 3679 imperat
694 3607 847 3675 Honorius,
871 3613 903 3663 ut
928 3607 990 3680 regi

230 3693 266 3750 de
281 3694 394 3752 damnis
413 3702 442 3751 et
456 3694 565 3767 injuriis
581 3694 665 3751 faciat
679 3695 759 3763 satis,
775 3709 812 3752 ne
827 3693 921 3752 eidem
936 3696 988 3752 ite·

231 3798 293 3840 rum
309 3783 359 3840 fiat
376 3783 516 3841 obnoxius
529 3786 686 3840 sententie.

236 3927 403 3989 Honorius
434 3927 660 4004 episcopus...,
688 3926 792 3987 nobili
811 3927 885 3988 viro
900 3926 991 3986 Wil-

195 4020 296 4086 lelme
310 4024 396 4086 dicte
412 4025 662 4102 archiepiscopo
676 4025 897 4086 pictavlensis
915 4024 994 4086 dioe·

198 4122 296 4193 cesis,
314 4123 465 4187 salutem,
483 4125 545 4183 etc.
667 4125 670 4128 ’

236 4219 438 4280 Garissimus
453 4220 488 4279 in
512 4218 644 4280 Cbristo
660 4218 749 4279 filius
771 4218 885 4280 noster
898 4218 992 4280 lien-

197 4317 300 4388 ricns,
329 4332 391 4376 rex
418 4315 599 4391 anglorum
623 4312 776 4387 illustris,
796 4317 993 4377 transmissa

197 4414 294 4475 nobis
307 4413 475 4491 petitione,
492 4412 690 4476 monstravit
707 4410 805 4490 quod,
822 4429 923 4490 quum
938 4413 993 4474 di-

196 4511 274 4574 lecti
287 4512 349 4571 filii
359 4510 631 4573 Talemundensis
644 4510 677 4572 et
690 4510 803 4571 Sancti
819 4510 993 4572 Michaelis

197 4609 239 4671 de
255 4612 398 4673 Heremo
419 4607 567 4681 abbates,
591 4608 624 4669 et
639 4606 784 4669 decanus
799 4608 992 4669 Pictavien-

198 4812 287 4880 mine,
317 4818 347 4869 et
374 4816 488 4869 sanctos
508 4818 604 4878 testor,
631 4811 707 4883 quod
727 4826 841 4884 semper
857 4811 944 4868 vestri
965 4818 994 4869 et

198 4893 369 4950 vestrorum,
386 4884 566 4954 inquantum
589 4890 697 4954 potero,
725 4897 774 4938 erc
800 4882 836 4939 ad
855 4882 990 4954 benepla-

198 4957 305 5025 citum;
321 4963 348 5011 et
363 4952 548 5010 libentissime
563 4960 686 5009 vestram
702 4952 855 5010 adivissem
867 4967 990 5024 praesen·

199 5027 287 5095 tiam;
304 5024 354 5081 sed
370 5023 406 5081 ad
427 5038 553 5095 praesens
579 5023 667 5094 (quod
683 5025 800 5080 multum
816 5022 991 5093 affectarem)

199 5095 294 5153 facere
319 5109 375 5151 riou
418 5110 525 5151 ossum.
559 5096 667 5150 Vestrae
691 5109 743 5166 sup
766 5095 818 5150 lico
840 5094 992 5177 majestati,

220 5176 341 5224 uetenus
367 5164 383 5222 ss
405 5165 496 5222 elibus
515 5165 586 5221 meis
601 5163 722 5221 Guidoni
742 5110 777 5220 ge
795 5165 950 5222 Cavillrone
964 5172 992 5221 et

200 5183 319 5296 ffsnardo
342 5237 499 5309 Aidigario
521 5236 703 5308 praesentium
730 5234 874 5303 latoribus,
902 5236 930 5291 in
958 5235 993 5291 iis

220 5324 262 5365 ute
276 5324 312 5365 ex
336 5315 417 5381 parte
443 5321 515 5369 mea,
539 5307 664 5372 domine,
686 5305 767 5362 vobis
783 5305 916 5375 dixerint,
931 5319 992 5361 ere-

199 5323 267 5436 flere
281 5378 438 5451 dignemini
452 5379 525 5434 sicut
540 5376 618 5433 mibi.
640 5379 742 5433 Datum
758 5391 772 5432 a
796 5376 832 5433 ud
852 5379 990 5433 Montem-

237 5451 394 5519 ssulanum,
421 5448 485 5507 livi
509 5447 566 5505 lrel.
588 5446 662 5520 julii,
685 5460 761 5503 anno
808 5446 933 5506 CCXXII
957 5445 993 5503 ab

213 5533 311 5580 neam,
328 5519 451 5577 Domini.
468 5540 479 5569 s

233 5590 275 5661 ll)
295 5590 385 5660 llujus
405 5590 543 5662 epistolae,
559 5586 901 5662 qualisapudliymerum
923 5602 989 5660 pro·

1047 4215 1203 4292 Alioquin
1239 4214 1407 4290 praedietis
1436 4213 1610 4276 abbatibus
1647 4216 1681 4277 et
1711 4215 1830 4276 decano

1047 4312 1170 4374 uostris
1185 4311 1302 4373 damus
1323 4311 1443 4372 litteris
1464 4313 1499 4372 in
1515 4312 1689 4389 praeceptis
1711 4313 1831 4383 utnon

1047 4408 1198 4471 obstante
1217 4408 1425 4469 absolutione
1449 4408 1618 4484 praedicta,
1643 4411 1676 4472 te
1697 4423 1737 4470 ac
1754 4418 1832 4468 com·

1048 4507 1152 4584 plicas
1184 4511 1271 4577 tuos,
1302 4507 1335 4566 et
1357 4508 1449 4566 tuam
1465 4510 1499 4567 et
1517 4521 1631 4568 eorum
1646 4508 1763 4575 terras,
1779 4501 1832 4562 de-

1048 4604 1207 4665 nuncient
1234 4603 1589 4664 excommunicaiionis
1613 4604 1646 4665 et
1670 4594 1830 4665 interdicti

1047 4808 1102 4864 lata
1116 4813 1160 4864 est
1180 4813 1210 4863 et
1230 4806 1277 4863 bic
1301 4805 1436 4875 redditur,
1450 4806 1551 4875 oratio,
1570 4806 1631 4864 sive
1664 4806 1829 4863 rimaeoens·

1046 4879 1204 4959 criptionis,
1231 4877 1292 4934 sive
1312 4877 1518 4949 exemplarium
1534 4877 1569 4935 ab
1587 4892 1621 4934 ea
1634 4822 1828 4956 ‹fescriptcrum

1048 4949 1126 5016 vitto,
1138 4950 1176 5005 ita
1185 4946 1259 5005 foede
1271 4955 1403 5019 corrupta
1415 4957 1468 5016 est,
1486 4957 1515 5004 ut
1527 4947 1681 5020 quidquam
1697 4962 1759 5004 sam
1772 4954 1828 4998 rec·

1048 5021 1125 5090 tique
1139 5018 1204 5074 inde
1219 5018 1353 5089 componi
1368 5033 1452 5089 posse
1473 5018 1682 5090 desperandum
1699 5020 1751 5085 sit;
1767 5024 1827 5069 sen·

1048 5090 1134 5146 tentia
1163 5098 1259 5146 tamen
1281 5089 1458 5161 intelligitur,
1477 5104 1541 5161 quae
1554 5090 1617 5145 tatis
1633 5088 1690 5145 fere
1704 5087 1827 5162 suberat:

1049 5181 1060 5211 ‹
1076 5161 1213 5216 ilenricus
1223 5161 1305 5215 nobis
1317 5161 1494 5227 monstravit,
1506 5159 1591 5230 qued,
1603 5174 1668 5216 cum
1677 5157 1829 5233 rebellionis

1048 5230 1184 5287 adversus
1205 5245 1236 5286 se
1255 5244 1352 5293 causa,
1375 5231 1678 5288 excommunicationis
1699 5229 1827 5287 sentemm

1047 5302 1152 5374 ligatus
1167 5316 1255 5370 esses,
1271 5309 1367 5358 tamen
1387 5316 1445 5357 nen
1460 5301 1623 5372 impendisti
1637 5300 1691 5357 sibi
1708 5294 1826 5356 satisfac-

1047 5374 1164 5440 tionem,
1185 5373 1250 5453 quia
1274 5374 1426 5429 occasione
1445 5372 1641 5440 absolutionis,
1666 5383 1749 5442 quam
1766 5369 1829 5423 Pau·

1047 5441 1170 5514 duipbus
1192 5441 1345 5512 impertivit
1367 5444 1482 5516 liugoni
1506 5441 1625 5514 ejusque
1641 5437 1826 5568 complicibus,

1047 5513 1209 5581 abuentes,
1231 5520 1260 5568 te
1280 5526 1369 5568 unum
1385 5528 1419 5570 ex
1433 5514 1563 5586 lingonis
1574 5512 1705 5585 complici

1046 5583 1155 5642 dicens.
1170 5605 1181 5633 ι
1198 5585 1361 5655 (bouquet.)

1726 5513 1827 5567 usesse
1923 5542 1924 5581 ,
