3886 6214
247 236 309 303 355
861 228 1038 299 nononu
1059 236 1106 303 ΠΙ
1125 234 1275 305 OPERA·
1796 246 1842 311 tit
1905 236 1906 239 ’

247 395 307 461 eit
324 394 387 468 out
408 390 553 469 modom
570 390 777 457 contumacia
790 390 927 457 illorum
946 408 1039 457 cres·-
1092 394 1160 455 tam
1175 393 1312 456 evidens
1332 393 1563 472 praejudicium
1581 398 1758 461 monasterii
1776 402 1844 466 ulte·

248 486 827 565 centetneosexoonmunicationis
841 490 1037 557 sententiam
1092 491 1163 552 rius
1186 491 1279 553 satra
1300 490 1474 552 honestate
1496 490 1841 564 deterrauohisnostris

247 588 479 675 promulgavit,
496 601 595 671 uuam
620 584 671 647 illi
698 600 758 663 per
780 586 1037 665 quadriennium
1092 586 1241 648 dedimus
1257 587 1377 649 limeris
1391 587 1427 648 in
1450 590 1634 665 praecepitii,
1650 593 1685 651 ut
1703 591 1736 652 in
1752 595 1842 669 potes·

247 685 526 761 contempserunt,
535 683 670 744 demum
682 682 848 747 mediante
862 684 935 763 ipso
949 700 1040 763 prae-
1091 684 1250 751 tetemet
1264 685 1474 747 consiliarios
1484 687 1678 749 Cremonen.
1691 703 1844 751 excommu-

248 780 551 849 decessorenostro
566 779 653 841 iacta
667 779 730 845 snit
745 780 894 856 quedam
908 782 1038 859 tempe·
1092 780 1269 843 nicationis
1284 785 1317 842 et
1331 782 1366 841 in
1381 781 1548 843 ciuitatem
1563 783 1721 846 interdicti
1734 788 1843 847 senua·
1907 812 1908 899 p

245 879 329 955 ralis
350 877 545 957 compositio
566 877 788 961 interpertes,
801 877 1038 957 etiniunctom
1092 878 1167 950 tias,
1194 878 1323 939 sublato
1345 877 1577 955 appellationis
1598 879 1765 951 obstaculo,
1782 899 1844 958 pro-
1907 902 1908 953 l

245 974 431 1041 uenerabili
449 974 546 1037 fratri
564 975 715 1037 nostro...
738 977 920 1037 Parnon...
943 975 1037 1053 epis-
1092 973 1235 1047 iorretis,
1247 974 1531 1052 itaqnodhimm,
1541 974 1679 1037 durante
1689 976 1845 1053 huiusmodi
1907 1024 1908 1049 ,

245 1089 340 1155 copo,
368 1074 405 1135 ut
428 1071 561 1148 recepto
590 1086 609 1131 a
636 1069 782 1147 praelatis
815 1073 1036 1137 cremonen..
1092 1071 1447 1142 eonmnactamisdem
1456 1072 1846 1148 potestati‚etconsiliartls
1907 1056 1908 1059 '

241 1172 340 1249 junia
368 1168 507 1231 formam
527 1167 685 1229 Ecclesia
707 1167 925 1245 conponaliter
944 1170 1039 1245 iura-
1091 1168 1126 1228 in
1135 1169 1299 1243 regimine
1314 1169 1458 1231 civitatis
1468 1169 1692 1241 succederent,
1702 1169 1779 1230 dicta
1789 1186 1847 1231 sen·

245 1268 368 1337 mento,
395 1265 579 1327 relaxatam
602 1263 813 1326 denuntiaret
839 1266 1038 1329 sententiam
1092 1265 1195 1327 tentia
1210 1266 1415 1338 tenerentur,
1430 1267 1532 1331 outre
1547 1264 1625 1345 (eie)
1641 1266 1847 1331 senwnharnn

246 1360 931 1442 supradictam,quidiligentermandatum
938 1364 1039 1437 Apos-
1092 1361 1257 1425 ullatenus
1270 1362 1462 1434 relaxanda,
1479 1363 1587 1427 wear
1599 1363 1677 1429 dicti
1687 1363 1848 1429 evasuri·

244 1456 1035 1534 toltcmnadimplevitheindequoqueauobis...
1090 1457 1203 1518 tuendi
1219 1457 1357 1535 praelato
1372 1460 1574 1521 monasterio
1591 1459 1847 1537 expensaslep'tt·

245 1558 382 1635 archipr
384 1599 444 1617 .....
465 1554 658 1625 Mutinens,
684 1554 717 1615 et
740 1553 851 1615 abbati
872 1554 914 1615 de
933 1554 1037 1616 Muti·
1091 1551 1294 1634 masmana]
1311 1554 1429 1621 haedo
1443 1554 1849 1623 enmonoceupanti

244 1654 336 1716 liano
348 1657 427 1716 tunc
439 1649 827 1730 priorideoolumnarto,
843 1651 912 1713 et...
926 1650 1037 1712 abbati
1091 1652 1493 1729 temporequeterminus
1507 1654 1849 1730 peremptoriusaucto-
1909 1704 1910 1717 ,

246 1751 361 1825 Sancti
374 1749 546 1811 Benedicti
565 1763 668 1825 supra
690 1746 817 1813 Padum
825 1763 931 1817 causa
946 1764 1039 1815 oom-
1091 1747 1376 1817 ritateaostraeis
1391 1748 1712 1827 iueraiaasignatus.
1725 1748 1850 1815 mansit
1909 1728 1910 1735 ἵ

244 1850 358 1920 missa,
372 1846 473 1909 iidem
500 1861 601 1922 super
622 1844 687 1909 hoc
708 1844 759 1907 eis
779 1844 1036 1923 peremptorium
1087 1845 1492 1924 jeripraaterjuratoriam
1503 1845 1851 1923 pestaneniattanplt·

243 1944 421 2009 terminum
437 1943 662 2018 assignarunt,
677 1956 742 2018 quo
757 1941 825 2003 illis
840 1957 906 2002 non
919 1956 1038 2002 curan·
1090 1943 1431 2009 nariamcautionem.
1441 1943 1506 2007 Sed
1516 1944 1595 2009 lieet
1602 1959 1664 2011 res
1678 1942 1851 2019 ineosjmit

176 2050 186 2073 ²
244 2042 333 2105 tibus
344 2056 456 2104 coram
466 2038 627 2115 delegatis
642 2037 724 2115 ipsis
735 2053 797 2114 per
810 2038 1036 2114 responsalem
1091 2039 1282 2113 mandatum
1301 2041 1453 2111 nonnum
1475 2040 1661 2109 sententias
1686 2039 1850 2117 promerui·

243 2140 400 2205 idoneum
419 2150 623 2212 comparere,
649 2134 801 2211 praedicti
828 2133 973 2209 delegati
996 2133 1037 2195 de
1090 2136 1615 2217 emmanuelem
1626 2135 1853 2205 milenmmlnl
1910 2134 1911 2207 ἶ

244 2236 443 2313 prudentum
457 2233 605 2301 riremm
625 2231 766 2297 coemtio
783 2231 1036 2309 pronuntiantes
1092 2233 1246 2311 stipulam
1258 2234 1480 2311 repulsantes,
1493 2236 1526 2296 et
1540 2235 1694 2311 persuassi
1706 2234 1852 2298 ramniu

244 2334 322 2397 illes
337 2331 488 2393 existere
507 2330 734 2403 contumaees,
760 2343 891 2404 poenam
916 2330 1038 2391 centu·
1090 2329 1854 2407 reciperedisciphnan,adhucinsuaconum·

243 2429 360 2495 macine
374 2426 500 2491 diutius
513 2425 745 2502 prorogarunt
768 2424 831 2487 Sed
845 2424 913 2495 illis
924 2423 961 2487 in
975 2440 1037 2486 sua
1091 2426 1143 2497 cia
1164 2429 1393 2504 perseverant,
1410 2428 1621 2504 aspernando
1636 2430 1743 2493 redire
1756 2427 1792 2488 ad
1808 2441 1853 2487 ec·

244 2520 1036 2600 contumanaperdurantibusdnopradtctuum
1092 2523 1312 2589 ctesiasticam
1348 2526 1520 2593 unitatem.
1554 2528 1594 2589 Ut
1621 2526 1724 2602 igitur
1747 2521 1853 2601 insitis
1911 2568 1912 2583 2

240 2622 403 2700 judicum,
424 2619 522 2682 tertio
543 2620 702 2685 excusato
723 2618 880 2693 legitime,
899 2616 937 2679 in
956 2618 1038 2678 Gre-
1090 2619 1203 2687 vincat
1229 2621 1402 2694 malitiam,
1432 2623 1465 2684 et
1494 2622 1606 2687 acrior
1633 2637 1728 2700 poena
1756 2618 1854 2698 parmi
1910 2666 1912 2683 ς

244 2734 376 2781 menen.
390 2717 523 2779 eosdem
536 2714 890 2779 excommunicationis
903 2715 1038 2779 senten*
1092 2733 1173 2799 qnos
1194 2718 1289 2780 nulla
1307 2719 1502 2795 compunxit
1521 2719 1685 2787 bacinnum
1702 2713 1855 2796 pmoimto,

246 2817 327 2893 tiam
343 2814 564 2893 protulerunt,
580 2829 620 2875 ac
635 2811 841 2889 postmodnm
852 2826 968 2875 eorum
982 2811 1038 2875 du·
1091 2829 1152 2875 nos
1174 2814 1324 2879 eumdem
1344 2814 1496 2881 abbatem
1510 2830 1628 2883 rernm
1647 2812 1855 2879 contituentes

243 2914 354 2977 riiiam
371 2912 592 3007 advertentes,
609 2908 856 2987 possessionem
867 2923 972 2970 causa
987 2907 1037 2971 rei
1090 2910 1268 2988 petitorum
1291 2911 1332 2973 de
1352 2912 1475 2985 caetero
1495 2928 1733 2989 possessorem,
1746 2910 1855 2972 dhare-

244 3009 418 3073 servandae
434 3006 709 3084 adjudicaverunt
729 3005 852 3081 abbati,
876 3005 985 3085 ipsum
1002 3004 1036 3068 in
1090 3007 1174 3077 honi
1189 3008 1308 3073 vostrae
1322 3024 1383 3086 per
1396 3009 1585 3086 apostolica
1599 3010 1724 3087 scripta
1739 3005 1856 3071 mator

244 3124 317 3185 eam
334 3105 552 3185 corporaliter
566 3101 763 3173 inducente
777 3104 810 3164 et
829 3102 878 3165 sic
896 3100 1036 3177 unguis
1090 3104 1313 3180 praecipiendo
1326 3105 1532 3178 mandamus,
1547 3108 1711 3182 quatenus
1721 3099 1855 3182 ipsanio

243 3205 285 3277 de
299 3203 439 3265 consilio
450 3204 674 3265 cremonen„
688 3197 923 3276 praestantibus
940 3201 1038 3279 jura·
1090 3201 1334 3276 possessionem
1344 3217 1459 3265 eorum
1474 3203 1696 3278 corporaliter
1706 3196 1856 3267 inducatis,

242 3302 364 3379 loriam
387 3300 585 3370 cautionem.
610 3297 697 3374 quod
724 3298 851 3368 starent
872 3296 1037 3361 mandatis
1091 3299 1125 3363 et
1146 3297 1330 3360 defendatis
1355 3298 1539 3372 inductum,
1564 3290 1859 3365 contradictoresfl'

244 3393 515 3467 ecclesiastem
533 3391 764 3454 eademcausa
782 3390 852 3468 juri
868 3392 1034 3469 parerent,
1091 3395 1146 3475 qui
1181 3395 1305 3459 luerint
1339 3396 1392 3457 vel
1424 3396 1584 3469 rebelles,
1614 3413 1678 3474 per
1706 3404 1859 3461 comunem

242 3493 393 3559 eamdem
406 3490 605 3553 sententiam
620 3488 826 3557 relaxarunt.
842 3489 948 3567 Quum
970 3502 1036 3553 au·
1091 3491 1362 3567 ecdemasticam,
1379 3493 1509 3557 subiato
1524 3493 1759 3570 appellationis
1771 3488 1859 3553 obsta·

241 3591 310 3657 tem
323 3589 403 3651 dicti
426 3590 621 3649 (homones.
642 3586 718 3662 post
741 3585 884 3665 plurima
905 3583 1038 3645 subter·
1091 3589 1177 3660 culo,
1196 3590 1445 3667 compescendo.
1460 3591 1670 3653 Praenotatas
1693 3591 1788 3654 eham
1809 3599 1859 3647 ox-

244 3686 335 3763 iugia
352 3683 647 3762 pervenerabilem
662 3682 796 3745 tratrem
809 3685 958 3745 nostrum
975 3682 1038 3743 Os-
1091 3687 1401 3753 communicaiionis
1431 3688 1464 3749 et
1495 3687 1667 3751 interdicti
1701 3681 1860 3749 sententias

241 3784 384 3849 tiensem
409 3783 612 3860 episcopum,
627 3781 707 3842 tuuc
733 3779 923 3855 fungentem
944 3777 1038 3854 lega·
1090 3798 1151 3859 per
1164 3783 1238 3844 loca
1252 3784 1288 3846 in
1302 3783 1422 3861 quibus
1436 3783 1595 3861 expedire
1604 3783 1756 3849 videritis
1767 3780 1862 3843 sulm

110 3924 114 3951 .
241 3882 343 3944 tionis
372 3880 483 3943 oiilcio
508 3878 544 3940 in
570 3877 721 3957 partibus
757 3875 975 3948 lombardiae,
994 3874 1037 3937 de
1091 3879 1179 3943 niter
1201 3879 1421 3956 publicantes,
1447 3881 1480 3945 et
1511 3882 1715 3945 renovantes
1739 3875 1861 3943 easdem

243 3978 399 4041 mandato
414 3979 528 4039 nostro
541 3975 645 4045 citati,
666 3973 825 4052 quosdam
842 3973 1038 4050 procurato-
1091 3975 1223 4039 faciatis
1237 3992 1342 4053 usque
1352 3975 1394 4038 ad
1409 3976 1674 4044 satisfactionem
1687 3975 1866 4049 condignam

243 4075 347 4173 resad
358 4077 505 4136 nostram
519 4071 733 4150 praesentiam
747 4069 978 4140 destinassent,
992 4068 1036 4141 el,
1092 4072 1231 4137 tirmiter
1245 4073 1427 4147 obseruari,
1453 4075 1489 4136 et
1510 4074 1694 4141 inhibeatis
1714 4081 1863 4150 expresse.

245 4175 327 4251 ipsis
345 4172 572 4235 inicientibus
595 4185 709 4239 eorum
732 4183 905 4231 commune
926 4166 1037 4245 possi*
1092 4186 1133 4235 na
1159 4170 1274 4249 aliqua
1297 4170 1416 4232 civitas
1444 4186 1644 4249 quemquem
1671 4172 1777 4237 civem
1797 4168 1864 4226 dre·

244 4271 324 4337 dere
342 4269 512 4349 praedicta,
536 4269 643 4329 dicius
667 4266 769 4329 abhas
790 4265 927 4344 paratus
949 4265 1038 4325 esset
1091 4282 1206 4331 mon...
1222 4267 1258 4327 in
1273 4268 1468 4344 potestatem
1488 4268 1866 4340 nunnamenster

220 4432 224 4453 ί
244 4368 398 4447 probare,
414 4366 500 4449 quod
513 4368 710 4427 Cremonen.
736 4364 795 4425 illa
820 4361 1038 4443 possederant
1092 4364 1553 4438 tumendoatretinere.Quod
1565 4366 1594 4426 si
1607 4358 1864 4431 nonomnesttt

244 4468 419 4544 postquam
432 4480 492 4541 per
503 4463 635 4525 eosdem
649 4461 759 4523 iuerat
771 4460 945 4537 spoliatus,
957 4459 1036 4519 tan·
1092 4463 1210 4523 habim
1225 4462 1392 4534 Laterani,
1409 4464 1484 4523 XVI
1501 4462 1665 4529 kalendas
1675 4461 1775 4540 junii,
1794 4468 1866 4536 pon·

244 4564 319 4627 dem
343 4561 501 4624 exhibitis
523 4559 634 4621 abbati
657 4557 815 4636 praedioto
838 4555 958 4625 litteris
973 4555 1039 4617 im·
1091 4558 1237 4623 hilcauts
1250 4560 1357 4627 nostri
1372 4575 1461 4621 anno
1475 4560 1629 4637 septimo.

244 4659 437 4739 perietibus,
450 4673 510 4739 per
522 4672 604 4735 quas
617 4655 678 4717 sub
690 4670 788 4732 poena
800 4654 932 4717 cenhrm
947 4665 1038 4712 mar-

244 4773 360 4823 carum
378 4754 591 4819 inhibebatur
607 4753 726 4823 eidem,
751 4766 795 4811 ne
820 4750 926 4813 dictos
948 4749 1037 4810 ciues

246 4830 346 4934 super
369 4853 423 4915 his
442 4854 479 4917 in
499 4851 572 4913 iero
586 4848 815 4911 ecclesiastico
832 4845 1035 4917 conueniret,
1392 4808 1585 4897 CXXXVI

244 4951 393 5031 petentes
414 4948 480 5011 sibi
503 4947 577 5009 dari
600 4945 762 5016 libellum,
777 4945 811 5011 et
826 4942 979 5005 inducias
995 4941 1037 5003 ad
1092 4949 1324 5011 Adnmertum
1332 4950 1867 5025 montepiscbiapdeburpcuseoe

244 5048 449 5117 redeundum
462 5047 627 5117 Cromen,
642 5038 947 5111 etdeliberandum,
963 5053 1038 5103 cum
1384 5088 1418 5145 li
1483 5087 1489 5100 .

244 5135 1039 5222 sicutpraemissumestdudumipsiuspopulipro-
1431 5088 1501 5146 Μή
1517 5087 1596 5146 lm

245 5240 455 5307 curatoribus
474 5253 549 5300 cum
571 5235 716 5297 induciis
731 5234 771 5295 ad
788 5231 1037 5295 deliberandum
1242 5210 1446 5275 monentem
1457 5209 1568 5276 imperit
1581 5210 1612 5269 ¹¹¹
1624 5223 1650 5274 Ρ·
1661 5209 1733 5274 ⁶⁶³4

244 5329 1038 5410 semel,etsecuntlolibellusoblatus,etreceptus
1093 5319 1128 5375 llt
1142 5315 1274 5374 abbatem
1294 5316 1475 5374 sanctisimi
1495 5317 1655 5375 Pttteflttsst
1675 5317 1707 5373 5¹¹
1727 5310 1869 5390 imit·

245 5436 373 5505 luisset,
401 5433 562 5494 anostra
589 5428 767 5506 presentia
797 5424 1038 5490 contumaciter
1308 5419 1374 5462 ”tm
1386 5402 1526 5463 ¹³⁰¹¹⁰f¹¹ffl
1541 5403 1667 5461 tumt-

247 5531 465 5597 recesserunt.
496 5527 591 5589 Unde
616 5542 676 5588 nos
701 5524 903 5600 nequeuntes
928 5522 976 5582 eis
1002 5520 1037 5581 in
1132 5512 1868 5599 Honoriusepiscopua,serunsseruorumiiet
