<?xml version="1.0" encoding="UTF-8"?>
<!DOCTYPE html PUBLIC "-//W3C//DTD XHTML 1.0 Transitional//EN"
    "http://www.w3.org/TR/xhtml1/DTD/xhtml1-transitional.dtd">
<html xmlns="http://www.w3.org/1999/xhtml" xml:lang="en" lang="en">
 <head>
  <title>
</title>
<meta http-equiv="Content-Type" content="text/html;charset=utf-8" />
  <meta name='ocr-system' content='tesseract 3.04.00' />
  <meta name='ocr-capabilities' content='ocr_page ocr_carea ocr_par ocr_line ocrx_word'/>
</head>
<body>
  <div class='ocr_page' id='page_1' title='image "./mediiaevibiblio04bottgoog_0202.png"; bbox 0 0 3886 6214; ppageno 0'>
   <div class='ocr_carea' id='block_1_1' title="bbox 103 264 1735 362">
    <p class='ocr_par' dir='ltr' id='par_1_1' title="bbox 103 264 1735 362">
     <span class='ocr_line' id='line_1_1' title="bbox 103 264 1735 362; baseline 0.002 -4"><span class='ocrx_word' id='word_1_1' title='bbox 103 294 159 358; x_wconf 80' lang='lat' dir='ltr'>aa</span> <span class='ocrx_word' id='word_1_2' title='bbox 700 264 931 357; x_wconf 74' lang='lat' dir='ltr'>nrrsronm</span> <span class='ocrx_word' id='word_1_3' title='bbox 954 294 1033 359; x_wconf 83' lang='lat' dir='ltr'>um.</span> <span class='ocrx_word' id='word_1_4' title='bbox 1056 294 1128 359; x_wconf 83' lang='lat' dir='ltr'>vu.</span> <span class='ocrx_word' id='word_1_5' title='bbox 1466 357 1468 361; x_wconf 76' lang='grc'>,</span> <span class='ocrx_word' id='word_1_6' title='bbox 1674 300 1735 362; x_wconf 81' lang='lat' dir='ltr'>su</span> 
     </span>
    </p>
   </div>
   <div class='ocr_carea' id='block_1_2' title="bbox 101 450 1742 3843">
    <p class='ocr_par' dir='ltr' id='par_1_2' title="bbox 101 450 1742 3843">
     <span class='ocr_line' id='line_1_2' title="bbox 103 450 1734 539; baseline 0.001 -21"><span class='ocrx_word' id='word_1_7' title='bbox 103 454 169 518; x_wconf 90' lang='lat' dir='ltr'>deri</span> <span class='ocrx_word' id='word_1_8' title='bbox 183 451 328 529; x_wconf 86' lang='lat' dir='ltr'>petebat,</span> <span class='ocrx_word' id='word_1_9' title='bbox 344 466 404 539; x_wconf 84' lang='lat' dir='ltr'>nos</span> <span class='ocrx_word' id='word_1_10' title='bbox 423 464 499 513; x_wconf 86' lang='lat' dir='ltr'>oum</span> <span class='ocrx_word' id='word_1_11' title='bbox 521 454 657 529; x_wconf 89' lang='lat' dir='ltr'>propter</span> <span class='ocrx_word' id='word_1_12' title='bbox 671 455 887 530; x_wconf 87' lang='lat' dir='ltr'>quorumdam</span> <span class='ocrx_word' id='word_1_13' title='bbox 942 456 975 517; x_wconf 85' lang='lat' dir='ltr'>et</span> <span class='ocrx_word' id='word_1_14' title='bbox 988 455 1155 517; x_wconf 84' lang='lat' dir='ltr'>humanas</span> <span class='ocrx_word' id='word_1_15' title='bbox 1173 455 1364 519; x_wconf 67' lang='lat' dir='ltr'>sanationes</span> <span class='ocrx_word' id='word_1_16' title='bbox 1378 450 1511 519; x_wconf 84' lang='lat' dir='ltr'>studeat</span> <span class='ocrx_word' id='word_1_17' title='bbox 1521 464 1734 522; x_wconf 77' lang='lat' dir='ltr'>conseruare.</span> 
     </span>
     <span class='ocr_line' id='line_1_3' title="bbox 102 548 1739 631; baseline 0.002 -16"><span class='ocrx_word' id='word_1_18' title='bbox 102 553 232 615; x_wconf 79' lang='lat' dir='ltr'><strong>fratrum</strong></span> <span class='ocrx_word' id='word_1_19' title='bbox 243 550 430 611; x_wconf 89' lang='lat' dir='ltr'>nostrorum</span> <span class='ocrx_word' id='word_1_20' title='bbox 444 548 628 611; x_wconf 82' lang='lat' dir='ltr'><strong>absentiam</strong></span> <span class='ocrx_word' id='word_1_21' title='bbox 642 551 817 628; x_wconf 84' lang='lat' dir='ltr'>superbos</span> <span class='ocrx_word' id='word_1_22' title='bbox 829 552 889 612; x_wconf 87' lang='lat' dir='ltr'>de-</span> <span class='ocrx_word' id='word_1_23' title='bbox 981 554 1080 614; x_wconf 82' lang='lat' dir='ltr'>Certe</span> <span class='ocrx_word' id='word_1_24' title='bbox 1089 552 1279 629; x_wconf 79' lang='lat' dir='ltr'>ridesquod</span> <span class='ocrx_word' id='word_1_25' title='bbox 1292 555 1349 630; x_wconf 81' lang='lat' dir='ltr'>qiri</span> <span class='ocrx_word' id='word_1_26' title='bbox 1359 550 1739 631; x_wconf 61' lang='lat' dir='ltr'>metensomatosis</span> 
     </span>
     <span class='ocr_line' id='line_1_4' title="bbox 102 647 1736 724; baseline 0.002 -13"><span class='ocrx_word' id='word_1_27' title='bbox 102 650 238 711; x_wconf 84' lang='lat' dir='ltr'>liberare</span> <span class='ocrx_word' id='word_1_28' title='bbox 252 647 399 709; x_wconf 84' lang='lat' dir='ltr'>dualiter</span> <span class='ocrx_word' id='word_1_29' title='bbox 409 662 475 708; x_wconf 90' lang='lat' dir='ltr'>non</span> <span class='ocrx_word' id='word_1_30' title='bbox 490 662 677 724; x_wconf 80' lang='lat' dir='ltr'>possemus,</span> <span class='ocrx_word' id='word_1_31' title='bbox 692 648 831 711; x_wconf 79' lang='lat' dir='ltr'><strong>fecimus</strong></span> <span class='ocrx_word' id='word_1_32' title='bbox 846 649 887 711; x_wconf 91' lang='lat' dir='ltr'>ad</span> <span class='ocrx_word' id='word_1_33' title='bbox 942 664 1002 710; x_wconf 91' lang='lat' dir='ltr'>sua</span> <span class='ocrx_word' id='word_1_34' title='bbox 1015 662 1105 710; x_wconf 82' lang='lat' dir='ltr'>oseca</span> <span class='ocrx_word' id='word_1_35' title='bbox 1118 650 1298 712; x_wconf 80' lang='lat' dir='ltr'>ambitione</span> <span class='ocrx_word' id='word_1_36' title='bbox 1311 650 1483 724; x_wconf 82' lang='lat' dir='ltr'>falluntur,</span> <span class='ocrx_word' id='word_1_37' title='bbox 1499 653 1557 713; x_wconf 84' lang='lat' dir='ltr'>aut</span> <span class='ocrx_word' id='word_1_38' title='bbox 1568 653 1736 715; x_wconf 84' lang='lat' dir='ltr'>malitiose</span> 
     </span>
     <span class='ocr_line' id='line_1_5' title="bbox 101 742 1732 824; baseline 0 -14"><span class='ocrx_word' id='word_1_39' title='bbox 101 749 132 810; x_wconf 92' lang='lat' dir='ltr'>te</span> <span class='ocrx_word' id='word_1_40' title='bbox 162 744 357 807; x_wconf 85' lang='lat' dir='ltr'>deserendas</span> <span class='ocrx_word' id='word_1_41' title='bbox 392 744 466 805; x_wconf 89' lang='lat' dir='ltr'>deri</span> <span class='ocrx_word' id='word_1_42' title='bbox 500 745 640 817; x_wconf 78' lang='lat' dir='ltr'>litteras,</span> <span class='ocrx_word' id='word_1_43' title='bbox 666 747 781 823; x_wconf 82' lang='lat' dir='ltr'>quales</span> <span class='ocrx_word' id='word_1_44' title='bbox 808 747 888 809; x_wconf 90' lang='lat' dir='ltr'>tunc</span> <span class='ocrx_word' id='word_1_45' title='bbox 941 742 1156 818; x_wconf 69' lang='lat' dir='ltr'>sororiantes</span> <span class='ocrx_word' id='word_1_46' title='bbox 1167 761 1340 824; x_wconf 69' lang='lat' dir='ltr'>gressuum</span> <span class='ocrx_word' id='word_1_47' title='bbox 1355 749 1487 810; x_wconf 88' lang='lat' dir='ltr'>tuorum</span> <span class='ocrx_word' id='word_1_48' title='bbox 1501 750 1574 811; x_wconf 82' lang='lat' dir='ltr'>vias</span> <span class='ocrx_word' id='word_1_49' title='bbox 1589 749 1732 811; x_wconf 80' lang='lat' dir='ltr'>iraudu-</span> 
     </span>
     <span class='ocr_line' id='line_1_6' title="bbox 102 841 1734 920; baseline 0.001 -14"><span class='ocrx_word' id='word_1_50' title='bbox 102 844 236 907; x_wconf 76' lang='lat' dir='ltr'>uidimus</span> <span class='ocrx_word' id='word_1_51' title='bbox 261 841 444 903; x_wconf 84' lang='lat' dir='ltr'>faciendas.</span> <span class='ocrx_word' id='word_1_52' title='bbox 471 843 535 903; x_wconf 85' lang='lat' dir='ltr'>Sed</span> <span class='ocrx_word' id='word_1_53' title='bbox 557 843 664 905; x_wconf 87' lang='lat' dir='ltr'>dictus</span> <span class='ocrx_word' id='word_1_54' title='bbox 679 844 785 920; x_wconf 84' lang='lat' dir='ltr'>judex</span> <span class='ocrx_word' id='word_1_55' title='bbox 800 845 841 905; x_wconf 90' lang='lat' dir='ltr'>ad</span> <span class='ocrx_word' id='word_1_56' title='bbox 854 847 887 906; x_wconf 90' lang='lat' dir='ltr'>te</span> <span class='ocrx_word' id='word_1_57' title='bbox 941 842 1040 903; x_wconf 88' lang='lat' dir='ltr'>lentis</span> <span class='ocrx_word' id='word_1_58' title='bbox 1048 842 1212 919; x_wconf 84' lang='lat' dir='ltr'>dissipare</span> <span class='ocrx_word' id='word_1_59' title='bbox 1223 845 1373 906; x_wconf 89' lang='lat' dir='ltr'>consiliis</span> <span class='ocrx_word' id='word_1_60' title='bbox 1384 847 1418 907; x_wconf 89' lang='lat' dir='ltr'>et</span> <span class='ocrx_word' id='word_1_61' title='bbox 1429 845 1734 907; x_wconf 79' lang='lat' dir='ltr'>machinationibus</span> 
     </span>
     <span class='ocr_line' id='line_1_7' title="bbox 103 939 1738 1020; baseline 0.001 -17"><span class='ocrx_word' id='word_1_62' title='bbox 103 942 172 1003; x_wconf 89' lang='lat' dir='ltr'>illas</span> <span class='ocrx_word' id='word_1_63' title='bbox 186 939 316 1001; x_wconf 79' lang='lat' dir='ltr'>deferre</span> <span class='ocrx_word' id='word_1_64' title='bbox 330 954 503 1011; x_wconf 80' lang='lat' dir='ltr'>recusans,</span> <span class='ocrx_word' id='word_1_65' title='bbox 526 941 731 1002; x_wconf 89' lang='lat' dir='ltr'>audientiam</span> <span class='ocrx_word' id='word_1_66' title='bbox 753 956 772 1002; x_wconf 92' lang='lat' dir='ltr'>a</span> <span class='ocrx_word' id='word_1_67' title='bbox 791 940 886 1003; x_wconf 89' lang='lat' dir='ltr'>nobis</span> <span class='ocrx_word' id='word_1_68' title='bbox 941 940 1056 1016; x_wconf 78' lang='lat' dir='ltr'>pratis</span> <span class='ocrx_word' id='word_1_69' title='bbox 1081 940 1275 1003; x_wconf 79' lang='lat' dir='ltr'>subvertere</span> <span class='ocrx_word' id='word_1_70' title='bbox 1294 942 1486 1017; x_wconf 76' lang='lat' dir='ltr'>moliuntur.</span> <span class='ocrx_word' id='word_1_71' title='bbox 1500 940 1621 1004; x_wconf 75' lang='lat' dir='ltr'>Videre</span> <span class='ocrx_word' id='word_1_72' title='bbox 1640 944 1738 1020; x_wconf 85' lang='lat' dir='ltr'>potes</span> 
     </span>
     <span class='ocr_line' id='line_1_8' title="bbox 104 1037 1738 1116; baseline 0.001 -15"><span class='ocrx_word' id='word_1_73' title='bbox 104 1041 132 1101; x_wconf 90' lang='lat' dir='ltr'>et</span> <span class='ocrx_word' id='word_1_74' title='bbox 151 1037 306 1099; x_wconf 88' lang='lat' dir='ltr'>iratribus</span> <span class='ocrx_word' id='word_1_75' title='bbox 327 1037 452 1098; x_wconf 90' lang='lat' dir='ltr'>nostris</span> <span class='ocrx_word' id='word_1_76' title='bbox 472 1037 567 1113; x_wconf 90' lang='lat' dir='ltr'>petiit</span> <span class='ocrx_word' id='word_1_77' title='bbox 586 1037 651 1098; x_wconf 92' lang='lat' dir='ltr'>sibi</span> <span class='ocrx_word' id='word_1_78' title='bbox 668 1038 760 1114; x_wconf 89' lang='lat' dir='ltr'>dari;</span> <span class='ocrx_word' id='word_1_79' title='bbox 776 1055 840 1116; x_wconf 90' lang='lat' dir='ltr'>qua</span> <span class='ocrx_word' id='word_1_80' title='bbox 854 1038 887 1100; x_wconf 92' lang='lat' dir='ltr'>ei</span> <span class='ocrx_word' id='word_1_81' title='bbox 941 1037 1041 1098; x_wconf 87' lang='lat' dir='ltr'>etiam</span> <span class='ocrx_word' id='word_1_82' title='bbox 1067 1050 1165 1114; x_wconf 87' lang='lat' dir='ltr'>quam</span> <span class='ocrx_word' id='word_1_83' title='bbox 1194 1038 1326 1100; x_wconf 85' lang='lat' dir='ltr'>sincero</span> <span class='ocrx_word' id='word_1_84' title='bbox 1350 1050 1516 1116; x_wconf 77' lang='lat' dir='ltr'>quamque</span> <span class='ocrx_word' id='word_1_85' title='bbox 1536 1041 1677 1116; x_wconf 88' lang='lat' dir='ltr'>paterno</span> <span class='ocrx_word' id='word_1_86' title='bbox 1699 1041 1738 1103; x_wconf 86' lang='lat' dir='ltr'>te</span> 
     </span>
     <span class='ocr_line' id='line_1_9' title="bbox 103 1133 1735 1213; baseline 0.001 -16"><span class='ocrx_word' id='word_1_87' title='bbox 103 1136 234 1210; x_wconf 79' lang='lat' dir='ltr'>benigne</span> <span class='ocrx_word' id='word_1_88' title='bbox 248 1148 419 1206; x_wconf 89' lang='lat' dir='ltr'>concessa,</span> <span class='ocrx_word' id='word_1_89' title='bbox 436 1133 538 1195; x_wconf 85' lang='lat' dir='ltr'>rerba</span> <span class='ocrx_word' id='word_1_90' title='bbox 551 1135 701 1212; x_wconf 85' lang='lat' dir='ltr'>quaedam</span> <span class='ocrx_word' id='word_1_91' title='bbox 716 1136 888 1213; x_wconf 76' lang='lat' dir='ltr'>proposuit</span> <span class='ocrx_word' id='word_1_92' title='bbox 941 1134 1089 1195; x_wconf 69' lang='lat' dir='ltr'>amemur</span> <span class='ocrx_word' id='word_1_93' title='bbox 1112 1135 1246 1204; x_wconf 76' lang='lat' dir='ltr'>adiectu,</span> <span class='ocrx_word' id='word_1_94' title='bbox 1268 1136 1323 1213; x_wconf 86' lang='lat' dir='ltr'>qul</span> <span class='ocrx_word' id='word_1_95' title='bbox 1347 1150 1414 1197; x_wconf 86' lang='lat' dir='ltr'>nou</span> <span class='ocrx_word' id='word_1_96' title='bbox 1429 1134 1536 1198; x_wconf 70' lang='lat' dir='ltr'>smum</span> <span class='ocrx_word' id='word_1_97' title='bbox 1554 1136 1735 1199; x_wconf 76' lang='lat' dir='ltr'>verborum</span> 
     </span>
     <span class='ocr_line' id='line_1_10' title="bbox 104 1231 1734 1312; baseline -0.001 -17"><span class='ocrx_word' id='word_1_98' title='bbox 104 1249 121 1295; x_wconf 91' lang='lat' dir='ltr'>a</span> <span class='ocrx_word' id='word_1_99' title='bbox 139 1234 172 1294; x_wconf 92' lang='lat' dir='ltr'>te</span> <span class='ocrx_word' id='word_1_100' title='bbox 188 1231 262 1303; x_wconf 89' lang='lat' dir='ltr'>sibi,</span> <span class='ocrx_word' id='word_1_101' title='bbox 288 1232 386 1310; x_wconf 89' lang='lat' dir='ltr'>prout</span> <span class='ocrx_word' id='word_1_102' title='bbox 414 1231 559 1310; x_wconf 86' lang='lat' dir='ltr'>dicebat,</span> <span class='ocrx_word' id='word_1_103' title='bbox 583 1233 745 1310; x_wconf 86' lang='lat' dir='ltr'>injuncta,</span> <span class='ocrx_word' id='word_1_104' title='bbox 761 1234 796 1294; x_wconf 90' lang='lat' dir='ltr'>in</span> <span class='ocrx_word' id='word_1_105' title='bbox 814 1248 887 1312; x_wconf 83' lang='lat' dir='ltr'>quae</span> <span class='ocrx_word' id='word_1_106' title='bbox 941 1231 1734 1310; x_wconf 76' lang='lat' dir='ltr'>tuorumlnjuriampatienteraocipimus,rerum</span> 
     </span>
     <span class='ocr_line' id='line_1_11' title="bbox 104 1326 1733 1409; baseline -0.002 -14"><span class='ocrx_word' id='word_1_107' title='bbox 104 1332 154 1395; x_wconf 83' lang='lat' dir='ltr'>tua</span> <span class='ocrx_word' id='word_1_108' title='bbox 166 1346 230 1392; x_wconf 91' lang='lat' dir='ltr'>non</span> <span class='ocrx_word' id='word_1_109' title='bbox 248 1326 417 1392; x_wconf 82' lang='lat' dir='ltr'>debuisset</span> <span class='ocrx_word' id='word_1_110' title='bbox 429 1344 644 1408; x_wconf 88' lang='lat' dir='ltr'>prorumpere</span> <span class='ocrx_word' id='word_1_111' title='bbox 666 1331 889 1409; x_wconf 88' lang='lat' dir='ltr'>circumspec·</span> <span class='ocrx_word' id='word_1_112' title='bbox 942 1329 1044 1390; x_wconf 73' lang='lat' dir='ltr'>edam</span> <span class='ocrx_word' id='word_1_113' title='bbox 1058 1330 1173 1391; x_wconf 86' lang='lat' dir='ltr'>eontra</span> <span class='ocrx_word' id='word_1_114' title='bbox 1191 1344 1252 1391; x_wconf 85' lang='lat' dir='ltr'>nos</span> <span class='ocrx_word' id='word_1_115' title='bbox 1271 1331 1307 1392; x_wconf 88' lang='lat' dir='ltr'>te</span> <span class='ocrx_word' id='word_1_116' title='bbox 1327 1326 1733 1408; x_wconf 68' lang='lat' dir='ltr'>quodammodopraemu-</span> 
     </span>
     <span class='ocr_line' id='line_1_12' title="bbox 103 1424 1735 1507; baseline -0.002 -16"><span class='ocrx_word' id='word_1_117' title='bbox 103 1430 154 1502; x_wconf 89' lang='lat' dir='ltr'>tio,</span> <span class='ocrx_word' id='word_1_118' title='bbox 169 1428 300 1490; x_wconf 90' lang='lat' dir='ltr'>etiamsi</span> <span class='ocrx_word' id='word_1_119' title='bbox 315 1442 488 1504; x_wconf 80' lang='lat' dir='ltr'>gravema</span> <span class='ocrx_word' id='word_1_120' title='bbox 509 1428 605 1490; x_wconf 90' lang='lat' dir='ltr'>nobis</span> <span class='ocrx_word' id='word_1_121' title='bbox 631 1429 790 1507; x_wconf 77' lang='lat' dir='ltr'>injuriam</span> <span class='ocrx_word' id='word_1_122' title='bbox 810 1445 888 1507; x_wconf 87' lang='lat' dir='ltr'>per·</span> <span class='ocrx_word' id='word_1_123' title='bbox 942 1426 1062 1499; x_wconf 84' lang='lat' dir='ltr'>nimus,</span> <span class='ocrx_word' id='word_1_124' title='bbox 1084 1424 1161 1488; x_wconf 90' lang='lat' dir='ltr'>dum</span> <span class='ocrx_word' id='word_1_125' title='bbox 1188 1424 1423 1489; x_wconf 74' lang='lat' dir='ltr'>dissuademus</span> <span class='ocrx_word' id='word_1_126' title='bbox 1436 1428 1472 1490; x_wconf 85' lang='lat' dir='ltr'>ta</span> <span class='ocrx_word' id='word_1_127' title='bbox 1491 1436 1625 1489; x_wconf 84' lang='lat' dir='ltr'>oausam</span> <span class='ocrx_word' id='word_1_128' title='bbox 1640 1428 1735 1505; x_wconf 82' lang='lat' dir='ltr'>illam</span> 
     </span>
     <span class='ocr_line' id='line_1_13' title="bbox 104 1525 1741 1604; baseline -0.002 -14"><span class='ocrx_word' id='word_1_129' title='bbox 104 1526 236 1590; x_wconf 77' lang='lat' dir='ltr'>tulisset.</span> <span class='ocrx_word' id='word_1_130' title='bbox 258 1526 351 1588; x_wconf 82' lang='lat' dir='ltr'>Dixit</span> <span class='ocrx_word' id='word_1_131' title='bbox 375 1526 465 1587; x_wconf 89' lang='lat' dir='ltr'>onim</span> <span class='ocrx_word' id='word_1_132' title='bbox 489 1542 551 1586; x_wconf 87' lang='lat' dir='ltr'>nos</span> <span class='ocrx_word' id='word_1_133' title='bbox 575 1525 887 1604; x_wconf 84' lang='lat' dir='ltr'>tibiprotectionem</span> <span class='ocrx_word' id='word_1_134' title='bbox 942 1538 1123 1596; x_wconf 83' lang='lat' dir='ltr'>assumere,</span> <span class='ocrx_word' id='word_1_135' title='bbox 1134 1538 1177 1586; x_wconf 82' lang='lat' dir='ltr'>en</span> <span class='ocrx_word' id='word_1_136' title='bbox 1189 1539 1253 1602; x_wconf 76' lang='lat' dir='ltr'>oua</span> <span class='ocrx_word' id='word_1_137' title='bbox 1266 1538 1380 1602; x_wconf 84' lang='lat' dir='ltr'>posses</span> <span class='ocrx_word' id='word_1_138' title='bbox 1390 1526 1486 1602; x_wconf 81' lang='lat' dir='ltr'>quasi</span> <span class='ocrx_word' id='word_1_139' title='bbox 1501 1525 1741 1587; x_wconf 83' lang='lat' dir='ltr'>eommunein-</span> 
     </span>
     <span class='ocr_line' id='line_1_14' title="bbox 105 1622 1742 1700; baseline 0.001 -16"><span class='ocrx_word' id='word_1_140' title='bbox 105 1622 234 1690; x_wconf 86' lang='lat' dir='ltr'>dedisse,</span> <span class='ocrx_word' id='word_1_141' title='bbox 251 1638 327 1699; x_wconf 81' lang='lat' dir='ltr'>quae</span> <span class='ocrx_word' id='word_1_142' title='bbox 350 1638 420 1685; x_wconf 90' lang='lat' dir='ltr'>non</span> <span class='ocrx_word' id='word_1_143' title='bbox 444 1623 517 1685; x_wconf 87' lang='lat' dir='ltr'>erat</span> <span class='ocrx_word' id='word_1_144' title='bbox 534 1625 707 1700; x_wconf 78' lang='lat' dir='ltr'>protectm,</span> <span class='ocrx_word' id='word_1_145' title='bbox 732 1625 790 1686; x_wconf 88' lang='lat' dir='ltr'>sed</span> <span class='ocrx_word' id='word_1_146' title='bbox 812 1625 889 1687; x_wconf 78' lang='lat' dir='ltr'>des-</span> <span class='ocrx_word' id='word_1_147' title='bbox 942 1622 1674 1700; x_wconf 74' lang='lat' dir='ltr'>currereediumsedeaaostolioaeneadem</span> <span class='ocrx_word' id='word_1_148' title='bbox 1689 1622 1742 1685; x_wconf 83' lang='lat' dir='ltr'>fa·</span> 
     </span>
     <span class='ocr_line' id='line_1_15' title="bbox 105 1716 1737 1800; baseline 0 -18"><span class='ocrx_word' id='word_1_149' title='bbox 105 1720 214 1782; x_wconf 76' lang='lat' dir='ltr'>aucus</span> <span class='ocrx_word' id='word_1_150' title='bbox 236 1720 349 1798; x_wconf 85' lang='lat' dir='ltr'>potius</span> <span class='ocrx_word' id='word_1_151' title='bbox 370 1720 583 1797; x_wconf 85' lang='lat' dir='ltr'>appellanda,</span> <span class='ocrx_word' id='word_1_152' title='bbox 602 1721 714 1800; x_wconf 85' lang='lat' dir='ltr'>utpote</span> <span class='ocrx_word' id='word_1_153' title='bbox 734 1721 886 1795; x_wconf 89' lang='lat' dir='ltr'>tendens,</span> <span class='ocrx_word' id='word_1_154' title='bbox 941 1732 1055 1781; x_wconf 84' lang='lat' dir='ltr'>rorem</span> <span class='ocrx_word' id='word_1_155' title='bbox 1069 1716 1249 1796; x_wconf 86' lang='lat' dir='ltr'>plurimum</span> <span class='ocrx_word' id='word_1_156' title='bbox 1261 1720 1470 1799; x_wconf 76' lang='lat' dir='ltr'>assequente.</span> <span class='ocrx_word' id='word_1_157' title='bbox 1486 1722 1553 1781; x_wconf 77' lang='lat' dir='ltr'>dur</span> <span class='ocrx_word' id='word_1_158' title='bbox 1566 1721 1737 1782; x_wconf 69' lang='lat' dir='ltr'>animnos</span> 
     </span>
     <span class='ocr_line' id='line_1_16' title="bbox 105 1815 1739 1899; baseline 0 -21"><span class='ocrx_word' id='word_1_159' title='bbox 105 1818 192 1896; x_wconf 92' lang='lat' dir='ltr'>prout</span> <span class='ocrx_word' id='word_1_160' title='bbox 207 1817 295 1879; x_wconf 91' lang='lat' dir='ltr'>idem</span> <span class='ocrx_word' id='word_1_161' title='bbox 310 1816 497 1890; x_wconf 88' lang='lat' dir='ltr'>subintulit,</span> <span class='ocrx_word' id='word_1_162' title='bbox 512 1817 556 1879; x_wconf 81' lang='lat' dir='ltr'>ad</span> <span class='ocrx_word' id='word_1_163' title='bbox 570 1833 721 1895; x_wconf 72' lang='lat' dir='ltr'>pmsonae</span> <span class='ocrx_word' id='word_1_164' title='bbox 734 1821 800 1883; x_wconf 89' lang='lat' dir='ltr'>tuae</span> <span class='ocrx_word' id='word_1_165' title='bbox 811 1834 889 1899; x_wconf 89' lang='lat' dir='ltr'>per-</span> <span class='ocrx_word' id='word_1_166' title='bbox 942 1815 1169 1878; x_wconf 83' lang='lat' dir='ltr'>obtineblmus</span> <span class='ocrx_word' id='word_1_167' title='bbox 1191 1817 1285 1878; x_wconf 86' lang='lat' dir='ltr'>illam</span> <span class='ocrx_word' id='word_1_168' title='bbox 1305 1816 1570 1895; x_wconf 84' lang='lat' dir='ltr'>jurisdictionem</span> <span class='ocrx_word' id='word_1_169' title='bbox 1592 1817 1647 1880; x_wconf 75' lang='lat' dir='ltr'>vel</span> <span class='ocrx_word' id='word_1_170' title='bbox 1672 1832 1739 1894; x_wconf 86' lang='lat' dir='ltr'>po-</span> 
     </span>
     <span class='ocr_line' id='line_1_17' title="bbox 107 1913 1733 1996; baseline 0 -20"><span class='ocrx_word' id='word_1_171' title='bbox 107 1914 253 1976; x_wconf 86' lang='lat' dir='ltr'>ditionem</span> <span class='ocrx_word' id='word_1_172' title='bbox 263 1914 298 1975; x_wconf 87' lang='lat' dir='ltr'>et</span> <span class='ocrx_word' id='word_1_173' title='bbox 311 1915 418 1990; x_wconf 75' lang='lat' dir='ltr'>regni.</span> <span class='ocrx_word' id='word_1_174' title='bbox 430 1914 469 1976; x_wconf 83' lang='lat' dir='ltr'>nt</span> <span class='ocrx_word' id='word_1_175' title='bbox 486 1913 611 1993; x_wconf 86' lang='lat' dir='ltr'>adjecit</span> <span class='ocrx_word' id='word_1_176' title='bbox 623 1917 722 1994; x_wconf 77' lang='lat' dir='ltr'>quod,</span> <span class='ocrx_word' id='word_1_177' title='bbox 737 1918 889 1996; x_wconf 89' lang='lat' dir='ltr'>quando·</span> <span class='ocrx_word' id='word_1_178' title='bbox 941 1914 1094 1975; x_wconf 87' lang='lat' dir='ltr'>testatem</span> <span class='ocrx_word' id='word_1_179' title='bbox 1108 1915 1143 1975; x_wconf 89' lang='lat' dir='ltr'>in</span> <span class='ocrx_word' id='word_1_180' title='bbox 1157 1928 1262 1991; x_wconf 81' lang='lat' dir='ltr'>regno</span> <span class='ocrx_word' id='word_1_181' title='bbox 1280 1915 1403 1977; x_wconf 81' lang='lat' dir='ltr'>Siciliae</span> <span class='ocrx_word' id='word_1_182' title='bbox 1418 1928 1516 1992; x_wconf 82' lang='lat' dir='ltr'>quam</span> <span class='ocrx_word' id='word_1_183' title='bbox 1528 1915 1564 1975; x_wconf 89' lang='lat' dir='ltr'>in</span> <span class='ocrx_word' id='word_1_184' title='bbox 1579 1913 1733 1988; x_wconf 77' lang='lat' dir='ltr'>Francia,</span> 
     </span>
     <span class='ocr_line' id='line_1_18' title="bbox 106 2010 1735 2092; baseline 0.001 -19"><span class='ocrx_word' id='word_1_185' title='bbox 106 2012 224 2089; x_wconf 80' lang='lat' dir='ltr'>quidam</span> <span class='ocrx_word' id='word_1_186' title='bbox 238 2010 434 2073; x_wconf 86' lang='lat' dir='ltr'>nolebamus</span> <span class='ocrx_word' id='word_1_187' title='bbox 447 2013 509 2073; x_wconf 87' lang='lat' dir='ltr'>ate</span> <span class='ocrx_word' id='word_1_188' title='bbox 524 2012 714 2076; x_wconf 85' lang='lat' dir='ltr'>nominatos</span> <span class='ocrx_word' id='word_1_189' title='bbox 724 2013 887 2092; x_wconf 91' lang='lat' dir='ltr'>recipere,</span> <span class='ocrx_word' id='word_1_190' title='bbox 942 2012 1073 2087; x_wconf 78' lang='lat' dir='ltr'>Augila,</span> <span class='ocrx_word' id='word_1_191' title='bbox 1090 2012 1252 2089; x_wconf 84' lang='lat' dir='ltr'>Hispania</span> <span class='ocrx_word' id='word_1_192' title='bbox 1264 2024 1306 2073; x_wconf 87' lang='lat' dir='ltr'>ac</span> <span class='ocrx_word' id='word_1_193' title='bbox 1320 2015 1515 2075; x_wconf 73' lang='lat' dir='ltr'>ceterorum</span> <span class='ocrx_word' id='word_1_194' title='bbox 1528 2012 1735 2074; x_wconf 78' lang='lat' dir='ltr'>christiano-</span> 
     </span>
     <span class='ocr_line' id='line_1_19' title="bbox 106 2108 1736 2187; baseline 0.001 -17"><span class='ocrx_word' id='word_1_195' title='bbox 106 2109 201 2171; x_wconf 90' lang='lat' dir='ltr'>nullos</span> <span class='ocrx_word' id='word_1_196' title='bbox 228 2110 270 2170; x_wconf 87' lang='lat' dir='ltr'>ad</span> <span class='ocrx_word' id='word_1_197' title='bbox 295 2108 453 2186; x_wconf 82' lang='lat' dir='ltr'>praelataa</span> <span class='ocrx_word' id='word_1_198' title='bbox 483 2109 689 2172; x_wconf 85' lang='lat' dir='ltr'>mitteremus</span> <span class='ocrx_word' id='word_1_199' title='bbox 714 2113 887 2185; x_wconf 83' lang='lat' dir='ltr'>ecclesias,</span> <span class='ocrx_word' id='word_1_200' title='bbox 942 2122 1015 2168; x_wconf 87' lang='lat' dir='ltr'>rum</span> <span class='ocrx_word' id='word_1_201' title='bbox 1026 2108 1138 2185; x_wconf 77' lang='lat' dir='ltr'>regnis</span> <span class='ocrx_word' id='word_1_202' title='bbox 1151 2124 1191 2171; x_wconf 88' lang='lat' dir='ltr'>ao</span> <span class='ocrx_word' id='word_1_203' title='bbox 1204 2109 1241 2170; x_wconf 92' lang='lat' dir='ltr'>in</span> <span class='ocrx_word' id='word_1_204' title='bbox 1256 2110 1329 2187; x_wconf 91' lang='lat' dir='ltr'>ipso</span> <span class='ocrx_word' id='word_1_205' title='bbox 1342 2109 1481 2186; x_wconf 91' lang='lat' dir='ltr'>imperio</span> <span class='ocrx_word' id='word_1_206' title='bbox 1494 2110 1662 2171; x_wconf 90' lang='lat' dir='ltr'>noscimur</span> <span class='ocrx_word' id='word_1_207' title='bbox 1674 2108 1736 2171; x_wconf 89' lang='lat' dir='ltr'>ob·</span> 
     </span>
     <span class='ocr_line' id='line_1_20' title="bbox 106 2206 1734 2286; baseline 0.001 -20"><span class='ocrx_word' id='word_1_208' title='bbox 106 2206 172 2283; x_wconf 81' lang='lat' dir='ltr'>qttia</span> <span class='ocrx_word' id='word_1_209' title='bbox 184 2220 248 2267; x_wconf 91' lang='lat' dir='ltr'>non</span> <span class='ocrx_word' id='word_1_210' title='bbox 262 2206 432 2282; x_wconf 84' lang='lat' dir='ltr'>reciperes</span> <span class='ocrx_word' id='word_1_211' title='bbox 445 2206 575 2283; x_wconf 86' lang='lat' dir='ltr'>aliquos</span> <span class='ocrx_word' id='word_1_212' title='bbox 590 2224 653 2269; x_wconf 90' lang='lat' dir='ltr'>nec</span> <span class='ocrx_word' id='word_1_213' title='bbox 661 2209 766 2286; x_wconf 88' lang='lat' dir='ltr'>recipi</span> <span class='ocrx_word' id='word_1_214' title='bbox 781 2209 886 2272; x_wconf 85' lang='lat' dir='ltr'>suati-</span> <span class='ocrx_word' id='word_1_215' title='bbox 940 2206 1066 2268; x_wconf 88' lang='lat' dir='ltr'>tinerei</span> <span class='ocrx_word' id='word_1_216' title='bbox 1076 2206 1241 2284; x_wconf 80' lang='lat' dir='ltr'>Numquid</span> <span class='ocrx_word' id='word_1_217' title='bbox 1254 2206 1288 2267; x_wconf 90' lang='lat' dir='ltr'>in</span> <span class='ocrx_word' id='word_1_218' title='bbox 1299 2223 1403 2283; x_wconf 84' lang='lat' dir='ltr'>regno</span> <span class='ocrx_word' id='word_1_219' title='bbox 1412 2207 1535 2269; x_wconf 80' lang='lat' dir='ltr'>sicilia</span> <span class='ocrx_word' id='word_1_220' title='bbox 1547 2207 1656 2269; x_wconf 87' lang='lat' dir='ltr'>minus</span> <span class='ocrx_word' id='word_1_221' title='bbox 1669 2222 1734 2284; x_wconf 90' lang='lat' dir='ltr'>po-</span> 
     </span>
     <span class='ocr_line' id='line_1_21' title="bbox 106 2302 1733 2383; baseline 0 -19"><span class='ocrx_word' id='word_1_222' title='bbox 106 2318 222 2365; x_wconf 86' lang='lat' dir='ltr'>neresa</span> <span class='ocrx_word' id='word_1_223' title='bbox 237 2302 336 2365; x_wconf 88' lang='lat' dir='ltr'>nobis</span> <span class='ocrx_word' id='word_1_224' title='bbox 353 2303 395 2363; x_wconf 92' lang='lat' dir='ltr'>ad</span> <span class='ocrx_word' id='word_1_225' title='bbox 409 2303 502 2380; x_wconf 86' lang='lat' dir='ltr'>ipsas</span> <span class='ocrx_word' id='word_1_226' title='bbox 519 2304 680 2366; x_wconf 88' lang='lat' dir='ltr'>ecclesias</span> <span class='ocrx_word' id='word_1_227' title='bbox 692 2306 885 2368; x_wconf 89' lang='lat' dir='ltr'>destinatos.</span> <span class='ocrx_word' id='word_1_228' title='bbox 940 2302 1071 2365; x_wconf 87' lang='lat' dir='ltr'>testatis</span> <span class='ocrx_word' id='word_1_229' title='bbox 1086 2304 1145 2365; x_wconf 90' lang='lat' dir='ltr'>aut</span> <span class='ocrx_word' id='word_1_230' title='bbox 1161 2304 1367 2366; x_wconf 89' lang='lat' dir='ltr'>auctoritatis</span> <span class='ocrx_word' id='word_1_231' title='bbox 1383 2304 1590 2383; x_wconf 80' lang='lat' dir='ltr'>habebimus,</span> <span class='ocrx_word' id='word_1_232' title='bbox 1605 2304 1683 2381; x_wconf 88' lang='lat' dir='ltr'>quia</span> <span class='ocrx_word' id='word_1_233' title='bbox 1696 2303 1733 2364; x_wconf 92' lang='lat' dir='ltr'>in</span> 
     </span>
     <span class='ocr_line' id='line_1_22' title="bbox 106 2400 1733 2481; baseline 0.001 -20"><span class='ocrx_word' id='word_1_234' title='bbox 106 2400 238 2478; x_wconf 84' lang='lat' dir='ltr'>Denique</span> <span class='ocrx_word' id='word_1_235' title='bbox 274 2400 403 2463; x_wconf 77' lang='lat' dir='ltr'>ansuis</span> <span class='ocrx_word' id='word_1_236' title='bbox 428 2402 482 2462; x_wconf 91' lang='lat' dir='ltr'>est</span> <span class='ocrx_word' id='word_1_237' title='bbox 512 2402 650 2464; x_wconf 83' lang='lat' dir='ltr'>auribus</span> <span class='ocrx_word' id='word_1_238' title='bbox 680 2402 887 2481; x_wconf 84' lang='lat' dir='ltr'>postmodum</span> <span class='ocrx_word' id='word_1_239' title='bbox 942 2415 981 2462; x_wconf 91' lang='lat' dir='ltr'>eo</span> <span class='ocrx_word' id='word_1_240' title='bbox 995 2401 1408 2478; x_wconf 78' lang='lat' dir='ltr'>tanquaminApostolicae</span> <span class='ocrx_word' id='word_1_241' title='bbox 1423 2402 1518 2464; x_wconf 87' lang='lat' dir='ltr'>sedis</span> <span class='ocrx_word' id='word_1_242' title='bbox 1533 2401 1733 2479; x_wconf 90' lang='lat' dir='ltr'>patrimonio</span> 
     </span>
     <span class='ocr_line' id='line_1_23' title="bbox 106 2494 1734 2577; baseline 0.001 -20"><span class='ocrx_word' id='word_1_243' title='bbox 106 2496 276 2559; x_wconf 86' lang='lat' dir='ltr'>intimatum</span> <span class='ocrx_word' id='word_1_244' title='bbox 310 2500 345 2560; x_wconf 91' lang='lat' dir='ltr'>te</span> <span class='ocrx_word' id='word_1_245' title='bbox 379 2499 561 2576; x_wconf 80' lang='lat' dir='ltr'>(lapsania,</span> <span class='ocrx_word' id='word_1_246' title='bbox 600 2499 821 2563; x_wconf 75' lang='lat' dir='ltr'>salernitanis</span> <span class='ocrx_word' id='word_1_247' title='bbox 854 2503 889 2564; x_wconf 89' lang='lat' dir='ltr'>et</span> <span class='ocrx_word' id='word_1_248' title='bbox 943 2498 1015 2574; x_wconf 90' lang='lat' dir='ltr'>plus</span> <span class='ocrx_word' id='word_1_249' title='bbox 1034 2499 1121 2576; x_wconf 90' lang='lat' dir='ltr'>juris</span> <span class='ocrx_word' id='word_1_250' title='bbox 1144 2500 1177 2561; x_wconf 91' lang='lat' dir='ltr'>et</span> <span class='ocrx_word' id='word_1_251' title='bbox 1193 2494 1436 2577; x_wconf 84' lang='lat' dir='ltr'>jurisdictionis</span> <span class='ocrx_word' id='word_1_252' title='bbox 1457 2497 1734 2570; x_wconf 82' lang='lat' dir='ltr'>habemusiQuid</span> 
     </span>
     <span class='ocr_line' id='line_1_24' title="bbox 107 2594 1733 2674; baseline 0.001 -18"><span class='ocrx_word' id='word_1_253' title='bbox 107 2596 271 2656; x_wconf 79' lang='lat' dir='ltr'>dramonis</span> <span class='ocrx_word' id='word_1_254' title='bbox 293 2594 436 2656; x_wconf 86' lang='lat' dir='ltr'>tirmiter</span> <span class='ocrx_word' id='word_1_255' title='bbox 460 2595 673 2659; x_wconf 71' lang='lat' dir='ltr'>mandavisse</span> <span class='ocrx_word' id='word_1_256' title='bbox 696 2599 735 2661; x_wconf 91' lang='lat' dir='ltr'>ut</span> <span class='ocrx_word' id='word_1_257' title='bbox 750 2596 779 2659; x_wconf 83' lang='lat' dir='ltr'>si</span> <span class='ocrx_word' id='word_1_258' title='bbox 803 2598 887 2661; x_wconf 84' lang='lat' dir='ltr'>alios</span> <span class='ocrx_word' id='word_1_259' title='bbox 942 2597 1075 2657; x_wconf 86' lang='lat' dir='ltr'>conaris</span> <span class='ocrx_word' id='word_1_260' title='bbox 1099 2596 1249 2673; x_wconf 77' lang='lat' dir='ltr'>aggredi,</span> <span class='ocrx_word' id='word_1_261' title='bbox 1276 2596 1355 2674; x_wconf 86' lang='lat' dir='ltr'>qnid</span> <span class='ocrx_word' id='word_1_262' title='bbox 1375 2596 1547 2658; x_wconf 87' lang='lat' dir='ltr'>meditaris</span> <span class='ocrx_word' id='word_1_263' title='bbox 1570 2596 1733 2672; x_wconf 88' lang='lat' dir='ltr'>incipere,</span> 
     </span>
     <span class='ocr_line' id='line_1_25' title="bbox 108 2693 1731 2768; baseline 0.002 -14"><span class='ocrx_word' id='word_1_264' title='bbox 108 2695 265 2768; x_wconf 72' lang='lat' dir='ltr'>mamete</span> <span class='ocrx_word' id='word_1_265' title='bbox 276 2693 518 2754; x_wconf 82' lang='lat' dir='ltr'>nominatesad</span> <span class='ocrx_word' id='word_1_266' title='bbox 527 2694 689 2756; x_wconf 85' lang='lat' dir='ltr'>ecclesias</span> <span class='ocrx_word' id='word_1_267' title='bbox 697 2696 888 2758; x_wconf 81' lang='lat' dir='ltr'>miserimus</span> <span class='ocrx_word' id='word_1_268' title='bbox 941 2694 1097 2756; x_wconf 90' lang='lat' dir='ltr'>seductus</span> <span class='ocrx_word' id='word_1_269' title='bbox 1119 2693 1216 2755; x_wconf 83' lang='lat' dir='ltr'>salsis</span> <span class='ocrx_word' id='word_1_270' title='bbox 1241 2694 1392 2756; x_wconf 87' lang='lat' dir='ltr'>consiliis</span> <span class='ocrx_word' id='word_1_271' title='bbox 1418 2695 1455 2756; x_wconf 84' lang='lat' dir='ltr'>et</span> <span class='ocrx_word' id='word_1_272' title='bbox 1479 2694 1645 2755; x_wconf 87' lang='lat' dir='ltr'>animatus</span> <span class='ocrx_word' id='word_1_273' title='bbox 1664 2693 1731 2757; x_wconf 85' lang='lat' dir='ltr'>tuae</span> 
     </span>
     <span class='ocr_line' id='line_1_26' title="bbox 108 2790 1735 2870; baseline 0.001 -20"><span class='ocrx_word' id='word_1_274' title='bbox 108 2791 296 2864; x_wconf 88' lang='lat' dir='ltr'>eorumdem,</span> <span class='ocrx_word' id='word_1_275' title='bbox 309 2790 374 2868; x_wconf 88' lang='lat' dir='ltr'>ipsi</span> <span class='ocrx_word' id='word_1_276' title='bbox 384 2790 574 2852; x_wconf 84' lang='lat' dir='ltr'>nullatenus</span> <span class='ocrx_word' id='word_1_277' title='bbox 589 2790 818 2866; x_wconf 84' lang='lat' dir='ltr'>admittantur,</span> <span class='ocrx_word' id='word_1_278' title='bbox 828 2794 886 2854; x_wconf 87' lang='lat' dir='ltr'>sed</span> <span class='ocrx_word' id='word_1_279' title='bbox 942 2791 1052 2853; x_wconf 90' lang='lat' dir='ltr'>calore</span> <span class='ocrx_word' id='word_1_280' title='bbox 1066 2807 1105 2853; x_wconf 89' lang='lat' dir='ltr'>ao</span> <span class='ocrx_word' id='word_1_281' title='bbox 1118 2790 1239 2853; x_wconf 92' lang='lat' dir='ltr'>robore</span> <span class='ocrx_word' id='word_1_282' title='bbox 1254 2791 1458 2870; x_wconf 77' lang='lat' dir='ltr'>Juventutisl</span> <span class='ocrx_word' id='word_1_283' title='bbox 1470 2793 1522 2853; x_wconf 87' lang='lat' dir='ltr'>An</span> <span class='ocrx_word' id='word_1_284' title='bbox 1537 2791 1645 2853; x_wconf 90' lang='lat' dir='ltr'>credis</span> <span class='ocrx_word' id='word_1_285' title='bbox 1660 2804 1735 2852; x_wconf 90' lang='lat' dir='ltr'>esse</span> 
     </span>
     <span class='ocr_line' id='line_1_27' title="bbox 107 2887 1732 2966; baseline -0.001 -16"><span class='ocrx_word' id='word_1_286' title='bbox 107 2887 197 2961; x_wconf 79' lang='lat' dir='ltr'>portas</span> <span class='ocrx_word' id='word_1_287' title='bbox 219 2902 286 2950; x_wconf 89' lang='lat' dir='ltr'>non</span> <span class='ocrx_word' id='word_1_288' title='bbox 307 2888 415 2949; x_wconf 91' lang='lat' dir='ltr'>solum</span> <span class='ocrx_word' id='word_1_289' title='bbox 440 2888 678 2963; x_wconf 82' lang='lat' dir='ltr'>ecclesiarum,</span> <span class='ocrx_word' id='word_1_290' title='bbox 701 2890 757 2952; x_wconf 90' lang='lat' dir='ltr'>sed</span> <span class='ocrx_word' id='word_1_291' title='bbox 786 2890 887 2952; x_wconf 90' lang='lat' dir='ltr'>etiam</span> <span class='ocrx_word' id='word_1_292' title='bbox 940 2889 1151 2966; x_wconf 89' lang='lat' dir='ltr'>prudentiam</span> <span class='ocrx_word' id='word_1_293' title='bbox 1173 2890 1229 2952; x_wconf 90' lang='lat' dir='ltr'>vel</span> <span class='ocrx_word' id='word_1_294' title='bbox 1260 2888 1438 2950; x_wconf 88' lang='lat' dir='ltr'>consilium</span> <span class='ocrx_word' id='word_1_295' title='bbox 1469 2888 1527 2950; x_wconf 90' lang='lat' dir='ltr'>aut</span> <span class='ocrx_word' id='word_1_296' title='bbox 1550 2887 1732 2964; x_wconf 89' lang='lat' dir='ltr'>potentiam</span> 
     </span>
     <span class='ocr_line' id='line_1_28' title="bbox 108 2983 1734 3069; baseline 0.003 -28"><span class='ocrx_word' id='word_1_297' title='bbox 108 2983 260 3047; x_wconf 78' lang='lat' dir='ltr'>civitatum</span> <span class='ocrx_word' id='word_1_298' title='bbox 271 2985 473 3047; x_wconf 86' lang='lat' dir='ltr'>obserentur</span> <span class='ocrx_word' id='word_1_299' title='bbox 483 2986 714 3059; x_wconf 80' lang='lat' dir='ltr'>eisdemQuae</span> <span class='ocrx_word' id='word_1_300' title='bbox 732 3002 812 3069; x_wconf 69' lang='lat' dir='ltr'>sera</span> <span class='ocrx_word' id='word_1_301' title='bbox 828 2988 887 3048; x_wconf 78' lang='lat' dir='ltr'>vix</span> <span class='ocrx_word' id='word_1_302' title='bbox 941 2987 1059 3047; x_wconf 90' lang='lat' dir='ltr'>contra</span> <span class='ocrx_word' id='word_1_303' title='bbox 1082 2986 1202 3061; x_wconf 83' lang='lat' dir='ltr'>beum3</span> <span class='ocrx_word' id='word_1_304' title='bbox 1233 2988 1266 3047; x_wconf 88' lang='lat' dir='ltr'>et</span> <span class='ocrx_word' id='word_1_305' title='bbox 1301 2988 1373 3061; x_wconf 87' lang='lat' dir='ltr'>ejus</span> <span class='ocrx_word' id='word_1_306' title='bbox 1405 2985 1525 3046; x_wconf 75' lang='lat' dir='ltr'>amore</span> <span class='ocrx_word' id='word_1_307' title='bbox 1550 2984 1734 3061; x_wconf 87' lang='lat' dir='ltr'>postposito</span> 
     </span>
     <span class='ocr_line' id='line_1_29' title="bbox 108 3080 1735 3161; baseline 0 -19"><span class='ocrx_word' id='word_1_308' title='bbox 108 3094 169 3141; x_wconf 83' lang='lat' dir='ltr'>osse</span> <span class='ocrx_word' id='word_1_309' title='bbox 179 3083 353 3155; x_wconf 84' lang='lat' dir='ltr'>caedimus,</span> <span class='ocrx_word' id='word_1_310' title='bbox 369 3084 403 3146; x_wconf 87' lang='lat' dir='ltr'>et</span> <span class='ocrx_word' id='word_1_311' title='bbox 414 3084 535 3144; x_wconf 84' lang='lat' dir='ltr'>sivera</span> <span class='ocrx_word' id='word_1_312' title='bbox 548 3086 636 3157; x_wconf 89' lang='lat' dir='ltr'>sunt,</span> <span class='ocrx_word' id='word_1_313' title='bbox 648 3086 707 3146; x_wconf 77' lang='lat' dir='ltr'>tara</span> <span class='ocrx_word' id='word_1_314' title='bbox 720 3084 885 3146; x_wconf 85' lang='lat' dir='ltr'>circums—</span> <span class='ocrx_word' id='word_1_315' title='bbox 940 3099 1055 3160; x_wconf 87' lang='lat' dir='ltr'>speras</span> <span class='ocrx_word' id='word_1_316' title='bbox 1069 3085 1102 3146; x_wconf 91' lang='lat' dir='ltr'>te</span> <span class='ocrx_word' id='word_1_317' title='bbox 1116 3098 1216 3161; x_wconf 91' lang='lat' dir='ltr'>posse</span> <span class='ocrx_word' id='word_1_318' title='bbox 1231 3081 1414 3160; x_wconf 75' lang='lat' dir='ltr'>praevalere</span> <span class='ocrx_word' id='word_1_319' title='bbox 1434 3081 1595 3144; x_wconf 87' lang='lat' dir='ltr'>adversus</span> <span class='ocrx_word' id='word_1_320' title='bbox 1616 3080 1735 3143; x_wconf 83' lang='lat' dir='ltr'>Eccle-</span> 
     </span>
     <span class='ocr_line' id='line_1_30' title="bbox 107 3178 1736 3258; baseline 0 -18"><span class='ocrx_word' id='word_1_321' title='bbox 107 3178 201 3251; x_wconf 83' lang='lat' dir='ltr'>pectio</span> <span class='ocrx_word' id='word_1_322' title='bbox 223 3181 334 3242; x_wconf 76' lang='lat' dir='ltr'>rideat</span> <span class='ocrx_word' id='word_1_323' title='bbox 352 3181 462 3242; x_wconf 84' lang='lat' dir='ltr'>ulrum</span> <span class='ocrx_word' id='word_1_324' title='bbox 481 3183 514 3243; x_wconf 92' lang='lat' dir='ltr'>te</span> <span class='ocrx_word' id='word_1_325' title='bbox 530 3180 652 3244; x_wconf 86' lang='lat' dir='ltr'>deceat</span> <span class='ocrx_word' id='word_1_326' title='bbox 666 3182 747 3243; x_wconf 87' lang='lat' dir='ltr'>talia</span> <span class='ocrx_word' id='word_1_327' title='bbox 762 3182 883 3254; x_wconf 83' lang='lat' dir='ltr'>iacere,</span> <span class='ocrx_word' id='word_1_328' title='bbox 941 3182 1036 3254; x_wconf 86' lang='lat' dir='ltr'>siam,</span> <span class='ocrx_word' id='word_1_329' title='bbox 1053 3196 1208 3258; x_wconf 83' lang='lat' dir='ltr'>numqua</span> <span class='ocrx_word' id='word_1_330' title='bbox 1223 3179 1376 3257; x_wconf 84' lang='lat' dir='ltr'>promisit</span> <span class='ocrx_word' id='word_1_331' title='bbox 1391 3194 1427 3240; x_wconf 91' lang='lat' dir='ltr'>se</span> <span class='ocrx_word' id='word_1_332' title='bbox 1442 3179 1514 3256; x_wconf 89' lang='lat' dir='ltr'>ipse</span> <span class='ocrx_word' id='word_1_333' title='bbox 1528 3182 1617 3240; x_wconf 88' lang='lat' dir='ltr'>Deus</span> <span class='ocrx_word' id='word_1_334' title='bbox 1630 3194 1736 3257; x_wconf 83' lang='lat' dir='ltr'>usque</span> 
     </span>
     <span class='ocr_line' id='line_1_31' title="bbox 108 3275 1734 3355; baseline 0.001 -21"><span class='ocrx_word' id='word_1_335' title='bbox 108 3275 242 3339; x_wconf 87' lang='lat' dir='ltr'>utrumve</span> <span class='ocrx_word' id='word_1_336' title='bbox 260 3279 456 3355; x_wconf 72' lang='lat' dir='ltr'>apostolica</span> <span class='ocrx_word' id='word_1_337' title='bbox 477 3280 579 3341; x_wconf 84' lang='lat' dir='ltr'>Sedes</span> <span class='ocrx_word' id='word_1_338' title='bbox 598 3279 681 3342; x_wconf 85' lang='lat' dir='ltr'>talia</span> <span class='ocrx_word' id='word_1_339' title='bbox 698 3280 816 3342; x_wconf 87' lang='lat' dir='ltr'>debeat</span> <span class='ocrx_word' id='word_1_340' title='bbox 828 3280 884 3342; x_wconf 89' lang='lat' dir='ltr'>to-</span> <span class='ocrx_word' id='word_1_341' title='bbox 940 3279 981 3338; x_wconf 90' lang='lat' dir='ltr'>ad</span> <span class='ocrx_word' id='word_1_342' title='bbox 996 3279 1313 3341; x_wconf 86' lang='lat' dir='ltr'>consummationem</span> <span class='ocrx_word' id='word_1_343' title='bbox 1329 3276 1442 3337; x_wconf 85' lang='lat' dir='ltr'>saeculi</span> <span class='ocrx_word' id='word_1_344' title='bbox 1457 3277 1734 3353; x_wconf 86' lang='lat' dir='ltr'>permansuruml</span> 
     </span>
     <span class='ocr_line' id='line_1_32' title="bbox 108 3369 1733 3451; baseline 0.002 -20"><span class='ocrx_word' id='word_1_345' title='bbox 108 3369 211 3435; x_wconf 85' lang='lat' dir='ltr'>lerare.</span> <span class='ocrx_word' id='word_1_346' title='bbox 236 3378 325 3437; x_wconf 80' lang='lat' dir='ltr'>Sane</span> <span class='ocrx_word' id='word_1_347' title='bbox 351 3391 418 3437; x_wconf 93' lang='lat' dir='ltr'>non</span> <span class='ocrx_word' id='word_1_348' title='bbox 446 3376 529 3438; x_wconf 86' lang='lat' dir='ltr'>satis</span> <span class='ocrx_word' id='word_1_349' title='bbox 553 3392 648 3451; x_wconf 82' lang='lat' dir='ltr'>sano,</span> <span class='ocrx_word' id='word_1_350' title='bbox 676 3379 808 3439; x_wconf 82' lang='lat' dir='ltr'>uicum</span> <span class='ocrx_word' id='word_1_351' title='bbox 828 3378 886 3440; x_wconf 88' lang='lat' dir='ltr'>tua</span> <span class='ocrx_word' id='word_1_352' title='bbox 942 3376 976 3436; x_wconf 90' lang='lat' dir='ltr'>Si</span> <span class='ocrx_word' id='word_1_353' title='bbox 998 3375 1182 3437; x_wconf 86' lang='lat' dir='ltr'>contemnis</span> <span class='ocrx_word' id='word_1_354' title='bbox 1207 3372 1330 3436; x_wconf 91' lang='lat' dir='ltr'>nostris</span> <span class='ocrx_word' id='word_1_355' title='bbox 1353 3374 1566 3451; x_wconf 84' lang='lat' dir='ltr'>acquiescere</span> <span class='ocrx_word' id='word_1_356' title='bbox 1587 3375 1733 3448; x_wconf 84' lang='lat' dir='ltr'>monitis,</span> 
     </span>
     <span class='ocr_line' id='line_1_33' title="bbox 109 3471 1736 3550; baseline 0.004 -21"><span class='ocrx_word' id='word_1_357' title='bbox 109 3483 176 3542; x_wconf 85' lang='lat' dir='ltr'>pace</span> <span class='ocrx_word' id='word_1_358' title='bbox 188 3471 373 3549; x_wconf 88' lang='lat' dir='ltr'>loquamur,</span> <span class='ocrx_word' id='word_1_359' title='bbox 391 3471 486 3535; x_wconf 86' lang='lat' dir='ltr'>inisti</span> <span class='ocrx_word' id='word_1_360' title='bbox 507 3490 589 3535; x_wconf 89' lang='lat' dir='ltr'>usus</span> <span class='ocrx_word' id='word_1_361' title='bbox 602 3474 746 3537; x_wconf 77' lang='lat' dir='ltr'>consilio</span> <span class='ocrx_word' id='word_1_362' title='bbox 760 3475 789 3536; x_wconf 87' lang='lat' dir='ltr'>si</span> <span class='ocrx_word' id='word_1_363' title='bbox 803 3474 884 3537; x_wconf 89' lang='lat' dir='ltr'>talia</span> <span class='ocrx_word' id='word_1_364' title='bbox 940 3471 1130 3534; x_wconf 86' lang='lat' dir='ltr'>domesticis</span> <span class='ocrx_word' id='word_1_365' title='bbox 1148 3471 1266 3534; x_wconf 90' lang='lat' dir='ltr'>saltem</span> <span class='ocrx_word' id='word_1_366' title='bbox 1281 3471 1474 3549; x_wconf 88' lang='lat' dir='ltr'>acquiescas</span> <span class='ocrx_word' id='word_1_367' title='bbox 1494 3472 1667 3550; x_wconf 87' lang='lat' dir='ltr'>exemplis,</span> <span class='ocrx_word' id='word_1_368' title='bbox 1682 3474 1736 3535; x_wconf 90' lang='lat' dir='ltr'>te-</span> 
     </span>
     <span class='ocr_line' id='line_1_34' title="bbox 109 3564 1734 3649; baseline 0.004 -24"><span class='ocrx_word' id='word_1_369' title='bbox 109 3564 306 3632; x_wconf 81' lang='lat' dir='ltr'>diciseliteri</span> <span class='ocrx_word' id='word_1_370' title='bbox 314 3570 612 3649; x_wconf 70' lang='lat' dir='ltr'>momentaneum</span> <span class='ocrx_word' id='word_1_371' title='bbox 625 3573 674 3634; x_wconf 90' lang='lat' dir='ltr'>sic</span> <span class='ocrx_word' id='word_1_372' title='bbox 688 3572 829 3634; x_wconf 84' lang='lat' dir='ltr'>innuisti</span> <span class='ocrx_word' id='word_1_373' title='bbox 839 3573 887 3633; x_wconf 89' lang='lat' dir='ltr'>di·</span> <span class='ocrx_word' id='word_1_374' title='bbox 940 3584 1015 3631; x_wconf 89' lang='lat' dir='ltr'>cum</span> <span class='ocrx_word' id='word_1_375' title='bbox 1031 3568 1100 3646; x_wconf 89' lang='lat' dir='ltr'>ipse</span> <span class='ocrx_word' id='word_1_376' title='bbox 1112 3570 1303 3645; x_wconf 81' lang='lat' dir='ltr'>recogitans</span> <span class='ocrx_word' id='word_1_377' title='bbox 1317 3584 1452 3630; x_wconf 86' lang='lat' dir='ltr'>manum</span> <span class='ocrx_word' id='word_1_378' title='bbox 1465 3568 1598 3631; x_wconf 81' lang='lat' dir='ltr'>Domini</span> <span class='ocrx_word' id='word_1_379' title='bbox 1612 3566 1734 3632; x_wconf 90' lang='lat' dir='ltr'>abbre-</span> 
     </span>
     <span class='ocr_line' id='line_1_35' title="bbox 110 3666 1736 3749; baseline 0.004 -25"><span class='ocrx_word' id='word_1_380' title='bbox 110 3677 174 3724; x_wconf 87' lang='lat' dir='ltr'>ceus</span> <span class='ocrx_word' id='word_1_381' title='bbox 187 3667 231 3735; x_wconf 82' lang='lat' dir='ltr'>te,</span> <span class='ocrx_word' id='word_1_382' title='bbox 250 3668 340 3745; x_wconf 83' lang='lat' dir='ltr'>qnod</span> <span class='ocrx_word' id='word_1_383' title='bbox 358 3684 425 3729; x_wconf 90' lang='lat' dir='ltr'>non</span> <span class='ocrx_word' id='word_1_384' title='bbox 451 3668 630 3743; x_wconf 84' lang='lat' dir='ltr'>credimus,</span> <span class='ocrx_word' id='word_1_385' title='bbox 645 3684 723 3732; x_wconf 87' lang='lat' dir='ltr'>esse·</span> <span class='ocrx_word' id='word_1_386' title='bbox 732 3669 885 3747; x_wconf 86' lang='lat' dir='ltr'>paratum</span> <span class='ocrx_word' id='word_1_387' title='bbox 938 3667 1066 3729; x_wconf 80' lang='lat' dir='ltr'>viariam</span> <span class='ocrx_word' id='word_1_388' title='bbox 1077 3680 1241 3739; x_wconf 88' lang='lat' dir='ltr'>nonesse,</span> <span class='ocrx_word' id='word_1_389' title='bbox 1258 3668 1370 3728; x_wconf 86' lang='lat' dir='ltr'>utnon</span> <span class='ocrx_word' id='word_1_390' title='bbox 1383 3667 1488 3743; x_wconf 87' lang='lat' dir='ltr'>possit</span> <span class='ocrx_word' id='word_1_391' title='bbox 1500 3666 1687 3749; x_wconf 83' lang='lat' dir='ltr'>deprimere</span> <span class='ocrx_word' id='word_1_392' title='bbox 1701 3668 1736 3731; x_wconf 88' lang='lat' dir='ltr'>et</span> 
     </span>
     <span class='ocr_line' id='line_1_36' title="bbox 110 3759 1735 3843; baseline 0.005 -25"><span class='ocrx_word' id='word_1_393' title='bbox 110 3759 324 3841; x_wconf 84' lang='lat' dir='ltr'>etprsmptum</span> <span class='ocrx_word' id='word_1_394' title='bbox 339 3765 381 3827; x_wconf 86' lang='lat' dir='ltr'>ad</span> <span class='ocrx_word' id='word_1_395' title='bbox 394 3765 615 3843; x_wconf 86' lang='lat' dir='ltr'>rumpendum</span> <span class='ocrx_word' id='word_1_396' title='bbox 627 3764 716 3830; x_wconf 86' lang='lat' dir='ltr'>inter</span> <span class='ocrx_word' id='word_1_397' title='bbox 730 3782 794 3830; x_wconf 83' lang='lat' dir='ltr'>nos</span> <span class='ocrx_word' id='word_1_398' title='bbox 806 3768 839 3829; x_wconf 88' lang='lat' dir='ltr'>et</span> <span class='ocrx_word' id='word_1_399' title='bbox 852 3767 886 3829; x_wconf 90' lang='lat' dir='ltr'>te</span> <span class='ocrx_word' id='word_1_400' title='bbox 940 3764 1085 3840; x_wconf 82' lang='lat' dir='ltr'>erigere,</span> <span class='ocrx_word' id='word_1_401' title='bbox 1111 3765 1248 3841; x_wconf 90' lang='lat' dir='ltr'>perdere</span> <span class='ocrx_word' id='word_1_402' title='bbox 1272 3779 1312 3824; x_wconf 90' lang='lat' dir='ltr'>ac</span> <span class='ocrx_word' id='word_1_403' title='bbox 1340 3764 1482 3826; x_wconf 81' lang='lat' dir='ltr'>salvare.</span> <span class='ocrx_word' id='word_1_404' title='bbox 1506 3765 1585 3824; x_wconf 76' lang='lat' dir='ltr'>llaec</span> <span class='ocrx_word' id='word_1_405' title='bbox 1599 3762 1661 3826; x_wconf 91' lang='lat' dir='ltr'>tibi</span> <span class='ocrx_word' id='word_1_406' title='bbox 1674 3762 1735 3826; x_wconf 88' lang='lat' dir='ltr'>be-</span> 
     </span>
    </p>
   </div>
   <div class='ocr_carea' id='block_1_3' title="bbox 109 3854 1863 3939">
    <p class='ocr_par' dir='ltr' id='par_1_3' title="bbox 109 3854 1863 3939">
     <span class='ocr_line' id='line_1_37' title="bbox 109 3854 1863 3939; baseline 0.004 -24"><span class='ocrx_word' id='word_1_407' title='bbox 109 3855 260 3923; x_wconf 82' lang='lat' dir='ltr'>rinculum</span> <span class='ocrx_word' id='word_1_408' title='bbox 281 3863 444 3925; x_wconf 82' lang='lat' dir='ltr'>caritatis.</span> <span class='ocrx_word' id='word_1_409' title='bbox 461 3864 697 3926; x_wconf 83' lang='lat' dir='ltr'>Desideramus</span> <span class='ocrx_word' id='word_1_410' title='bbox 715 3865 817 3937; x_wconf 89' lang='lat' dir='ltr'>enim,</span> <span class='ocrx_word' id='word_1_411' title='bbox 836 3864 884 3924; x_wconf 87' lang='lat' dir='ltr'>nli</span> <span class='ocrx_word' id='word_1_412' title='bbox 939 3861 1041 3937; x_wconf 80' lang='lat' dir='ltr'>nigno</span> <span class='ocrx_word' id='word_1_413' title='bbox 1070 3862 1182 3923; x_wconf 87' lang='lat' dir='ltr'>animo</span> <span class='ocrx_word' id='word_1_414' title='bbox 1211 3872 1250 3922; x_wconf 87' lang='lat' dir='ltr'>ac</span> <span class='ocrx_word' id='word_1_415' title='bbox 1275 3860 1406 3922; x_wconf 88' lang='lat' dir='ltr'>sincero</span> <span class='ocrx_word' id='word_1_416' title='bbox 1428 3854 1561 3933; x_wconf 77' lang='lat' dir='ltr'>affectu,</span> <span class='ocrx_word' id='word_1_417' title='bbox 1578 3860 1733 3939; x_wconf 84' lang='lat' dir='ltr'>princeps</span> <span class='ocrx_word' id='word_1_418' title='bbox 1858 3934 1863 3937; x_wconf 41' lang='grc'><strong>,</strong></span> 
     </span>
    </p>
   </div>
   <div class='ocr_carea' id='block_1_4' title="bbox 110 3955 1736 4327">
    <p class='ocr_par' dir='ltr' id='par_1_4' title="bbox 110 3955 1736 4327">
     <span class='ocr_line' id='line_1_38' title="bbox 110 3955 1735 4039; baseline 0.002 -25"><span class='ocrx_word' id='word_1_419' title='bbox 110 3955 415 4021; x_wconf 81' lang='lat' dir='ltr'>carissimeutomni</span> <span class='ocrx_word' id='word_1_420' title='bbox 428 3962 587 4039; x_wconf 87' lang='lat' dir='ltr'>tempore,</span> <span class='ocrx_word' id='word_1_421' title='bbox 602 3962 882 4035; x_wconf 83' lang='lat' dir='ltr'>maximeuostro,</span> <span class='ocrx_word' id='word_1_422' title='bbox 939 3955 1168 4034; x_wconf 87' lang='lat' dir='ltr'>inclytissime,</span> <span class='ocrx_word' id='word_1_423' title='bbox 1193 3955 1380 4025; x_wconf 83' lang='lat' dir='ltr'>scribimus,</span> <span class='ocrx_word' id='word_1_424' title='bbox 1402 3955 1594 4032; x_wconf 80' lang='lat' dir='ltr'>satagentes</span> <span class='ocrx_word' id='word_1_425' title='bbox 1612 3956 1735 4017; x_wconf 88' lang='lat' dir='ltr'>incon·</span> 
     </span>
     <span class='ocr_line' id='line_1_39' title="bbox 111 4047 1734 4129; baseline 0.002 -18"><span class='ocrx_word' id='word_1_426' title='bbox 111 4047 150 4110; x_wconf 82' lang='lat' dir='ltr'>sit</span> <span class='ocrx_word' id='word_1_427' title='bbox 157 4052 238 4117; x_wconf 88' lang='lat' dir='ltr'>inter</span> <span class='ocrx_word' id='word_1_428' title='bbox 249 4059 282 4119; x_wconf 91' lang='lat' dir='ltr'>te</span> <span class='ocrx_word' id='word_1_429' title='bbox 297 4061 333 4119; x_wconf 90' lang='lat' dir='ltr'>et</span> <span class='ocrx_word' id='word_1_430' title='bbox 344 4060 528 4119; x_wconf 75' lang='lat' dir='ltr'>itomanam</span> <span class='ocrx_word' id='word_1_431' title='bbox 543 4058 726 4121; x_wconf 83' lang='lat' dir='ltr'>Ecclesiam</span> <span class='ocrx_word' id='word_1_432' title='bbox 742 4059 837 4121; x_wconf 81' lang='lat' dir='ltr'>drma</span> <span class='ocrx_word' id='word_1_433' title='bbox 852 4062 885 4122; x_wconf 88' lang='lat' dir='ltr'>et</span> <span class='ocrx_word' id='word_1_434' title='bbox 939 4055 1044 4116; x_wconf 88' lang='lat' dir='ltr'>sultos</span> <span class='ocrx_word' id='word_1_435' title='bbox 1069 4053 1172 4115; x_wconf 88' lang='lat' dir='ltr'>animi</span> <span class='ocrx_word' id='word_1_436' title='bbox 1193 4052 1242 4116; x_wconf 91' lang='lat' dir='ltr'>tui</span> <span class='ocrx_word' id='word_1_437' title='bbox 1266 4052 1374 4115; x_wconf 87' lang='lat' dir='ltr'>motus</span> <span class='ocrx_word' id='word_1_438' title='bbox 1395 4052 1535 4129; x_wconf 87' lang='lat' dir='ltr'>paterna</span> <span class='ocrx_word' id='word_1_439' title='bbox 1550 4053 1734 4115; x_wconf 89' lang='lat' dir='ltr'>commoni-</span> 
     </span>
     <span class='ocr_line' id='line_1_40' title="bbox 112 4145 1736 4243; baseline 0.004 -37"><span class='ocrx_word' id='word_1_440' title='bbox 112 4145 224 4211; x_wconf 85' lang='lat' dir='ltr'>sincera</span> <span class='ocrx_word' id='word_1_441' title='bbox 248 4152 394 4225; x_wconf 88' lang='lat' dir='ltr'>dilectio,</span> <span class='ocrx_word' id='word_1_442' title='bbox 422 4153 502 4230; x_wconf 86' lang='lat' dir='ltr'>quia</span> <span class='ocrx_word' id='word_1_443' title='bbox 528 4154 562 4214; x_wconf 93' lang='lat' dir='ltr'>id</span> <span class='ocrx_word' id='word_1_444' title='bbox 591 4155 625 4217; x_wconf 90' lang='lat' dir='ltr'>et</span> <span class='ocrx_word' id='word_1_445' title='bbox 645 4155 710 4231; x_wconf 84' lang='lat' dir='ltr'>ipsi</span> <span class='ocrx_word' id='word_1_446' title='bbox 734 4155 884 4217; x_wconf 82' lang='lat' dir='ltr'>ecclesiae</span> <span class='ocrx_word' id='word_1_447' title='bbox 938 4153 1039 4225; x_wconf 89' lang='lat' dir='ltr'>tione,</span> <span class='ocrx_word' id='word_1_448' title='bbox 1048 4150 1315 4223; x_wconf 88' lang='lat' dir='ltr'>comminatione,</span> <span class='ocrx_word' id='word_1_449' title='bbox 1325 4148 1572 4243; x_wconf 77' lang='lat' dir='ltr'>redargutione,</span> <span class='ocrx_word' id='word_1_450' title='bbox 1584 4150 1736 4213; x_wconf 85' lang='lat' dir='ltr'>obsecra·</span> 
     </span>
     <span class='ocr_line' id='line_1_41' title="bbox 112 4241 1733 4327; baseline 0.006 -26"><span class='ocrx_word' id='word_1_451' title='bbox 112 4241 180 4306; x_wconf 88' lang='lat' dir='ltr'>utile</span> <span class='ocrx_word' id='word_1_452' title='bbox 198 4248 305 4311; x_wconf 85' lang='lat' dir='ltr'>ettibi</span> <span class='ocrx_word' id='word_1_453' title='bbox 332 4264 373 4310; x_wconf 87' lang='lat' dir='ltr'>ac</span> <span class='ocrx_word' id='word_1_454' title='bbox 390 4250 453 4312; x_wconf 89' lang='lat' dir='ltr'>toti</span> <span class='ocrx_word' id='word_1_455' title='bbox 475 4248 714 4313; x_wconf 81' lang='lat' dir='ltr'>christianitati</span> <span class='ocrx_word' id='word_1_456' title='bbox 740 4266 884 4327; x_wconf 71' lang='lat' dir='ltr'>cognos-</span> <span class='ocrx_word' id='word_1_457' title='bbox 937 4250 1039 4323; x_wconf 90' lang='lat' dir='ltr'>tione,</span> <span class='ocrx_word' id='word_1_458' title='bbox 1064 4264 1108 4311; x_wconf 85' lang='lat' dir='ltr'>an</span> <span class='ocrx_word' id='word_1_459' title='bbox 1129 4248 1357 4326; x_wconf 86' lang='lat' dir='ltr'>increpatione</span> <span class='ocrx_word' id='word_1_460' title='bbox 1386 4263 1606 4326; x_wconf 87' lang='lat' dir='ltr'>compescere,</span> <span class='ocrx_word' id='word_1_461' title='bbox 1630 4250 1733 4327; x_wconf 84' lang='lat' dir='ltr'>teque</span> 
     </span>
    </p>
   </div>
   <div class='ocr_carea' id='block_1_5' title="bbox 112 4338 1735 4425">
    <p class='ocr_par' dir='ltr' id='par_1_5' title="bbox 112 4338 1735 4425">
     <span class='ocr_line' id='line_1_42' title="bbox 112 4338 1735 4425; baseline 0.005 -26"><span class='ocrx_word' id='word_1_462' title='bbox 112 4338 200 4403; x_wconf 85' lang='lat' dir='ltr'>cinna</span> <span class='ocrx_word' id='word_1_463' title='bbox 231 4346 407 4424; x_wconf 74' lang='lat' dir='ltr'>expedire;</span> <span class='ocrx_word' id='word_1_464' title='bbox 434 4361 495 4408; x_wconf 83' lang='lat' dir='ltr'>neo</span> <span class='ocrx_word' id='word_1_465' title='bbox 526 4348 705 4425; x_wconf 67' lang='lat' dir='ltr'>micenam</span> <span class='ocrx_word' id='word_1_466' title='bbox 735 4350 885 4411; x_wconf 88' lang='lat' dir='ltr'>amarius</span> <span class='ocrx_word' id='word_1_467' title='bbox 939 4348 980 4408; x_wconf 91' lang='lat' dir='ltr'>ad</span> <span class='ocrx_word' id='word_1_468' title='bbox 996 4364 1035 4408; x_wconf 90' lang='lat' dir='ltr'>ea</span> <span class='ocrx_word' id='word_1_469' title='bbox 1052 4363 1127 4425; x_wconf 86' lang='lat' dir='ltr'>quae</span> <span class='ocrx_word' id='word_1_470' title='bbox 1139 4346 1309 4408; x_wconf 89' lang='lat' dir='ltr'>terrenum</span> <span class='ocrx_word' id='word_1_471' title='bbox 1323 4345 1495 4408; x_wconf 88' lang='lat' dir='ltr'>stabiliant</span> <span class='ocrx_word' id='word_1_472' title='bbox 1511 4345 1571 4408; x_wconf 88' lang='lat' dir='ltr'>tibi</span> <span class='ocrx_word' id='word_1_473' title='bbox 1593 4360 1735 4423; x_wconf 76' lang='lat' dir='ltr'>regnum</span> 
     </span>
    </p>
   </div>
   <div class='ocr_carea' id='block_1_6' title="bbox 111 4432 1733 5009">
    <p class='ocr_par' dir='ltr' id='par_1_6' title="bbox 111 4432 1572 4523">
     <span class='ocr_line' id='line_1_43' title="bbox 111 4432 1572 4523; baseline 0.005 -27"><span class='ocrx_word' id='word_1_474' title='bbox 111 4432 194 4501; x_wconf 81' lang='lat' dir='ltr'>tasilo</span> <span class='ocrx_word' id='word_1_475' title='bbox 206 4443 300 4505; x_wconf 87' lang='lat' dir='ltr'>nobis</span> <span class='ocrx_word' id='word_1_476' title='bbox 315 4444 422 4520; x_wconf 90' lang='lat' dir='ltr'>possit</span> <span class='ocrx_word' id='word_1_477' title='bbox 438 4443 591 4506; x_wconf 86' lang='lat' dir='ltr'>accidere</span> <span class='ocrx_word' id='word_1_478' title='bbox 605 4458 704 4523; x_wconf 86' lang='lat' dir='ltr'>quarn</span> <span class='ocrx_word' id='word_1_479' title='bbox 719 4446 748 4506; x_wconf 90' lang='lat' dir='ltr'>si</span> <span class='ocrx_word' id='word_1_480' title='bbox 763 4448 885 4508; x_wconf 83' lang='lat' dir='ltr'>statum</span> <span class='ocrx_word' id='word_1_481' title='bbox 939 4444 971 4507; x_wconf 89' lang='lat' dir='ltr'>et</span> <span class='ocrx_word' id='word_1_482' title='bbox 985 4447 1145 4505; x_wconf 60' lang='lat' dir='ltr'>manum</span> <span class='ocrx_word' id='word_1_483' title='bbox 1162 4444 1362 4521; x_wconf 87' lang='lat' dir='ltr'>praeparent,</span> <span class='ocrx_word' id='word_1_484' title='bbox 1378 4442 1572 4504; x_wconf 80' lang='lat' dir='ltr'>informare.</span> 
     </span>
    </p>

    <p class='ocr_par' dir='ltr' id='par_1_7' title="bbox 111 4530 1733 5009">
     <span class='ocr_line' id='line_1_44' title="bbox 112 4530 1733 4617; baseline 0.002 -21"><span class='ocrx_word' id='word_1_485' title='bbox 112 4530 197 4609; x_wconf 72' lang='lat' dir='ltr'>mum,</span> <span class='ocrx_word' id='word_1_486' title='bbox 212 4556 307 4617; x_wconf 87' lang='lat' dir='ltr'>quern</span> <span class='ocrx_word' id='word_1_487' title='bbox 323 4540 426 4603; x_wconf 84' lang='lat' dir='ltr'>multa</span> <span class='ocrx_word' id='word_1_488' title='bbox 437 4556 518 4603; x_wconf 87' lang='lat' dir='ltr'>cura</span> <span class='ocrx_word' id='word_1_489' title='bbox 533 4556 728 4617; x_wconf 72' lang='lat' dir='ltr'>promovere</span> <span class='ocrx_word' id='word_1_490' title='bbox 751 4545 883 4606; x_wconf 70' lang='lat' dir='ltr'>mudul-</span> <span class='ocrx_word' id='word_1_491' title='bbox 978 4542 1126 4617; x_wconf 82' lang='lat' dir='ltr'>benique</span> <span class='ocrx_word' id='word_1_492' title='bbox 1150 4544 1186 4603; x_wconf 91' lang='lat' dir='ltr'>nt</span> <span class='ocrx_word' id='word_1_493' title='bbox 1205 4540 1266 4602; x_wconf 90' lang='lat' dir='ltr'>tibi</span> <span class='ocrx_word' id='word_1_494' title='bbox 1282 4541 1493 4602; x_wconf 87' lang='lat' dir='ltr'>consulamus</span> <span class='ocrx_word' id='word_1_495' title='bbox 1517 4542 1675 4617; x_wconf 81' lang='lat' dir='ltr'>qttantnm</span> <span class='ocrx_word' id='word_1_496' title='bbox 1691 4538 1733 4601; x_wconf 88' lang='lat' dir='ltr'>ad</span> 
     </span>
     <span class='ocr_line' id='line_1_45' title="bbox 111 4636 1733 4717; baseline 0.003 -24"><span class='ocrx_word' id='word_1_497' title='bbox 111 4641 182 4703; x_wconf 83' lang='lat' dir='ltr'>nus,</span> <span class='ocrx_word' id='word_1_498' title='bbox 195 4650 389 4712; x_wconf 78' lang='lat' dir='ltr'>cogeremur</span> <span class='ocrx_word' id='word_1_499' title='bbox 397 4638 455 4699; x_wconf 92' lang='lat' dir='ltr'>aut</span> <span class='ocrx_word' id='word_1_500' title='bbox 468 4638 675 4715; x_wconf 86' lang='lat' dir='ltr'>perturbare,</span> <span class='ocrx_word' id='word_1_501' title='bbox 687 4636 773 4717; x_wconf 75' lang='lat' dir='ltr'>mrod</span> <span class='ocrx_word' id='word_1_502' title='bbox 784 4640 881 4713; x_wconf 86' lang='lat' dir='ltr'>absit,</span> <span class='ocrx_word' id='word_1_503' title='bbox 939 4640 1135 4716; x_wconf 73' lang='lat' dir='ltr'>presentem</span> <span class='ocrx_word' id='word_1_504' title='bbox 1169 4636 1347 4699; x_wconf 87' lang='lat' dir='ltr'>articulum</span> <span class='ocrx_word' id='word_1_505' title='bbox 1382 4636 1469 4698; x_wconf 88' lang='lat' dir='ltr'>bona</span> <span class='ocrx_word' id='word_1_506' title='bbox 1503 4637 1568 4697; x_wconf 89' lang='lat' dir='ltr'>ilde</span> <span class='ocrx_word' id='word_1_507' title='bbox 1599 4636 1733 4698; x_wconf 90' lang='lat' dir='ltr'>consilii</span> 
     </span>
     <span class='ocr_line' id='line_1_46' title="bbox 114 4729 1733 4809; baseline 0.004 -20"><span class='ocrx_word' id='word_1_508' title='bbox 114 4729 163 4789; x_wconf 79' lang='lat' dir='ltr'>aut</span> <span class='ocrx_word' id='word_1_509' title='bbox 173 4733 352 4805; x_wconf 85' lang='lat' dir='ltr'>perturbari</span> <span class='ocrx_word' id='word_1_510' title='bbox 367 4733 411 4796; x_wconf 88' lang='lat' dir='ltr'>ab</span> <span class='ocrx_word' id='word_1_511' title='bbox 435 4734 527 4807; x_wconf 80' lang='lat' dir='ltr'>aliis,</span> <span class='ocrx_word' id='word_1_512' title='bbox 541 4734 647 4808; x_wconf 87' lang='lat' dir='ltr'>illum,</span> <span class='ocrx_word' id='word_1_513' title='bbox 667 4734 769 4798; x_wconf 87' lang='lat' dir='ltr'>sitibi</span> <span class='ocrx_word' id='word_1_514' title='bbox 790 4737 884 4799; x_wconf 79' lang='lat' dir='ltr'>laro-</span> <span class='ocrx_word' id='word_1_515' title='bbox 938 4736 1043 4798; x_wconf 90' lang='lat' dir='ltr'>nostri</span> <span class='ocrx_word' id='word_1_516' title='bbox 1058 4734 1118 4809; x_wconf 90' lang='lat' dir='ltr'>est,</span> <span class='ocrx_word' id='word_1_517' title='bbox 1135 4734 1172 4796; x_wconf 87' lang='lat' dir='ltr'>ut</span> <span class='ocrx_word' id='word_1_518' title='bbox 1186 4732 1319 4795; x_wconf 82' lang='lat' dir='ltr'>litteras</span> <span class='ocrx_word' id='word_1_519' title='bbox 1335 4734 1409 4796; x_wconf 88' lang='lat' dir='ltr'>tuas</span> <span class='ocrx_word' id='word_1_520' title='bbox 1426 4748 1577 4796; x_wconf 88' lang='lat' dir='ltr'>seorsum</span> <span class='ocrx_word' id='word_1_521' title='bbox 1590 4733 1685 4795; x_wconf 91' lang='lat' dir='ltr'>nobis</span> <span class='ocrx_word' id='word_1_522' title='bbox 1700 4734 1733 4795; x_wconf 92' lang='lat' dir='ltr'>et</span> 
     </span>
     <span class='ocr_line' id='line_1_47' title="bbox 111 4830 1733 4911; baseline -0.001 -19"><span class='ocrx_word' id='word_1_523' title='bbox 111 4835 171 4884; x_wconf 70' lang='lat' dir='ltr'>itm</span> <span class='ocrx_word' id='word_1_524' title='bbox 180 4830 399 4905; x_wconf 80' lang='lat' dir='ltr'>apostolicam</span> <span class='ocrx_word' id='word_1_525' title='bbox 414 4831 534 4893; x_wconf 85' lang='lat' dir='ltr'>deesse</span> <span class='ocrx_word' id='word_1_526' title='bbox 549 4835 798 4909; x_wconf 78' lang='lat' dir='ltr'>cognoscerent,</span> <span class='ocrx_word' id='word_1_527' title='bbox 812 4850 884 4911; x_wconf 86' lang='lat' dir='ltr'>por·</span> <span class='ocrx_word' id='word_1_528' title='bbox 938 4846 1089 4894; x_wconf 89' lang='lat' dir='ltr'>seorsum</span> <span class='ocrx_word' id='word_1_529' title='bbox 1117 4830 1275 4892; x_wconf 84' lang='lat' dir='ltr'>iratribus</span> <span class='ocrx_word' id='word_1_530' title='bbox 1310 4831 1433 4893; x_wconf 89' lang='lat' dir='ltr'>nostris</span> <span class='ocrx_word' id='word_1_531' title='bbox 1466 4830 1540 4891; x_wconf 85' lang='lat' dir='ltr'>sine</span> <span class='ocrx_word' id='word_1_532' title='bbox 1573 4830 1733 4893; x_wconf 90' lang='lat' dir='ltr'>dilatione</span> 
     </span>
     <span class='ocr_line' id='line_1_48' title="bbox 112 4916 1731 5009; baseline 0.001 -21"><span class='ocrx_word' id='word_1_533' title='bbox 112 4916 226 4987; x_wconf 64' lang='lat' dir='ltr'>turbam</span> <span class='ocrx_word' id='word_1_534' title='bbox 250 4929 390 5008; x_wconf 82' lang='lat' dir='ltr'>paratis,</span> <span class='ocrx_word' id='word_1_535' title='bbox 408 4930 663 4992; x_wconf 76' lang='lat' dir='ltr'>conniventibus</span> <span class='ocrx_word' id='word_1_536' title='bbox 685 4932 791 4993; x_wconf 90' lang='lat' dir='ltr'>oculis</span> <span class='ocrx_word' id='word_1_537' title='bbox 806 4946 884 5009; x_wconf 90' lang='lat' dir='ltr'>per·</span> <span class='ocrx_word' id='word_1_538' title='bbox 937 4929 1155 5000; x_wconf 86' lang='lat' dir='ltr'>transmittas,</span> <span class='ocrx_word' id='word_1_539' title='bbox 1185 4942 1249 5005; x_wconf 86' lang='lat' dir='ltr'>per</span> <span class='ocrx_word' id='word_1_540' title='bbox 1271 4944 1364 5005; x_wconf 77' lang='lat' dir='ltr'>quas,</span> <span class='ocrx_word' id='word_1_541' title='bbox 1395 4929 1424 4988; x_wconf 90' lang='lat' dir='ltr'>si</span> <span class='ocrx_word' id='word_1_542' title='bbox 1452 4927 1538 4989; x_wconf 88' lang='lat' dir='ltr'>forte</span> <span class='ocrx_word' id='word_1_543' title='bbox 1573 4926 1731 5003; x_wconf 84' lang='lat' dir='ltr'>praelatus</span> 
     </span>
    </p>
   </div>
   <div class='ocr_carea' id='block_1_7' title="bbox 112 5014 1732 5685">
    <p class='ocr_par' dir='ltr' id='par_1_8' title="bbox 112 5014 1732 5685">
     <span class='ocr_line' id='line_1_49' title="bbox 112 5014 1732 5103; baseline 0.002 -21"><span class='ocrx_word' id='word_1_544' title='bbox 112 5014 243 5084; x_wconf 76' lang='lat' dir='ltr'>tamne.</span> <span class='ocrx_word' id='word_1_545' title='bbox 262 5019 325 5087; x_wconf 83' lang='lat' dir='ltr'>Sed</span> <span class='ocrx_word' id='word_1_546' title='bbox 340 5026 381 5099; x_wconf 86' lang='lat' dir='ltr'>si,</span> <span class='ocrx_word' id='word_1_547' title='bbox 395 5027 481 5103; x_wconf 78' lang='lat' dir='ltr'>quod</span> <span class='ocrx_word' id='word_1_548' title='bbox 495 5029 732 5101; x_wconf 80' lang='lat' dir='ltr'>Densaveitat,</span> <span class='ocrx_word' id='word_1_549' title='bbox 746 5044 882 5091; x_wconf 89' lang='lat' dir='ltr'>necesse</span> <span class='ocrx_word' id='word_1_550' title='bbox 937 5026 1078 5088; x_wconf 90' lang='lat' dir='ltr'>nuncius</span> <span class='ocrx_word' id='word_1_551' title='bbox 1093 5024 1302 5088; x_wconf 89' lang='lat' dir='ltr'>demandato</span> <span class='ocrx_word' id='word_1_552' title='bbox 1316 5028 1373 5086; x_wconf 88' lang='lat' dir='ltr'>tuo</span> <span class='ocrx_word' id='word_1_553' title='bbox 1389 5038 1468 5086; x_wconf 91' lang='lat' dir='ltr'>usus</span> <span class='ocrx_word' id='word_1_554' title='bbox 1479 5038 1544 5085; x_wconf 91' lang='lat' dir='ltr'>non</span> <span class='ocrx_word' id='word_1_555' title='bbox 1557 5024 1629 5095; x_wconf 77' lang='lat' dir='ltr'>tuit,</span> <span class='ocrx_word' id='word_1_556' title='bbox 1642 5039 1732 5100; x_wconf 86' lang='lat' dir='ltr'>prae-</span> 
     </span>
     <span class='ocr_line' id='line_1_50' title="bbox 113 5114 1731 5203; baseline 0.004 -28"><span class='ocrx_word' id='word_1_557' title='bbox 113 5114 192 5179; x_wconf 80' lang='lat' dir='ltr'>estut</span> <span class='ocrx_word' id='word_1_558' title='bbox 208 5123 520 5195; x_wconf 80' lang='lat' dir='ltr'>reniantsoandala,</span> <span class='ocrx_word' id='word_1_559' title='bbox 537 5140 612 5201; x_wconf 76' lang='lat' dir='ltr'>auae</span> <span class='ocrx_word' id='word_1_560' title='bbox 623 5140 724 5187; x_wconf 90' lang='lat' dir='ltr'>causa</span> <span class='ocrx_word' id='word_1_561' title='bbox 752 5127 883 5203; x_wconf 78' lang='lat' dir='ltr'>excogi-</span> <span class='ocrx_word' id='word_1_562' title='bbox 937 5123 1100 5185; x_wconf 90' lang='lat' dir='ltr'>dictorum</span> <span class='ocrx_word' id='word_1_563' title='bbox 1126 5122 1306 5200; x_wconf 87' lang='lat' dir='ltr'>asperitate</span> <span class='ocrx_word' id='word_1_564' title='bbox 1327 5120 1515 5192; x_wconf 86' lang='lat' dir='ltr'>verborum,</span> <span class='ocrx_word' id='word_1_565' title='bbox 1543 5135 1605 5182; x_wconf 91' lang='lat' dir='ltr'>nec</span> <span class='ocrx_word' id='word_1_566' title='bbox 1633 5134 1731 5182; x_wconf 89' lang='lat' dir='ltr'>man-</span> 
     </span>
     <span class='ocr_line' id='line_1_51' title="bbox 112 5207 1732 5299; baseline 0.004 -23"><span class='ocrx_word' id='word_1_567' title='bbox 112 5207 289 5290; x_wconf 80' lang='lat' dir='ltr'>taripotem</span> <span class='ocrx_word' id='word_1_568' title='bbox 303 5220 560 5284; x_wconf 76' lang='lat' dir='ltr'>connaturatibi</span> <span class='ocrx_word' id='word_1_569' title='bbox 575 5222 648 5299; x_wconf 87' lang='lat' dir='ltr'>plus</span> <span class='ocrx_word' id='word_1_570' title='bbox 662 5222 792 5285; x_wconf 86' lang='lat' dir='ltr'>odiivel</span> <span class='ocrx_word' id='word_1_571' title='bbox 807 5240 883 5286; x_wconf 79' lang='lat' dir='ltr'>con</span> <span class='ocrx_word' id='word_1_572' title='bbox 937 5220 1022 5282; x_wconf 91' lang='lat' dir='ltr'>dasti</span> <span class='ocrx_word' id='word_1_573' title='bbox 1051 5218 1138 5298; x_wconf 80' lang='lat' dir='ltr'>quod</span> <span class='ocrx_word' id='word_1_574' title='bbox 1163 5219 1384 5297; x_wconf 85' lang='lat' dir='ltr'>praemisimus</span> <span class='ocrx_word' id='word_1_575' title='bbox 1413 5218 1454 5278; x_wconf 91' lang='lat' dir='ltr'>de</span> <span class='ocrx_word' id='word_1_576' title='bbox 1482 5216 1672 5278; x_wconf 83' lang='lat' dir='ltr'>civitatibus</span> <span class='ocrx_word' id='word_1_577' title='bbox 1697 5221 1732 5282; x_wconf 91' lang='lat' dir='ltr'>et</span> 
     </span>
     <span class='ocr_line' id='line_1_52' title="bbox 113 5307 1730 5398; baseline 0.001 -22"><span class='ocrx_word' id='word_1_578' title='bbox 113 5307 253 5376; x_wconf 69' lang='lat' dir='ltr'>timim</span> <span class='ocrx_word' id='word_1_579' title='bbox 265 5317 421 5380; x_wconf 75' lang='lat' dir='ltr'>Ecclesia</span> <span class='ocrx_word' id='word_1_580' title='bbox 443 5319 668 5396; x_wconf 81' lang='lat' dir='ltr'>pluslavoris,</span> <span class='ocrx_word' id='word_1_581' title='bbox 684 5322 827 5398; x_wconf 87' lang='lat' dir='ltr'>quamsi</span> <span class='ocrx_word' id='word_1_582' title='bbox 846 5323 882 5383; x_wconf 89' lang='lat' dir='ltr'>tu</span> <span class='ocrx_word' id='word_1_583' title='bbox 936 5318 1088 5378; x_wconf 90' lang='lat' dir='ltr'>ecclesiis</span> <span class='ocrx_word' id='word_1_584' title='bbox 1105 5317 1341 5388; x_wconf 86' lang='lat' dir='ltr'>observandis,</span> <span class='ocrx_word' id='word_1_585' title='bbox 1360 5313 1549 5390; x_wconf 81' lang='lat' dir='ltr'>hrijusmodi</span> <span class='ocrx_word' id='word_1_586' title='bbox 1564 5314 1730 5392; x_wconf 90' lang='lat' dir='ltr'>culpama</span> 
     </span>
     <span class='ocr_line' id='line_1_53' title="bbox 114 5408 1730 5493; baseline -0.001 -17"><span class='ocrx_word' id='word_1_587' title='bbox 114 5416 163 5476; x_wconf 67' lang='lat' dir='ltr'>liti</span> <span class='ocrx_word' id='word_1_588' title='bbox 184 5408 421 5476; x_wconf 82' lang='lat' dir='ltr'>intolerabilem</span> <span class='ocrx_word' id='word_1_589' title='bbox 453 5417 711 5493; x_wconf 85' lang='lat' dir='ltr'>usurpationem·</span> <span class='ocrx_word' id='word_1_590' title='bbox 740 5418 881 5480; x_wconf 88' lang='lat' dir='ltr'>attentes</span> <span class='ocrx_word' id='word_1_591' title='bbox 935 5416 969 5476; x_wconf 89' lang='lat' dir='ltr'>te</span> <span class='ocrx_word' id='word_1_592' title='bbox 997 5415 1124 5477; x_wconf 83' lang='lat' dir='ltr'>factam·</span> <span class='ocrx_word' id='word_1_593' title='bbox 1139 5413 1291 5490; x_wconf 82' lang='lat' dir='ltr'>negando</span> <span class='ocrx_word' id='word_1_594' title='bbox 1314 5426 1486 5473; x_wconf 83' lang='lat' dir='ltr'>removeas</span> <span class='ocrx_word' id='word_1_595' title='bbox 1505 5411 1538 5472; x_wconf 91' lang='lat' dir='ltr'>et</span> <span class='ocrx_word' id='word_1_596' title='bbox 1556 5411 1592 5472; x_wconf 94' lang='lat' dir='ltr'>in</span> <span class='ocrx_word' id='word_1_597' title='bbox 1611 5412 1730 5476; x_wconf 90' lang='lat' dir='ltr'>talium</span> 
     </span>
     <span class='ocr_line' id='line_1_54' title="bbox 114 5504 1731 5593; baseline 0.01 -37"><span class='ocrx_word' id='word_1_598' title='bbox 114 5504 242 5569; x_wconf 68' lang='lat' dir='ltr'>evenere</span> <span class='ocrx_word' id='word_1_599' title='bbox 268 5512 525 5575; x_wconf 83' lang='lat' dir='ltr'>ecclesiasticam</span> <span class='ocrx_word' id='word_1_600' title='bbox 553 5510 752 5585; x_wconf 88' lang='lat' dir='ltr'>libertatem,</span> <span class='ocrx_word' id='word_1_601' title='bbox 775 5519 881 5593; x_wconf 77' lang='lat' dir='ltr'>apos·</span> <span class='ocrx_word' id='word_1_602' title='bbox 938 5509 1318 5591; x_wconf 80' lang='lat' dir='ltr'>portitoremverborum</span> <span class='ocrx_word' id='word_1_603' title='bbox 1333 5508 1607 5571; x_wconf 87' lang='lat' dir='ltr'>ateremovendo</span> <span class='ocrx_word' id='word_1_604' title='bbox 1621 5510 1731 5572; x_wconf 79' lang='lat' dir='ltr'>reitin-</span> 
     </span>
     <span class='ocr_line' id='line_1_55' title="bbox 113 5594 1730 5685; baseline 0.004 -23"><span class='ocrx_word' id='word_1_605' title='bbox 113 5594 198 5662; x_wconf 74' lang='lat' dir='ltr'>iolicu</span> <span class='ocrx_word' id='word_1_606' title='bbox 216 5620 290 5671; x_wconf 77' lang='lat' dir='ltr'>tero</span> <span class='ocrx_word' id='word_1_607' title='bbox 313 5609 415 5673; x_wconf 76' lang='lat' dir='ltr'>Sedes</span> <span class='ocrx_word' id='word_1_608' title='bbox 434 5610 528 5673; x_wconf 89' lang='lat' dir='ltr'>illam</span> <span class='ocrx_word' id='word_1_609' title='bbox 545 5611 727 5673; x_wconf 82' lang='lat' dir='ltr'>seeundum</span> <span class='ocrx_word' id='word_1_610' title='bbox 750 5612 880 5675; x_wconf 86' lang='lat' dir='ltr'>divinas</span> <span class='ocrx_word' id='word_1_611' title='bbox 935 5611 1007 5672; x_wconf 90' lang='lat' dir='ltr'>das.</span> <span class='ocrx_word' id='word_1_612' title='bbox 1021 5608 1112 5681; x_wconf 92' lang='lat' dir='ltr'>Quod</span> <span class='ocrx_word' id='word_1_613' title='bbox 1128 5608 1155 5669; x_wconf 89' lang='lat' dir='ltr'>si</span> <span class='ocrx_word' id='word_1_614' title='bbox 1171 5606 1254 5667; x_wconf 82' lang='lat' dir='ltr'>sorte</span> <span class='ocrx_word' id='word_1_615' title='bbox 1268 5604 1331 5667; x_wconf 92' lang='lat' dir='ltr'>dici</span> <span class='ocrx_word' id='word_1_616' title='bbox 1345 5604 1501 5683; x_wconf 88' lang='lat' dir='ltr'>praedicta</span> <span class='ocrx_word' id='word_1_617' title='bbox 1517 5607 1550 5669; x_wconf 91' lang='lat' dir='ltr'>et</span> <span class='ocrx_word' id='word_1_618' title='bbox 1564 5607 1636 5669; x_wconf 88' lang='lat' dir='ltr'>deri</span> <span class='ocrx_word' id='word_1_619' title='bbox 1649 5624 1730 5685; x_wconf 85' lang='lat' dir='ltr'>prae·</span> 
     </span>
    </p>
   </div>
   <div class='ocr_carea' id='block_1_8' title="bbox 1912 5524 1914 5591">
    <p class='ocr_par' dir='ltr' id='par_1_9' title="bbox 1912 5524 1914 5591">
     <span class='ocr_line' id='line_1_56' title="bbox 1912 5524 1914 5591; baseline 0 0"><span class='ocrx_word' id='word_1_620' title='bbox 1912 5524 1914 5591; x_wconf 80' lang='lat' dir='ltr'>l</span> 
     </span>
    </p>
   </div>
   <div class='ocr_carea' id='block_1_9' title="bbox 0 0 1954 6212">
    <p class='ocr_par' dir='ltr' id='par_1_10' title="bbox 0 0 1954 6212">
     <span class='ocr_line' id='line_1_57' title="bbox 0 0 1954 6212; baseline 0 0"><span class='ocrx_word' id='word_1_621' title='bbox 0 0 1954 6212; x_wconf 95' lang='lat' dir='ltr'> </span> 
     </span>
    </p>
   </div>
  </div>
 </body>
</html>
