3886 6214
222 295 284 359 aaa
838 298 1013 363 dodoau
1035 302 1081 369 ru
1101 303 1250 373 orout·
1785 319 1834 382 aa

224 452 453 531 abaciacus
464 450 650 533 patrocinio
661 456 1018 531 comminuemini
1071 462 1227 540 eoboope
1258 463 1507 541 Petragoricen.
1535 467 1684 544 gelriae
1709 469 1835 549 lungae

223 566 305 629 ergo
318 551 454 613 omnino
464 550 636 621 bominum
649 552 845 619 liceatbanc
859 557 1018 635 paginam
1072 558 1200 627 abbatis
1214 560 1349 634 ibidem,
1372 565 1510 640 propter
1522 563 1587 627 lieo
1598 565 1640 627 ad
1653 566 1729 629 dicti
1740 568 1834 646 legati,

223 651 348 715 nostrae
381 648 643 713 confirmationis
681 649 876 729 iufringere,
901 655 956 721 vet
985 656 1018 721 ei
1071 658 1104 720 et
1121 659 1269 731 cantore,
1290 674 1330 721 ao
1347 660 1493 737 capitulo
1506 662 1703 738 supradictis
1721 666 1835 729 adnos-

222 760 307 811 ausu
332 746 510 808 temerario
539 746 717 809 coubaire.
744 749 780 810 si
807 750 881 828 quis
905 752 1020 817 autam
1070 756 1156 823 tram
1171 756 1375 823 audientiam
1389 759 1657 835 provocantibus,
1668 761 1707 823 da
1723 761 1834 826 larmir
1899 761 1900 768 ’

222 843 286 909 hoc
300 843 464 909 attentare
476 845 738 922 praesumpserit,
753 846 1018 924 indignationem
1071 854 1250 919 mnonicos
1278 856 1504 928 nominatum,
1533 857 1569 919 in
1603 859 1835 923 contradictores

222 941 459 1018 omnipotentis
470 941 765 1015 notatissimum
773 945 863 1011 Petri
875 949 908 1013 et
918 947 1017 1013 Pauli
1071 953 1426 1015 excommunicationis
1447 954 1644 1017 sanandam
1660 957 1836 1032 jaculantes,

220 1039 446 1115 apostolorum
470 1043 543 1117 ejus
568 1056 605 1111 ae
628 1042 762 1113 nouerit
787 1041 1014 1111 incursurum.
1071 1064 1211 1124 quorum
1238 1049 1383 1127 quidam,
1420 1052 1596 1112 occasione
1626 1053 1836 1116 nominationis

221 1136 341 1198 Datum
361 1136 529 1210 Laterani,
556 1139 600 1199 lll
620 1138 696 1203 idus
720 1140 851 1218 aprilis,
875 1142 1017 1220 pontiti-
1070 1144 1261 1222 hujusmodi
1271 1147 1384 1209 laicali
1397 1146 1473 1209 freti
1488 1147 1646 1226 potentia,
1657 1148 1738 1211 bona
1750 1151 1836 1227 ipsius

220 1234 314 1296 catus
328 1233 435 1299 naabi
449 1249 539 1297 anuo
553 1236 709 1312 septimo.
1070 1242 1221 1305 ecclesiae
1257 1243 1422 1305 violenter
1457 1244 1629 1307 invadunt
1664 1246 1752 1307 Unde
1786 1249 1838 1309 nisi

1071 1337 1177 1399 eidem
1204 1354 1306 1416 super
1338 1340 1414 1409 boc,
1444 1341 1543 1403 citius
1570 1343 1767 1416 sucurratur,
1793 1345 1839 1405 rin

1070 1434 1216 1514 adjiciet,
1234 1437 1270 1499 ut
1289 1439 1455 1514 resurgat
1485 1439 1648 1511 Quocirca
1672 1439 1839 1502 discretioni

576 1529 662 1617 GV}
1070 1535 1191 1596 ammae
1212 1549 1272 1612 per
1293 1535 1484 1613 apostolica
1508 1536 1633 1615 scriptu
1656 1537 1837 1610 mandamns,

1070 1633 1244 1708 qiratenus,
1263 1633 1293 1693 si
1312 1634 1364 1696 esi
1381 1633 1442 1705 ita,
1453 1632 1575 1696 dictam
1593 1636 1838 1697 excommunica-

219 1724 1013 1799 Aamapattomoesucterroaeademootcen.
1069 1729 1170 1791 bonis
1195 1729 1393 1793 sanmntiam
1419 1732 1494 1809 post
1514 1732 1765 1810 appellationem
1788 1732 1839 1793 bu·

256 1823 423 1892 diocesis,
435 1821 741 1894 poenitentiarium
755 1825 846 1889 ctP.
860 1828 1020 1891 Plateam
1065 1826 1213 1904 jusmodi
1251 1826 1494 1905 promulgatam
1533 1828 1762 1895 denuntiantes
1793 1844 1840 1906 pe·

256 1921 462 1985 conortiown
475 1923 690 1987 Lomooioen.
1069 1923 1158 1984 nitus
1177 1937 1252 1985 esse
1269 1924 1397 1985 nullam
1417 1926 1451 1987 et
1475 1925 1620 1999 irritum,
1642 1926 1841 2004 appellatione

494 2049 526 2107 ¹¹
548 2050 645 2122 ”tlt
664 2049 744 2109 ⁴²²³·
1068 2020 1841 2185 bittit,llltttltdtrtttlt

1652 2167 1661 2197 i

1068 2216 1217 2287 clesiam,
1234 2214 1347 2279 habito
1363 2232 1432 2293 prae
1445 2217 1553 2279 oculis
1566 2217 1641 2279 selo
1653 2220 1731 2289 neo,
1744 2218 1842 2279 adab-

214 2296 332 2355 blandai
351 2303 383 2355 ut
403 2296 554 2354 ecclesiam
575 2297 604 2356 S·
625 2298 777 2357 Frontonis
797 2300 1011 2375 petragoricen.
1067 2314 1167 2376 ritate
1194 2315 1309 2375 nostra
1337 2315 1435 2392 juxta
1465 2313 1643 2378 facultates
1677 2312 1842 2393 1931qu

247 2384 327 2458 juxta
342 2384 490 2443 facultates
504 2386 594 2459 ipsius
611 2385 648 2443 de
665 2387 796 2461 personis
810 2387 922 2447 idoneis
935 2389 1011 2448 ordi·
1069 2411 1224 2488 pomp,
1238 2411 1371 2473 pdompg
1389 2411 1562 2485 ordinem,
1583 2414 1614 2474 ᾗ
1632 2413 1778 2475 ,pass-m,
1790 2426 1841 2472 ῃ.

252 2480 332 2557 ⁰9⁰⁸·
1068 2508 1196 2586 pedire,
1223 2507 1489 2573 conoadlctcres
1512 2524 1573 2587 per
1602 2525 1774 2573 censuram
1793 2523 1844 2570 ec·

254 2590 435 2662 Honorius,
454 2590 530 2664 etc,
547 2589 678 2655 ddecus
696 2591 814 2655 liliis...
832 2596 1013 2671 praeposito
1068 2607 1305 2680 missum,
1329 2605 1459 2669 sublato
1490 2607 1726 2685 appellationis
1746 2605 1844 2669 abab·

215 2687 256 2749 de
270 2686 493 2750 subterranea
503 2690 712 2753 lemovicen.
726 2690 836 2767 dioec,
848 2692 1014 2773 poeniten·
1069 2705 1157 2777 0u10‚
1192 2704 1453 2782 compescentes.
1479 2706 1594 2768 Testae
1628 2708 1749 2777 autern,
1781 2704 1842 2774 aio,

213 2785 315 2847 ilario
334 2786 367 2848 et
381 2786 419 2846 Ρ.
435 2784 585 2848 Plaissac
607 2787 767 2850 canonico
787 2788 1011 2864 Lemovicen„
1068 2802 1170 2863 nullis
1195 2801 1318 2864 littoris
1332 2801 1466 2865 verimi
1485 2804 1520 2865 at
1532 2803 1678 2880 justitia
1700 2800 1844 2880 praterii-

214 2883 368 2955 salutern,
384 2884 447 2945 etc.
1068 2897 1233 2961 cantibus.
1255 2898 1347 2971 Quod
1368 2898 1398 2960 sl
1419 2914 1486 2961 non
1505 2914 1635 2973 omnes,
1658 2900 1721 2962 etc.
1744 2898 1843 2960 baum

253 2982 304 3042 Ex
317 2981 412 3058 parte
427 2980 627 3043 dilectorum
644 2980 789 3044 liliorum
805 2985 964 3058 cantoris,
981 2987 1014 3049 et
1068 2997 1237 3069 morani,
1253 2998 1300 3057 ΙΙΙ
1318 2996 1394 3059 idas
1410 2996 1503 3071 maii,
1523 2997 1736 3074 pontificales
1753 2991 1843 3057 noan

216 3077 354 3157 capituli
367 3079 593 3147 &Frontonis
605 3080 854 3157 petragoricen.
867 3080 932 3149 luit
940 3098 1014 3161 pro-
1068 3109 1157 3156 pano
1172 3093 1324 3170 septimo.

215 3176 359 3256 positum
372 3192 485 3245 coram
496 3177 1016 3256 nobis,quodlioetdudumduoa

215 3275 257 3337 de
271 3277 387 3339 nostro
397 3274 712 3351 specialissimam,
726 3291 766 3339 ao
778 3293 886 3354 nuper
898 3293 1013 3352 unum,

215 3376 338 3451 acidus
348 3371 556 3448 impetitione
566 3372 653 3450 apud
665 3371 1013 3452 sadenapostotioam
1413 3378 1520 3466 GVH

216 3468 460 3533 sententialiter
472 3467 608 3535 fuerant
617 3468 774 3543 absenti,
784 3471 826 3535 ad
841 3475 1014 3549 menum

214 3565 420 3632 uenerabilis
437 3565 554 3631 fratris
574 3566 718 3629 nostri...
742 3570 901 3635 Pompei.
919 3570 1014 3647 epis·
1226 3555 1476 3631 Adcopttubtm
1488 3558 1706 3621 BWMW·

215 3662 302 3742 copi,
317 3661 420 3739 legati
434 3661 530 3723 Sedis
543 3662 938 3751 apostolicatussionem
953 3680 1012 3728 re·
1271 3702 1273 3705 v
1343 3687 1375 3744 ll
1392 3685 1490 3758 aprilis
1505 3686 1586 3745 lm.

194 3766 199 3781 ’
215 3761 366 3841 ceperint
374 3760 412 3823 in
421 3760 600 3823 canonicos
610 3761 643 3823 et
653 3759 688 3823 in
698 3759 856 3827 iratres...
866 3762 1013 3829 decanus

214 3860 338 3930 tamen,
358 3858 392 3919 et
408 3859 445 3918 L.
468 3856 727 3921 archidiaconus
749 3860 1012 3936 Petregoricea„
1367 3935 1372 3947 ·
1616 3934 1622 3946 ¹
1674 3935 1681 3949 .
1724 3935 1730 3946 ,

215 3955 380 4033 susceptis
398 3956 547 4034 ejusdem
566 3956 670 4031 legati
684 3955 816 4028 litteris,
831 3958 873 4020 ad
891 3957 1013 4025 dictam
1067 3934 1184 3994 mmm
1202 3943 1232 3993 ¹¹¹
1250 3941 1424 3993 “menum
1442 3942 1749 3995 ⁰¹⁰⁰¹¹¹¹¹¹¹¹¹¹¹⁰⁸²¹⁰⁰¹⁸
1764 3936 1850 3989 “mm

230 2170 351 2236 [Regest.,
364 2169 409 2222 lib.
423 2171 478 2230 vll,
489 2171 564 2237 epist.
579 2172 633 2223 loa.
644 2173 702 2224 lisa.
713 2173 750 2225 La
762 2174 840 2224 Parte
851 2174 887 2226 dn
902 2174 998 2242 rudi]

1083 3808 1206 3875 [liegest.,
1221 3808 1266 3861 lib.
1279 3809 1336 3869 Vll,
1347 3809 1421 3875 epist.
1433 3808 1488 3873 lta.
1503 3809 1560 3860 llas.
1572 3809 1609 3861 La
1618 3810 1698 3861 Parte
1709 3809 1744 3860 da
1752 3803 1839 3868 'l'beilJ

216 4053 392 4131 ecclesiam
420 4051 631 4125 ordinarunt,
652 4053 762 4129 ipsius
786 4054 1013 4129 facultatibus,
1102 4023 1282 4085 mmmm
1310 4023 1520 4092 G⁰m¹¹¹5⁸¹¹¹¹¹¹¹r
1544 4022 1622 4096 (ΨΜ
1652 4030 1757 4082 terram
1783 4017 1850 4091 Ψ

215 4151 315 4228 prout
330 4150 452 4223 decuit,
476 4165 543 4211 „011
563 4149 739 4225 inspecti&
752 4167 826 4228 ω
841 4151 1017 4221 dimum
1102 4111 1335 4181 Thessalonicen,
1351 4111 1511 4185 impugnat,
1527 4110 1682 4184 publicant.

215 4249 295 4309 sunt
311 4247 395 4308 adeo
415 4249 552 4323 propter
570 4262 711 4323 guerras
732 4248 820 4325 quod
841 4251 1014 4315 canonicis
1107 4246 1286 4319 Honorius,
1295 4244 1599 4319 etc.,dilectlsliliis
1607 4244 1851 4325 capimlobnm

215 4343 439 4407 residentibus
454 4343 632 4417 iraeadem,
650 4359 792 4408 necnon
806 4346 1013 4411 benellciatis
1068 4344 1194 4416 buain,
1206 4344 1360 4416 salutem,
1376 4344 1439 4407 etc.

215 4444 250 4507 et
262 4441 503 4520 praebendariis
523 4441 595 4503 suis
616 4443 676 4504 vix
690 4447 830 4520 possunt
842 4460 942 4523 super
954 4445 1017 4508 de-
1107 4444 1214 4514 Quum
1226 4439 1423 4505 Theodorus
1440 4439 1656 4502 dominianus
1670 4448 1852 4502 exeommu-

214 4554 425 4605 oommenses
435 4538 675 4605 benedmorurn
686 4556 823 4602 suorum
833 4542 1011 4620 stipendia,
1067 4539 1246 4601 nicationis
1258 4537 1422 4601 sonantia
1437 4537 1483 4601 sil
1494 4538 1628 4614 ligatus,
1645 4553 1709 4615 pro
1721 4528 1852 4612 eoquod

213 4638 293 4700 licet
313 4636 427 4700 tenuia
448 4636 648 4699 ministrari.
670 4638 868 4716 Hujusmodi
892 4644 926 4703 et
945 4640 1013 4703 alia
1067 4638 1191 4700 terram
1216 4635 1383 4699 camsslmi
1416 4635 1452 4697 iu
1473 4635 1606 4698 Christo
1630 4634 1693 4696 tilii
1718 4629 1853 4695 nostri...

213 4735 319 4816 ipsius
354 4733 583 4799 ecclesiastica
623 4736 820 4811 gravamina
861 4737 1013 4803 nolentes
1067 4733 1156 4811 regis
1179 4731 1452 4795 Thessalonicen.
1483 4731 1627 4794 illustris
1648 4746 1718 4793 non
1741 4724 1854 4791 desinit

213 4833 342 4904 audire,
358 4847 533 4910 perperam
552 4831 589 4892 in
607 4832 786 4899 commisso
800 4832 864 4895 sibi
879 4835 1013 4911 negotio
1067 4831 1275 4909 impugnare,
1297 4828 1490 4893 discmtioni
1508 4830 1629 4893 sesua
1647 4826 1854 4906 merentium

213 4930 434 5010 procedendo,
450 4933 487 4992 L.
501 4930 676 4993 cautorem
692 4931 831 5008 majoris
849 4932 1010 5006 ecclesia,
1067 4926 1481 4999 auctoritatemandamus,
1494 4927 1658 5004 quatenus
1671 4923 1855 5003 frequentor

214 5030 255 5095 do
266 5027 398 5107 Quinta,
414 5026 1013 5108 eto.130diceturcen.arcbipresby-
1067 5025 1216 5091 eamdem
1225 5023 1650 5102 sententiampublicantes,
1660 5023 1695 5085 et
1704 5019 1856 5084 animes

214 5128 307 5189 leros
329 5125 362 5189 et
390 5123 578 5203 quindecim
608 5123 694 5187 alios
715 5138 858 5202 quorum
879 5127 1013 5204 quidam
1066 5123 1168 5186 etiam
1192 5120 1368 5209 publicari,
1395 5136 1435 5185 ac
1460 5120 1702 5185 denunciantes
1725 5117 1853 5181 batim

214 5223 325 5285 minus
351 5221 474 5292 idonei,
504 5220 706 5297 ecquidem
740 5222 836 5298 pueri
870 5224 1013 5289 necdum
1067 5220 1176 5287 aldem
1195 5219 1372 5283 sententiaa
1389 5217 1563 5295 subjacare
1577 5217 1635 5296 qni
1653 5233 1730 5279 cum
1747 5214 1853 5278 eodem

215 5321 295 5387 tuno
318 5319 460 5397 primam
481 5320 655 5380 tonsuram
680 5316 852 5391 babentes,
873 5336 1013 5397 quorum
1067 5318 1241 5381 Theodoro
1265 5318 1531 5390 commorantium
1547 5315 1609 5377 sub
1635 5314 1737 5377 simili
1752 5321 1853 5390 piant,

217 5416 446 5495 progenitores
475 5429 606 5492 semper
631 5414 697 5491 ipsi
725 5415 877 5479 ecclesia
899 5417 1013 5483 infesti
1068 5416 1217 5480 districte
1235 5414 1433 5479 auctoritate
1448 5414 1571 5491 *naama
1591 5411 1790 5480 inhibentes,
1815 5417 1856 5514 no

218 5512 364 5585 luerunt,
377 5515 412 5575 at
424 5512 576 5575 nonnulli
589 5512 690 5577 etiarn
712 5512 937 5590 competenter
954 5515 1015 5579 be-
1068 5515 1143 5592 puis
1159 5530 1274 5593 equos,
1289 5527 1396 5586 arma,
1410 5510 1584 5582 ammana,
1599 5525 1658 5572 seu
1674 5509 1778 5570 etiam
1790 5520 1853 5565 mi-

217 5608 362 5670 naticiati
374 5609 531 5684 existunt,
543 5608 729 5675 venmobffi
743 5609 846 5675 tratre
861 5613 1011 5675 nostro...
1067 5612 1156 5683 lites,
1174 5614 1231 5673 aut
1245 5607 1336 5673 aliud
1355 5607 1524 5687 quodlibet
1542 5607 1710 5683 auxilium
1728 5616 1850 5682 praesu·
