<?xml version="1.0" encoding="UTF-8"?>
<!DOCTYPE html PUBLIC "-//W3C//DTD XHTML 1.0 Transitional//EN"
    "http://www.w3.org/TR/xhtml1/DTD/xhtml1-transitional.dtd">
<html xmlns="http://www.w3.org/1999/xhtml" xml:lang="en" lang="en">
 <head>
  <title>
</title>
<meta http-equiv="Content-Type" content="text/html;charset=utf-8" />
  <meta name='ocr-system' content='tesseract 3.04.00' />
  <meta name='ocr-capabilities' content='ocr_page ocr_carea ocr_par ocr_line ocrx_word'/>
</head>
<body>
  <div class='ocr_page' id='page_1' title='image "./mediiaevibiblio04bottgoog_0045.png"; bbox 0 0 4014 6224; ppageno 0'>
   <div class='ocr_carea' id='block_1_1' title="bbox 207 279 1856 355">
    <p class='ocr_par' dir='ltr' id='par_1_1' title="bbox 207 279 1856 355">
     <span class='ocr_line' id='line_1_1' title="bbox 207 279 1856 355; baseline 0 0"><span class='ocrx_word' id='word_1_1' title='bbox 207 291 248 355; x_wconf 76' lang='lat' dir='ltr'><strong>te</strong></span> <span class='ocrx_word' id='word_1_2' title='bbox 827 279 1004 352; x_wconf 76' lang='lat' dir='ltr'>HONORII</span> <span class='ocrx_word' id='word_1_3' title='bbox 1024 286 1070 351; x_wconf 89' lang='lat'><strong>111</strong></span> <span class='ocrx_word' id='word_1_4' title='bbox 1090 288 1240 353; x_wconf 77' lang='lat' dir='ltr'><strong>OPERA.</strong></span> <span class='ocrx_word' id='word_1_5' title='bbox 1814 292 1856 355; x_wconf 82' lang='grc'><strong>60</strong></span> 
     </span>
    </p>
   </div>
   <div class='ocr_carea' id='block_1_2' title="bbox 199 444 1853 2568">
    <p class='ocr_par' dir='ltr' id='par_1_2' title="bbox 199 444 1853 2568">
     <span class='ocr_line' id='line_1_2' title="bbox 204 444 1851 529; baseline 0.001 -17"><span class='ocrx_word' id='word_1_6' title='bbox 204 448 384 527; x_wconf 83' lang='lat' dir='ltr'><strong>dignitates</strong></span> <span class='ocrx_word' id='word_1_7' title='bbox 415 445 605 511; x_wconf 86' lang='lat' dir='ltr'><strong>Bremensis</strong></span> <span class='ocrx_word' id='word_1_8' title='bbox 629 444 781 511; x_wconf 80' lang='lat' dir='ltr'><strong>ecclesie</strong></span> <span class='ocrx_word' id='word_1_9' title='bbox 810 445 997 524; x_wconf 72' lang='lat' dir='ltr'><strong>ignorabat,</strong></span> <span class='ocrx_word' id='word_1_10' title='bbox 1054 447 1315 524; x_wconf 72' lang='lat' dir='ltr'><strong>contegentium</strong></span> <span class='ocrx_word' id='word_1_11' title='bbox 1329 448 1518 511; x_wconf 79' lang='lat' dir='ltr'><strong>ammarum</strong></span> <span class='ocrx_word' id='word_1_12' title='bbox 1531 448 1667 525; x_wconf 68' lang='lat' dir='ltr'><strong>tributa</strong></span> <span class='ocrx_word' id='word_1_13' title='bbox 1683 452 1851 529; x_wconf 80' lang='lat' dir='ltr'><strong>restituis3</strong></span> 
     </span>
     <span class='ocr_line' id='line_1_3' title="bbox 204 543 1853 625; baseline 0.001 -15"><span class='ocrx_word' id='word_1_14' title='bbox 204 548 319 625; x_wconf 78' lang='lat' dir='ltr'>utpote</span> <span class='ocrx_word' id='word_1_15' title='bbox 346 561 443 625; x_wconf 77' lang='lat' dir='ltr'><strong>quem</strong></span> <span class='ocrx_word' id='word_1_16' title='bbox 470 560 579 623; x_wconf 81' lang='lat' dir='ltr'>nuper</span> <span class='ocrx_word' id='word_1_17' title='bbox 610 543 767 607; x_wconf 83' lang='lat' dir='ltr'><strong>deterre</strong></span> <span class='ocrx_word' id='word_1_18' title='bbox 794 546 1000 607; x_wconf 82' lang='lat' dir='ltr'><strong>vocaverunt</strong></span> <span class='ocrx_word' id='word_1_19' title='bbox 1054 543 1112 605; x_wconf 92' lang='lat' dir='ltr'><strong>sed</strong></span> <span class='ocrx_word' id='word_1_20' title='bbox 1126 545 1284 622; x_wconf 62' lang='lat' dir='ltr'><strong>unquam</strong></span> <span class='ocrx_word' id='word_1_21' title='bbox 1297 545 1542 609; x_wconf 90' lang='lat' dir='ltr'><strong>benedictionis</strong></span> <span class='ocrx_word' id='word_1_22' title='bbox 1555 547 1637 620; x_wconf 86' lang='lat' dir='ltr'><strong>iilia,</strong></span> <span class='ocrx_word' id='word_1_23' title='bbox 1647 563 1726 610; x_wconf 84' lang='lat' dir='ltr'><strong>oves</strong></span> <span class='ocrx_word' id='word_1_24' title='bbox 1737 564 1853 611; x_wconf 88' lang='lat' dir='ltr'><strong>erran·</strong></span> 
     </span>
     <span class='ocr_line' id='line_1_4' title="bbox 202 640 1853 721; baseline 0.001 -15"><span class='ocrx_word' id='word_1_25' title='bbox 202 645 326 718; x_wconf 62' lang='lat' dir='ltr'><strong>misna,</strong></span> <span class='ocrx_word' id='word_1_26' title='bbox 353 661 373 707; x_wconf 89' lang='lat' dir='ltr'><strong>a</strong></span> <span class='ocrx_word' id='word_1_27' title='bbox 398 642 574 721; x_wconf 88' lang='lat' dir='ltr'><strong>praeposito</strong></span> <span class='ocrx_word' id='word_1_28' title='bbox 593 642 627 703; x_wconf 88' lang='lat' dir='ltr'><strong>et</strong></span> <span class='ocrx_word' id='word_1_29' title='bbox 650 642 822 705; x_wconf 87' lang='lat' dir='ltr'><strong>canonicis</strong></span> <span class='ocrx_word' id='word_1_30' title='bbox 835 644 998 704; x_wconf 89' lang='lat' dir='ltr'><strong>Hamma-</strong></span> <span class='ocrx_word' id='word_1_31' title='bbox 1052 642 1102 702; x_wconf 85' lang='lat' dir='ltr'><strong>tes</strong></span> <span class='ocrx_word' id='word_1_32' title='bbox 1117 640 1158 703; x_wconf 86' lang='lat' dir='ltr'><strong>ad</strong></span> <span class='ocrx_word' id='word_1_33' title='bbox 1172 642 1304 703; x_wconf 87' lang='lat' dir='ltr'>Domini</span> <span class='ocrx_word' id='word_1_34' title='bbox 1324 644 1439 705; x_wconf 89' lang='lat' dir='ltr'><strong>caulas</strong></span> <span class='ocrx_word' id='word_1_35' title='bbox 1459 643 1572 706; x_wconf 91' lang='lat' dir='ltr'><strong>studes</strong></span> <span class='ocrx_word' id='word_1_36' title='bbox 1593 644 1768 708; x_wconf 88' lang='lat' dir='ltr'><strong>adducere.</strong></span> <span class='ocrx_word' id='word_1_37' title='bbox 1786 650 1853 708; x_wconf 86' lang='lat' dir='ltr'><strong>De-</strong></span> 
     </span>
     <span class='ocr_line' id='line_1_5' title="bbox 202 738 1850 818; baseline 0.001 -15"><span class='ocrx_word' id='word_1_38' title='bbox 202 740 423 818; x_wconf 88' lang='lat' dir='ltr'><strong>burgensibus</strong></span> <span class='ocrx_word' id='word_1_39' title='bbox 432 740 688 811; x_wconf 81' lang='lat' dir='ltr'><strong>circumventus,</strong></span> <span class='ocrx_word' id='word_1_40' title='bbox 700 738 795 816; x_wconf 87' lang='lat' dir='ltr'><strong>ipsis,</strong></span> <span class='ocrx_word' id='word_1_41' title='bbox 806 739 999 816; x_wconf 77' lang='lat' dir='ltr'><strong>irrequisito</strong></span> <span class='ocrx_word' id='word_1_42' title='bbox 1052 738 1218 800; x_wconf 69' lang='lat' dir='ltr'><strong>sotionem</strong></span> <span class='ocrx_word' id='word_1_43' title='bbox 1233 740 1325 801; x_wconf 89' lang='lat' dir='ltr'><strong>tuam</strong></span> <span class='ocrx_word' id='word_1_44' title='bbox 1348 741 1384 802; x_wconf 90' lang='lat' dir='ltr'><strong>in</strong></span> <span class='ocrx_word' id='word_1_45' title='bbox 1407 741 1548 803; x_wconf 90' lang='lat' dir='ltr'><strong>Domino</strong></span> <span class='ocrx_word' id='word_1_46' title='bbox 1565 742 1850 817; x_wconf 89' lang='lat' dir='ltr'><strong>commendamus,</strong></span> 
     </span>
     <span class='ocr_line' id='line_1_6' title="bbox 204 835 1853 914; baseline 0.001 -13"><span class='ocrx_word' id='word_1_47' title='bbox 204 837 395 901; x_wconf 89' lang='lat' dir='ltr'><strong>eorumdem</strong></span> <span class='ocrx_word' id='word_1_48' title='bbox 410 852 560 904; x_wconf 87' lang='lat' dir='ltr'><strong>assensu,</strong></span> <span class='ocrx_word' id='word_1_49' title='bbox 576 836 612 897; x_wconf 91' lang='lat' dir='ltr'><strong>in</strong></span> <span class='ocrx_word' id='word_1_50' title='bbox 636 835 867 913; x_wconf 81' lang='lat' dir='ltr'><strong>praejudicinm</strong></span> <span class='ocrx_word' id='word_1_51' title='bbox 889 838 923 897; x_wconf 87' lang='lat' dir='ltr'><strong>et</strong></span> <span class='ocrx_word' id='word_1_52' title='bbox 941 836 1000 896; x_wconf 88' lang='lat' dir='ltr'><strong>iu·</strong></span> <span class='ocrx_word' id='word_1_53' title='bbox 1054 850 1129 895; x_wconf 89' lang='lat' dir='ltr'><strong>cum</strong></span> <span class='ocrx_word' id='word_1_54' title='bbox 1149 836 1183 896; x_wconf 87' lang='lat' dir='ltr'><strong>in</strong></span> <span class='ocrx_word' id='word_1_55' title='bbox 1209 851 1294 899; x_wconf 81' lang='lat' dir='ltr'><strong>sexu</strong></span> <span class='ocrx_word' id='word_1_56' title='bbox 1319 836 1431 914; x_wconf 77' lang='lat' dir='ltr'><strong>fragili</strong></span> <span class='ocrx_word' id='word_1_57' title='bbox 1447 838 1545 901; x_wconf 80' lang='lat' dir='ltr'><strong>virile</strong></span> <span class='ocrx_word' id='word_1_58' title='bbox 1569 840 1672 901; x_wconf 91' lang='lat' dir='ltr'><strong>robur</strong></span> <span class='ocrx_word' id='word_1_59' title='bbox 1686 840 1805 902; x_wconf 80' lang='lat' dir='ltr'><strong>induas</strong></span> <span class='ocrx_word' id='word_1_60' title='bbox 1817 844 1853 903; x_wconf 88' lang='lat' dir='ltr'><strong>et</strong></span> 
     </span>
     <span class='ocr_line' id='line_1_7' title="bbox 199 931 1849 1013; baseline 0.002 -17"><span class='ocrx_word' id='word_1_61' title='bbox 199 936 326 1013; x_wconf 82' lang='lat' dir='ltr'><strong>jnriam</strong></span> <span class='ocrx_word' id='word_1_62' title='bbox 350 933 500 996; x_wconf 86' lang='lat' dir='ltr'><strong>ecclesiae</strong></span> <span class='ocrx_word' id='word_1_63' title='bbox 528 933 675 1011; x_wconf 84' lang='lat' dir='ltr'><strong>praeiatae</strong></span> <span class='ocrx_word' id='word_1_64' title='bbox 699 932 882 1004; x_wconf 87' lang='lat' dir='ltr'><strong>concessit,</strong></span> <span class='ocrx_word' id='word_1_65' title='bbox 912 931 999 1011; x_wconf 86' lang='lat' dir='ltr'><strong>quod</strong></span> <span class='ocrx_word' id='word_1_66' title='bbox 1053 948 1212 1005; x_wconf 89' lang='lat' dir='ltr'><strong>amorem,</strong></span> <span class='ocrx_word' id='word_1_67' title='bbox 1228 949 1327 1011; x_wconf 86' lang='lat' dir='ltr'><strong>quem</strong></span> <span class='ocrx_word' id='word_1_68' title='bbox 1340 950 1420 1012; x_wconf 87' lang='lat' dir='ltr'><strong>erga</strong></span> <span class='ocrx_word' id='word_1_69' title='bbox 1435 939 1540 997; x_wconf 85' lang='lat' dir='ltr'><strong>Deum</strong></span> <span class='ocrx_word' id='word_1_70' title='bbox 1560 938 1651 1013; x_wconf 90' lang='lat' dir='ltr'><strong>geris</strong></span> <span class='ocrx_word' id='word_1_71' title='bbox 1670 938 1706 998; x_wconf 91' lang='lat' dir='ltr'><strong>in</strong></span> <span class='ocrx_word' id='word_1_72' title='bbox 1725 938 1849 1011; x_wconf 91' lang='lat' dir='ltr'><strong>animo,</strong></span> 
     </span>
     <span class='ocr_line' id='line_1_8' title="bbox 204 1028 1852 1113; baseline 0.002 -19"><span class='ocrx_word' id='word_1_73' title='bbox 204 1031 293 1095; x_wconf 87' lang='lat' dir='ltr'><strong>ultra</strong></span> <span class='ocrx_word' id='word_1_74' title='bbox 315 1032 439 1093; x_wconf 91' lang='lat' dir='ltr'><strong>ilumen</strong></span> <span class='ocrx_word' id='word_1_75' title='bbox 469 1031 556 1109; x_wconf 89' lang='lat' dir='ltr'><strong>quod</strong></span> <span class='ocrx_word' id='word_1_76' title='bbox 579 1030 676 1093; x_wconf 88' lang='lat' dir='ltr'><strong>Albia</strong></span> <span class='ocrx_word' id='word_1_77' title='bbox 700 1030 824 1091; x_wconf 89' lang='lat' dir='ltr'><strong>dicitur</strong></span> <span class='ocrx_word' id='word_1_78' title='bbox 842 1032 1000 1091; x_wconf 87' lang='lat' dir='ltr'><strong>Hamma—</strong></span> <span class='ocrx_word' id='word_1_79' title='bbox 1054 1028 1585 1109; x_wconf 82' lang='lat' dir='ltr'><strong>devotisoperibusrepraesentes</strong></span> <span class='ocrx_word' id='word_1_80' title='bbox 1600 1034 1852 1113; x_wconf 88' lang='lat' dir='ltr'><strong>:propterquod</strong></span> 
     </span>
     <span class='ocr_line' id='line_1_9' title="bbox 203 1126 1851 1208; baseline 0.002 -18"><span class='ocrx_word' id='word_1_81' title='bbox 203 1127 390 1205; x_wconf 89' lang='lat' dir='ltr'><strong>burgensis,</strong></span> <span class='ocrx_word' id='word_1_82' title='bbox 407 1129 491 1191; x_wconf 90' lang='lat' dir='ltr'><strong>citra</strong></span> <span class='ocrx_word' id='word_1_83' title='bbox 511 1144 591 1190; x_wconf 79' lang='lat' dir='ltr'><strong>vero</strong></span> <span class='ocrx_word' id='word_1_84' title='bbox 606 1127 796 1190; x_wconf 89' lang='lat' dir='ltr'><strong>Bremensis</strong></span> <span class='ocrx_word' id='word_1_85' title='bbox 811 1126 1000 1204; x_wconf 86' lang='lat' dir='ltr'><strong>archiepis-</strong></span> <span class='ocrx_word' id='word_1_86' title='bbox 1053 1126 1132 1199; x_wconf 86' lang='lat' dir='ltr'><strong>tuis,</strong></span> <span class='ocrx_word' id='word_1_87' title='bbox 1149 1128 1183 1190; x_wconf 90' lang='lat' dir='ltr'><strong>et</strong></span> <span class='ocrx_word' id='word_1_88' title='bbox 1205 1129 1439 1205; x_wconf 75' lang='lat' dir='ltr'><strong>predictorum</strong></span> <span class='ocrx_word' id='word_1_89' title='bbox 1460 1130 1672 1207; x_wconf 81' lang='lat' dir='ltr'><strong>praelatorum</strong></span> <span class='ocrx_word' id='word_1_90' title='bbox 1697 1132 1851 1208; x_wconf 87' lang='lat' dir='ltr'><strong>precibus</strong></span> 
     </span>
     <span class='ocr_line' id='line_1_10' title="bbox 204 1223 1851 1304; baseline 0.003 -16"><span class='ocrx_word' id='word_1_91' title='bbox 204 1241 306 1303; x_wconf 90' lang='lat' dir='ltr'><strong>copus</strong></span> <span class='ocrx_word' id='word_1_92' title='bbox 342 1241 380 1288; x_wconf 90' lang='lat' dir='ltr'><strong>se</strong></span> <span class='ocrx_word' id='word_1_93' title='bbox 420 1226 571 1289; x_wconf 86' lang='lat' dir='ltr'><strong>vocabat.</strong></span> <span class='ocrx_word' id='word_1_94' title='bbox 608 1226 771 1298; x_wconf 80' lang='lat' dir='ltr'><strong>Quocirca</strong></span> <span class='ocrx_word' id='word_1_95' title='bbox 805 1224 1000 1288; x_wconf 91' lang='lat' dir='ltr'><strong>discretioni</strong></span> <span class='ocrx_word' id='word_1_96' title='bbox 1053 1223 1218 1296; x_wconf 87' lang='lat' dir='ltr'><strong>inclinati,</strong></span> <span class='ocrx_word' id='word_1_97' title='bbox 1238 1227 1512 1304; x_wconf 86' lang='lat' dir='ltr'><strong>compositionem</strong></span> <span class='ocrx_word' id='word_1_98' title='bbox 1531 1229 1639 1304; x_wconf 85' lang='lat' dir='ltr'><strong>ipsam</strong></span> <span class='ocrx_word' id='word_1_99' title='bbox 1653 1230 1851 1293; x_wconf 89' lang='lat' dir='ltr'><strong>auctoritate</strong></span> 
     </span>
     <span class='ocr_line' id='line_1_11' title="bbox 202 1321 1853 1404; baseline 0.002 -18"><span class='ocrx_word' id='word_1_100' title='bbox 202 1324 323 1386; x_wconf 67' lang='lat' dir='ltr'><strong>vestm</strong></span> <span class='ocrx_word' id='word_1_101' title='bbox 347 1338 408 1401; x_wconf 91' lang='lat' dir='ltr'><strong>per</strong></span> <span class='ocrx_word' id='word_1_102' title='bbox 433 1323 623 1400; x_wconf 73' lang='lat' dir='ltr'><strong>apostolica</strong></span> <span class='ocrx_word' id='word_1_103' title='bbox 648 1323 774 1399; x_wconf 90' lang='lat' dir='ltr'><strong>scripta</strong></span> <span class='ocrx_word' id='word_1_104' title='bbox 791 1321 998 1391; x_wconf 78' lang='lat' dir='ltr'><strong>mandamus,</strong></span> <span class='ocrx_word' id='word_1_105' title='bbox 1053 1323 1243 1399; x_wconf 80' lang='lat' dir='ltr'><strong>apostolica</strong></span> <span class='ocrx_word' id='word_1_106' title='bbox 1255 1324 1412 1385; x_wconf 85' lang='lat' dir='ltr'><strong>duximus</strong></span> <span class='ocrx_word' id='word_1_107' title='bbox 1426 1325 1701 1398; x_wconf 80' lang='lat' dir='ltr'><strong>confirmandam,</strong></span> <span class='ocrx_word' id='word_1_108' title='bbox 1717 1328 1853 1404; x_wconf 85' lang='lat' dir='ltr'><strong>magni·</strong></span> 
     </span>
     <span class='ocr_line' id='line_1_12' title="bbox 203 1418 1852 1502; baseline 0.003 -19"><span class='ocrx_word' id='word_1_109' title='bbox 203 1422 368 1499; x_wconf 65' lang='lat' dir='ltr'><strong>quabuus</strong></span> <span class='ocrx_word' id='word_1_110' title='bbox 390 1421 529 1494; x_wconf 81' lang='lat' dir='ltr'><strong>vocatis,</strong></span> <span class='ocrx_word' id='word_1_111' title='bbox 547 1420 604 1498; x_wconf 87' lang='lat' dir='ltr'><strong>qui</strong></span> <span class='ocrx_word' id='word_1_112' title='bbox 624 1418 749 1483; x_wconf 81' lang='lat' dir='ltr'><strong>luerint</strong></span> <span class='ocrx_word' id='word_1_113' title='bbox 771 1419 943 1492; x_wconf 81' lang='lat' dir='ltr'><strong>evocandi,</strong></span> <span class='ocrx_word' id='word_1_114' title='bbox 966 1420 1000 1482; x_wconf 90' lang='lat' dir='ltr'><strong>et</strong></span> <span class='ocrx_word' id='word_1_115' title='bbox 1054 1420 1220 1484; x_wconf 85' lang='lat' dir='ltr'><strong>licentiam</strong></span> <span class='ocrx_word' id='word_1_116' title='bbox 1238 1422 1330 1484; x_wconf 89' lang='lat' dir='ltr'><strong>tuam</strong></span> <span class='ocrx_word' id='word_1_117' title='bbox 1345 1424 1527 1496; x_wconf 89' lang='lat' dir='ltr'><strong>monentes,</strong></span> <span class='ocrx_word' id='word_1_118' title='bbox 1544 1424 1577 1485; x_wconf 89' lang='lat' dir='ltr'><strong>et</strong></span> <span class='ocrx_word' id='word_1_119' title='bbox 1592 1426 1852 1502; x_wconf 70' lang='lat' dir='ltr'><strong>parapostolica</strong></span> 
     </span>
     <span class='ocr_line' id='line_1_13' title="bbox 203 1516 1852 1600; baseline 0.003 -21"><span class='ocrx_word' id='word_1_120' title='bbox 203 1518 327 1581; x_wconf 88' lang='lat' dir='ltr'><strong>auditis</strong></span> <span class='ocrx_word' id='word_1_121' title='bbox 351 1517 521 1580; x_wconf 86' lang='lat' dir='ltr'><strong>hincinde</strong></span> <span class='ocrx_word' id='word_1_122' title='bbox 542 1518 732 1595; x_wconf 87' lang='lat' dir='ltr'><strong>propositis,</strong></span> <span class='ocrx_word' id='word_1_123' title='bbox 754 1517 842 1595; x_wconf 88' lang='lat' dir='ltr'><strong>quod</strong></span> <span class='ocrx_word' id='word_1_124' title='bbox 859 1516 1000 1579; x_wconf 90' lang='lat' dir='ltr'><strong>canoni·</strong></span> <span class='ocrx_word' id='word_1_125' title='bbox 1053 1517 1114 1581; x_wconf 86' lang='lat' dir='ltr'><strong>tibi</strong></span> <span class='ocrx_word' id='word_1_126' title='bbox 1128 1519 1253 1596; x_wconf 81' lang='lat' dir='ltr'><strong>scripta</strong></span> <span class='ocrx_word' id='word_1_127' title='bbox 1275 1519 1482 1593; x_wconf 89' lang='lat' dir='ltr'><strong>mandantes,</strong></span> <span class='ocrx_word' id='word_1_128' title='bbox 1504 1524 1668 1598; x_wconf 86' lang='lat' dir='ltr'><strong>quatenus</strong></span> <span class='ocrx_word' id='word_1_129' title='bbox 1683 1524 1852 1600; x_wconf 86' lang='lat' dir='ltr'><strong>composi-</strong></span> 
     </span>
     <span class='ocr_line' id='line_1_14' title="bbox 203 1613 1849 1694; baseline 0.002 -17"><span class='ocrx_word' id='word_1_130' title='bbox 203 1632 279 1678; x_wconf 91' lang='lat' dir='ltr'><strong>cum</strong></span> <span class='ocrx_word' id='word_1_131' title='bbox 300 1616 420 1688; x_wconf 85' lang='lat' dir='ltr'><strong>fuerit,</strong></span> <span class='ocrx_word' id='word_1_132' title='bbox 445 1616 669 1694; x_wconf 86' lang='lat' dir='ltr'><strong>appellatione</strong></span> <span class='ocrx_word' id='word_1_133' title='bbox 683 1617 821 1687; x_wconf 88' lang='lat' dir='ltr'><strong>remota,</strong></span> <span class='ocrx_word' id='word_1_134' title='bbox 847 1613 994 1677; x_wconf 86' lang='lat' dir='ltr'><strong>statuere</strong></span> <span class='ocrx_word' id='word_1_135' title='bbox 1053 1614 1178 1677; x_wconf 89' lang='lat' dir='ltr'><strong>tionem</strong></span> <span class='ocrx_word' id='word_1_136' title='bbox 1192 1616 1342 1678; x_wconf 89' lang='lat' dir='ltr'><strong>eamdem</strong></span> <span class='ocrx_word' id='word_1_137' title='bbox 1355 1617 1511 1679; x_wconf 77' lang='lat' dir='ltr'><strong>observes</strong></span> <span class='ocrx_word' id='word_1_138' title='bbox 1524 1618 1559 1678; x_wconf 92' lang='lat' dir='ltr'><strong>in</strong></span> <span class='ocrx_word' id='word_1_139' title='bbox 1574 1618 1741 1692; x_wconf 87' lang='lat' dir='ltr'><strong>omnibus,</strong></span> <span class='ocrx_word' id='word_1_140' title='bbox 1755 1620 1788 1682; x_wconf 91' lang='lat' dir='ltr'><strong>et</strong></span> <span class='ocrx_word' id='word_1_141' title='bbox 1807 1619 1849 1681; x_wconf 89' lang='lat' dir='ltr'><strong>ab</strong></span> 
     </span>
     <span class='ocr_line' id='line_1_15' title="bbox 202 1711 1848 1792; baseline 0.002 -18"><span class='ocrx_word' id='word_1_142' title='bbox 202 1714 400 1792; x_wconf 85' lang='lat' dir='ltr'><strong>procuretis,</strong></span> <span class='ocrx_word' id='word_1_143' title='bbox 423 1712 584 1775; x_wconf 84' lang='lat' dir='ltr'><strong>iacientes</strong></span> <span class='ocrx_word' id='word_1_144' title='bbox 612 1711 699 1791; x_wconf 85' lang='lat' dir='ltr'><strong>quod</strong></span> <span class='ocrx_word' id='word_1_145' title='bbox 728 1711 914 1774; x_wconf 89' lang='lat' dir='ltr'><strong>statueritis</strong></span> <span class='ocrx_word' id='word_1_146' title='bbox 940 1728 1001 1788; x_wconf 88' lang='lat' dir='ltr'><strong>per</strong></span> <span class='ocrx_word' id='word_1_147' title='bbox 1053 1711 1129 1773; x_wconf 91' lang='lat' dir='ltr'><strong>aliis</strong></span> <span class='ocrx_word' id='word_1_148' title='bbox 1144 1711 1249 1775; x_wconf 87' lang='lat' dir='ltr'><strong>iacias</strong></span> <span class='ocrx_word' id='word_1_149' title='bbox 1273 1716 1433 1790; x_wconf 83' lang='lat' dir='ltr'><strong>quantum</strong></span> <span class='ocrx_word' id='word_1_150' title='bbox 1447 1715 1482 1776; x_wconf 90' lang='lat' dir='ltr'><strong>ln</strong></span> <span class='ocrx_word' id='word_1_151' title='bbox 1501 1714 1650 1777; x_wconf 76' lang='lat' dir='ltr'><strong>tefuerit</strong></span> <span class='ocrx_word' id='word_1_152' title='bbox 1663 1715 1848 1787; x_wconf 82' lang='lat' dir='ltr'><strong>observari,</strong></span> 
     </span>
     <span class='ocr_line' id='line_1_16' title="bbox 203 1808 1846 1888; baseline 0.002 -16"><span class='ocrx_word' id='word_1_153' title='bbox 203 1826 381 1872; x_wconf 89' lang='lat' dir='ltr'><strong>censuram</strong></span> <span class='ocrx_word' id='word_1_154' title='bbox 394 1810 655 1873; x_wconf 90' lang='lat' dir='ltr'><strong>ecclesiasticam</strong></span> <span class='ocrx_word' id='word_1_155' title='bbox 666 1808 997 1871; x_wconf 86' lang='lat' dir='ltr'><strong>firmiterobservari.</strong></span> <span class='ocrx_word' id='word_1_156' title='bbox 1053 1808 1101 1871; x_wconf 89' lang='lat' dir='ltr'><strong>ita</strong></span> <span class='ocrx_word' id='word_1_157' title='bbox 1113 1809 1199 1886; x_wconf 90' lang='lat' dir='ltr'><strong>quod</strong></span> <span class='ocrx_word' id='word_1_158' title='bbox 1213 1810 1335 1872; x_wconf 89' lang='lat' dir='ltr'><strong>bonum</strong></span> <span class='ocrx_word' id='word_1_159' title='bbox 1344 1812 1447 1888; x_wconf 90' lang='lat' dir='ltr'><strong>pacis,</strong></span> <span class='ocrx_word' id='word_1_160' title='bbox 1458 1813 1492 1875; x_wconf 91' lang='lat' dir='ltr'><strong>et</strong></span> <span class='ocrx_word' id='word_1_161' title='bbox 1503 1813 1690 1875; x_wconf 82' lang='lat' dir='ltr'><strong>concordiae</strong></span> <span class='ocrx_word' id='word_1_162' title='bbox 1700 1813 1789 1876; x_wconf 91' lang='lat' dir='ltr'><strong>inter</strong></span> <span class='ocrx_word' id='word_1_163' title='bbox 1803 1816 1846 1888; x_wconf 91' lang='lat' dir='ltr'><strong>te,</strong></span> 
     </span>
     <span class='ocr_line' id='line_1_17' title="bbox 201 1906 1850 1986; baseline 0.002 -16"><span class='ocrx_word' id='word_1_164' title='bbox 201 1911 316 1970; x_wconf 83' lang='lat' dir='ltr'><strong>Testes</strong></span> <span class='ocrx_word' id='word_1_165' title='bbox 342 1908 454 1970; x_wconf 90' lang='lat' dir='ltr'><strong>autem</strong></span> <span class='ocrx_word' id='word_1_166' title='bbox 477 1909 534 1984; x_wconf 90' lang='lat' dir='ltr'><strong>qui</strong></span> <span class='ocrx_word' id='word_1_167' title='bbox 557 1907 684 1970; x_wconf 81' lang='lat' dir='ltr'><strong>suerint</strong></span> <span class='ocrx_word' id='word_1_168' title='bbox 704 1906 877 1979; x_wconf 86' lang='lat' dir='ltr'><strong>nominati,</strong></span> <span class='ocrx_word' id='word_1_169' title='bbox 904 1906 933 1967; x_wconf 92' lang='lat' dir='ltr'><strong>si</strong></span> <span class='ocrx_word' id='word_1_170' title='bbox 962 1920 999 1966; x_wconf 91' lang='lat' dir='ltr'><strong>se</strong></span> <span class='ocrx_word' id='word_1_171' title='bbox 1053 1921 1093 1968; x_wconf 90' lang='lat' dir='ltr'><strong>ac</strong></span> <span class='ocrx_word' id='word_1_172' title='bbox 1107 1907 1281 1985; x_wconf 84' lang='lat' dir='ltr'><strong>praedictos</strong></span> <span class='ocrx_word' id='word_1_173' title='bbox 1301 1910 1456 1986; x_wconf 88' lang='lat' dir='ltr'><strong>praelatos</strong></span> <span class='ocrx_word' id='word_1_174' title='bbox 1468 1911 1598 1974; x_wconf 83' lang='lat' dir='ltr'><strong>firmius</strong></span> <span class='ocrx_word' id='word_1_175' title='bbox 1620 1911 1799 1985; x_wconf 88' lang='lat' dir='ltr'><strong>radicatur,</strong></span> <span class='ocrx_word' id='word_1_176' title='bbox 1815 1914 1850 1975; x_wconf 88' lang='lat' dir='ltr'><strong>et</strong></span> 
     </span>
     <span class='ocr_line' id='line_1_18' title="bbox 200 2003 1849 2087; baseline 0.004 -21"><span class='ocrx_word' id='word_1_177' title='bbox 200 2005 325 2083; x_wconf 88' lang='lat' dir='ltr'><strong>gratia,</strong></span> <span class='ocrx_word' id='word_1_178' title='bbox 355 2006 430 2066; x_wconf 92' lang='lat' dir='ltr'><strong>odio</strong></span> <span class='ocrx_word' id='word_1_179' title='bbox 454 2005 507 2066; x_wconf 87' lang='lat' dir='ltr'><strong>vel</strong></span> <span class='ocrx_word' id='word_1_180' title='bbox 521 2006 641 2067; x_wconf 88' lang='lat' dir='ltr'><strong>timore</strong></span> <span class='ocrx_word' id='word_1_181' title='bbox 667 2004 907 2075; x_wconf 83' lang='lat' dir='ltr'><strong>subtraxerint,</strong></span> <span class='ocrx_word' id='word_1_182' title='bbox 933 2019 995 2080; x_wconf 91' lang='lat' dir='ltr'><strong>per</strong></span> <span class='ocrx_word' id='word_1_183' title='bbox 1053 2003 1238 2066; x_wconf 82' lang='lat' dir='ltr'><strong>devotionis</strong></span> <span class='ocrx_word' id='word_1_184' title='bbox 1252 2006 1403 2080; x_wconf 82' lang='lat' dir='ltr'><strong>affectus,</strong></span> <span class='ocrx_word' id='word_1_185' title='bbox 1426 2024 1523 2085; x_wconf 87' lang='lat' dir='ltr'><strong>quem</strong></span> <span class='ocrx_word' id='word_1_186' title='bbox 1538 2010 1580 2071; x_wconf 92' lang='lat' dir='ltr'><strong>ad</strong></span> <span class='ocrx_word' id='word_1_187' title='bbox 1592 2013 1696 2072; x_wconf 88' lang='lat' dir='ltr'><strong>Deum</strong></span> <span class='ocrx_word' id='word_1_188' title='bbox 1710 2010 1800 2087; x_wconf 89' lang='lat' dir='ltr'><strong>geris</strong></span> <span class='ocrx_word' id='word_1_189' title='bbox 1814 2011 1849 2072; x_wconf 89' lang='lat' dir='ltr'><strong>et</strong></span> 
     </span>
     <span class='ocr_line' id='line_1_19' title="bbox 201 2101 1846 2181; baseline 0.002 -17"><span class='ocrx_word' id='word_1_190' title='bbox 201 2118 377 2165; x_wconf 89' lang='lat' dir='ltr'><strong>censuram</strong></span> <span class='ocrx_word' id='word_1_191' title='bbox 410 2102 571 2169; x_wconf 86' lang='lat' dir='ltr'><strong>eamdem,</strong></span> <span class='ocrx_word' id='word_1_192' title='bbox 605 2102 756 2180; x_wconf 88' lang='lat' dir='ltr'><strong>ipsorum</strong></span> <span class='ocrx_word' id='word_1_193' title='bbox 775 2101 999 2179; x_wconf 84' lang='lat' dir='ltr'><strong>appellatione</strong></span> <span class='ocrx_word' id='word_1_194' title='bbox 1053 2101 1222 2175; x_wconf 87' lang='lat' dir='ltr'><strong>ecclesias,</strong></span> <span class='ocrx_word' id='word_1_195' title='bbox 1239 2103 1364 2165; x_wconf 88' lang='lat' dir='ltr'><strong>clarius</strong></span> <span class='ocrx_word' id='word_1_196' title='bbox 1378 2108 1590 2181; x_wconf 73' lang='lat' dir='ltr'><strong>agnoscatur.</strong></span> <span class='ocrx_word' id='word_1_197' title='bbox 1608 2108 1714 2178; x_wconf 91' lang='lat' dir='ltr'><strong>Quum</strong></span> <span class='ocrx_word' id='word_1_198' title='bbox 1734 2108 1846 2169; x_wconf 88' lang='lat' dir='ltr'><strong>autem</strong></span> 
     </span>
     <span class='ocr_line' id='line_1_20' title="bbox 201 2198 1849 2280; baseline 0.002 -18"><span class='ocrx_word' id='word_1_199' title='bbox 201 2201 367 2272; x_wconf 86' lang='lat' dir='ltr'><strong>cessante,</strong></span> <span class='ocrx_word' id='word_1_200' title='bbox 389 2200 516 2275; x_wconf 86' lang='lat' dir='ltr'><strong>cogatis</strong></span> <span class='ocrx_word' id='word_1_201' title='bbox 530 2199 664 2262; x_wconf 84' lang='lat' dir='ltr'><strong>veritati</strong></span> <span class='ocrx_word' id='word_1_202' title='bbox 676 2199 903 2261; x_wconf 88' lang='lat' dir='ltr'><strong>testimonium</strong></span> <span class='ocrx_word' id='word_1_203' title='bbox 919 2213 998 2275; x_wconf 90' lang='lat' dir='ltr'><strong>per·</strong></span> <span class='ocrx_word' id='word_1_204' title='bbox 1053 2198 1265 2274; x_wconf 82' lang='lat' dir='ltr'><strong>praelatorum</strong></span> <span class='ocrx_word' id='word_1_205' title='bbox 1303 2202 1495 2265; x_wconf 85' lang='lat' dir='ltr'><strong>Latinorum</strong></span> <span class='ocrx_word' id='word_1_206' title='bbox 1531 2203 1729 2265; x_wconf 87' lang='lat' dir='ltr'><strong>dioecesibus</strong></span> <span class='ocrx_word' id='word_1_207' title='bbox 1752 2204 1849 2280; x_wconf 83' lang='lat' dir='ltr'><strong>regni</strong></span> 
     </span>
     <span class='ocr_line' id='line_1_21' title="bbox 200 2294 1850 2372; baseline 0.003 -15"><span class='ocrx_word' id='word_1_208' title='bbox 200 2296 327 2358; x_wconf 83' lang='lat' dir='ltr'><strong>hibere.</strong></span> <span class='ocrx_word' id='word_1_209' title='bbox 344 2296 437 2368; x_wconf 90' lang='lat' dir='ltr'><strong>Quod</strong></span> <span class='ocrx_word' id='word_1_210' title='bbox 452 2296 481 2357; x_wconf 91' lang='lat' dir='ltr'><strong>si</strong></span> <span class='ocrx_word' id='word_1_211' title='bbox 494 2311 560 2357; x_wconf 90' lang='lat' dir='ltr'><strong>non</strong></span> <span class='ocrx_word' id='word_1_212' title='bbox 573 2311 688 2357; x_wconf 91' lang='lat' dir='ltr'><strong>omnes</strong></span> <span class='ocrx_word' id='word_1_213' title='bbox 707 2295 761 2356; x_wconf 89' lang='lat' dir='ltr'><strong>his</strong></span> <span class='ocrx_word' id='word_1_214' title='bbox 773 2294 998 2371; x_wconf 83' lang='lat' dir='ltr'><strong>exsequendis</strong></span> <span class='ocrx_word' id='word_1_215' title='bbox 1052 2295 1101 2356; x_wconf 89' lang='lat' dir='ltr'><strong>tui</strong></span> <span class='ocrx_word' id='word_1_216' title='bbox 1112 2296 1245 2372; x_wconf 86' lang='lat' dir='ltr'><strong>quidam</strong></span> <span class='ocrx_word' id='word_1_217' title='bbox 1256 2298 1365 2359; x_wconf 74' lang='lat' dir='ltr'><strong>Graeci</strong></span> <span class='ocrx_word' id='word_1_218' title='bbox 1375 2301 1534 2361; x_wconf 84' lang='lat' dir='ltr'><strong>Romanae</strong></span> <span class='ocrx_word' id='word_1_219' title='bbox 1546 2299 1775 2362; x_wconf 83' lang='lat' dir='ltr'><strong>inobedientes</strong></span> <span class='ocrx_word' id='word_1_220' title='bbox 1787 2315 1850 2362; x_wconf 90' lang='lat' dir='ltr'><strong>ec-</strong></span> 
     </span>
     <span class='ocr_line' id='line_1_22' title="bbox 201 2390 1848 2474; baseline 0.002 -19"><span class='ocrx_word' id='word_1_221' title='bbox 201 2392 375 2471; x_wconf 86' lang='lat' dir='ltr'><strong>putueritis</strong></span> <span class='ocrx_word' id='word_1_222' title='bbox 397 2393 572 2466; x_wconf 89' lang='lat' dir='ltr'><strong>interesse,</strong></span> <span class='ocrx_word' id='word_1_223' title='bbox 588 2394 654 2455; x_wconf 89' lang='lat' dir='ltr'><strong>duo</strong></span> <span class='ocrx_word' id='word_1_224' title='bbox 668 2393 816 2456; x_wconf 82' lang='lat' dir='ltr'><strong>vestrum</strong></span> <span class='ocrx_word' id='word_1_225' title='bbox 831 2406 871 2454; x_wconf 90' lang='lat' dir='ltr'><strong>ea</strong></span> <span class='ocrx_word' id='word_1_226' title='bbox 890 2391 998 2453; x_wconf 90' lang='lat' dir='ltr'><strong>nibil-</strong></span> <span class='ocrx_word' id='word_1_227' title='bbox 1053 2390 1175 2464; x_wconf 86' lang='lat' dir='ltr'><strong>clasiae,</strong></span> <span class='ocrx_word' id='word_1_228' title='bbox 1187 2394 1221 2455; x_wconf 92' lang='lat' dir='ltr'><strong>et</strong></span> <span class='ocrx_word' id='word_1_229' title='bbox 1236 2391 1296 2474; x_wconf 76' lang='lat' dir='ltr'><strong>[in]</strong></span> <span class='ocrx_word' id='word_1_230' title='bbox 1312 2393 1464 2456; x_wconf 89' lang='lat' dir='ltr'><strong>ecclesiis</strong></span> <span class='ocrx_word' id='word_1_231' title='bbox 1479 2395 1674 2457; x_wconf 86' lang='lat' dir='ltr'><strong>Latinorum</strong></span> <span class='ocrx_word' id='word_1_232' title='bbox 1688 2395 1848 2474; x_wconf 87' lang='lat' dir='ltr'><strong>tanquam</strong></span> 
     </span>
     <span class='ocr_line' id='line_1_23' title="bbox 201 2485 1848 2568; baseline 0 -17"><span class='ocrx_word' id='word_1_233' title='bbox 201 2491 334 2552; x_wconf 90' lang='lat' dir='ltr'><strong>ominus</strong></span> <span class='ocrx_word' id='word_1_234' title='bbox 348 2495 584 2568; x_wconf 82' lang='lat' dir='ltr'><strong>exsequantur.</strong></span> <span class='ocrx_word' id='word_1_235' title='bbox 600 2492 718 2553; x_wconf 88' lang='lat' dir='ltr'><strong>Datum</strong></span> <span class='ocrx_word' id='word_1_236' title='bbox 734 2490 903 2557; x_wconf 84' lang='lat' dir='ltr'><strong>Laterani,</strong></span> <span class='ocrx_word' id='word_1_237' title='bbox 919 2490 997 2550; x_wconf 89' lang='lat' dir='ltr'><strong>viii</strong></span> <span class='ocrx_word' id='word_1_238' title='bbox 1053 2485 1226 2561; x_wconf 81' lang='lat' dir='ltr'><strong>pontifices</strong></span> <span class='ocrx_word' id='word_1_239' title='bbox 1248 2490 1505 2562; x_wconf 87' lang='lat' dir='ltr'><strong>commorentur,</strong></span> <span class='ocrx_word' id='word_1_240' title='bbox 1534 2505 1596 2567; x_wconf 90' lang='lat' dir='ltr'><strong>pro</strong></span> <span class='ocrx_word' id='word_1_241' title='bbox 1617 2489 1737 2568; x_wconf 87' lang='lat' dir='ltr'><strong>quibus</strong></span> <span class='ocrx_word' id='word_1_242' title='bbox 1750 2488 1848 2552; x_wconf 90' lang='lat' dir='ltr'><strong>nobis</strong></span> 
     </span>
    </p>
   </div>
   <div class='ocr_carea' id='block_1_3' title="bbox 87 2582 1849 2667">
    <p class='ocr_par' dir='ltr' id='par_1_3' title="bbox 87 2582 1849 2667">
     <span class='ocr_line' id='line_1_24' title="bbox 87 2582 1849 2667; baseline 0 -18"><span class='ocrx_word' id='word_1_243' title='bbox 87 2622 90 2625; x_wconf 94' lang='lat'>-</span> <span class='ocrx_word' id='word_1_244' title='bbox 203 2587 365 2650; x_wconf 82' lang='lat' dir='ltr'><strong>kalendas</strong></span> <span class='ocrx_word' id='word_1_245' title='bbox 383 2589 544 2667; x_wconf 86' lang='lat' dir='ltr'><strong>januarii,</strong></span> <span class='ocrx_word' id='word_1_246' title='bbox 565 2588 776 2665; x_wconf 82' lang='lat' dir='ltr'><strong>pontificatus</strong></span> <span class='ocrx_word' id='word_1_247' title='bbox 790 2587 896 2649; x_wconf 88' lang='lat' dir='ltr'><strong>nostri</strong></span> <span class='ocrx_word' id='word_1_248' title='bbox 909 2598 997 2648; x_wconf 88' lang='lat' dir='ltr'><strong>anno</strong></span> <span class='ocrx_word' id='word_1_249' title='bbox 1052 2582 1223 2646; x_wconf 88' lang='lat' dir='ltr'><strong>humiliter</strong></span> <span class='ocrx_word' id='word_1_250' title='bbox 1246 2586 1453 2662; x_wconf 86' lang='lat' dir='ltr'><strong>supplicasti,</strong></span> <span class='ocrx_word' id='word_1_251' title='bbox 1475 2589 1513 2648; x_wconf 89' lang='lat' dir='ltr'><strong>ut</strong></span> <span class='ocrx_word' id='word_1_252' title='bbox 1528 2587 1676 2649; x_wconf 90' lang='lat' dir='ltr'><strong>indictis</strong></span> <span class='ocrx_word' id='word_1_253' title='bbox 1692 2587 1849 2650; x_wconf 87' lang='lat' dir='ltr'><strong>dioecesi-</strong></span> 
     </span>
    </p>
   </div>
   <div class='ocr_carea' id='block_1_4' title="bbox 200 2679 1849 2859">
    <p class='ocr_par' dir='ltr' id='par_1_4' title="bbox 200 2679 1849 2859">
     <span class='ocr_line' id='line_1_25' title="bbox 200 2679 1848 2761; baseline 0 -14"><span class='ocrx_word' id='word_1_254' title='bbox 200 2686 309 2747; x_wconf 83' lang='lat' dir='ltr'><strong>sexto.</strong></span> <span class='ocrx_word' id='word_1_255' title='bbox 1051 2679 1125 2752; x_wconf 89' lang='lat' dir='ltr'><strong>bus,</strong></span> <span class='ocrx_word' id='word_1_256' title='bbox 1154 2683 1252 2758; x_wconf 87' lang='lat' dir='ltr'><strong>prout</strong></span> <span class='ocrx_word' id='word_1_257' title='bbox 1270 2685 1360 2755; x_wconf 91' lang='lat' dir='ltr'><strong>sunt,</strong></span> <span class='ocrx_word' id='word_1_258' title='bbox 1387 2698 1561 2747; x_wconf 90' lang='lat' dir='ltr'><strong>remanere</strong></span> <span class='ocrx_word' id='word_1_259' title='bbox 1580 2685 1848 2761; x_wconf 79' lang='lat' dir='ltr'><strong>permitteremus</strong></span> 
     </span>
     <span class='ocr_line' id='line_1_26' title="bbox 1052 2778 1849 2859; baseline 0.006 -20"><span class='ocrx_word' id='word_1_260' title='bbox 1052 2778 1203 2855; x_wconf 82' lang='lat' dir='ltr'><strong>eosdem3</strong></span> <span class='ocrx_word' id='word_1_261' title='bbox 1220 2795 1283 2841; x_wconf 92' lang='lat' dir='ltr'><strong>nos</strong></span> <span class='ocrx_word' id='word_1_262' title='bbox 1297 2780 1376 2843; x_wconf 90' lang='lat' dir='ltr'><strong>licet</strong></span> <span class='ocrx_word' id='word_1_263' title='bbox 1389 2780 1461 2854; x_wconf 86' lang='lat' dir='ltr'><strong>tibi,</strong></span> <span class='ocrx_word' id='word_1_264' title='bbox 1476 2782 1510 2844; x_wconf 91' lang='lat' dir='ltr'><strong>et</strong></span> <span class='ocrx_word' id='word_1_265' title='bbox 1526 2797 1630 2859; x_wconf 88' lang='lat' dir='ltr'><strong>regno</strong></span> <span class='ocrx_word' id='word_1_266' title='bbox 1644 2784 1701 2845; x_wconf 89' lang='lat' dir='ltr'><strong>tuo</strong></span> <span class='ocrx_word' id='word_1_267' title='bbox 1715 2781 1849 2844; x_wconf 79' lang='lat' dir='ltr'><strong>deferre</strong></span> 
     </span>
    </p>
   </div>
   <div class='ocr_carea' id='block_1_5' title="bbox 340 2877 1850 3180">
    <p class='ocr_par' dir='ltr' id='par_1_5' title="bbox 340 2877 1850 3180">
     <span class='ocr_line' id='line_1_27' title="bbox 1052 2877 1850 2952; baseline 0.008 -15"><span class='ocrx_word' id='word_1_268' title='bbox 1052 2878 1213 2952; x_wconf 89' lang='lat' dir='ltr'><strong>quantum</strong></span> <span class='ocrx_word' id='word_1_269' title='bbox 1226 2890 1302 2939; x_wconf 91' lang='lat' dir='ltr'><strong>cum</strong></span> <span class='ocrx_word' id='word_1_270' title='bbox 1320 2877 1494 2941; x_wconf 85' lang='lat' dir='ltr'><strong>honestate</strong></span> <span class='ocrx_word' id='word_1_271' title='bbox 1505 2882 1622 2943; x_wconf 77' lang='lat' dir='ltr'><strong>nostm</strong></span> <span class='ocrx_word' id='word_1_272' title='bbox 1633 2879 1794 2952; x_wconf 80' lang='lat' dir='ltr'><strong>valemus,</strong></span> <span class='ocrx_word' id='word_1_273' title='bbox 1814 2880 1850 2943; x_wconf 88' lang='lat' dir='ltr'><strong>et</strong></span> 
     </span>
     <span class='ocr_line' id='line_1_28' title="bbox 515 2951 1846 3054; baseline -0.002 -14"><span class='ocrx_word' id='word_1_274' title='bbox 515 2951 679 3040; x_wconf 76' lang='lat' dir='ltr'>LXXIII</span> <span class='ocrx_word' id='word_1_275' title='bbox 794 3020 798 3028; x_wconf 82' lang='lat'>.</span> <span class='ocrx_word' id='word_1_276' title='bbox 1052 2975 1185 3036; x_wconf 80' lang='lat' dir='ltr'><strong>Graeoos</strong></span> <span class='ocrx_word' id='word_1_277' title='bbox 1204 2974 1245 3035; x_wconf 90' lang='lat' dir='ltr'><strong>ad</strong></span> <span class='ocrx_word' id='word_1_278' title='bbox 1276 2974 1498 3038; x_wconf 86' lang='lat' dir='ltr'><strong>obedientiam</strong></span> <span class='ocrx_word' id='word_1_279' title='bbox 1525 2976 1846 3054; x_wconf 81' lang='lat' dir='ltr'><strong>sedisapostolicae</strong></span> 
     </span>
     <span class='ocr_line' id='line_1_29' title="bbox 340 3071 1846 3180; baseline 0.001 -46"><span class='ocrx_word' id='word_1_280' title='bbox 340 3105 394 3166; x_wconf 65' lang='lat' dir='ltr'><strong>Ad</strong></span> <span class='ocrx_word' id='word_1_281' title='bbox 410 3104 536 3165; x_wconf 56' lang='lat' dir='ltr'><strong>Auem</strong></span> <span class='ocrx_word' id='word_1_282' title='bbox 555 3105 718 3180; x_wconf 57' lang='lat' dir='ltr'><strong><em>remam</em></strong></span> <span class='ocrx_word' id='word_1_283' title='bbox 741 3102 857 3178; x_wconf 53' lang='lat' dir='ltr'><strong>cvm</strong></span> <span class='ocrx_word' id='word_1_284' title='bbox 1052 3073 1256 3134; x_wconf 82' lang='lat' dir='ltr'><strong>revertentes</strong></span> <span class='ocrx_word' id='word_1_285' title='bbox 1280 3071 1404 3146; x_wconf 79' lang='lat' dir='ltr'><strong>fovere,</strong></span> <span class='ocrx_word' id='word_1_286' title='bbox 1432 3087 1473 3134; x_wconf 95' lang='lat' dir='ltr'><strong>ac</strong></span> <span class='ocrx_word' id='word_1_287' title='bbox 1500 3073 1667 3136; x_wconf 87' lang='lat' dir='ltr'><strong>honorare</strong></span> <span class='ocrx_word' id='word_1_288' title='bbox 1692 3074 1846 3148; x_wconf 81' lang='lat' dir='ltr'><strong>velimus,</strong></span> 
     </span>
    </p>
   </div>
   <div class='ocr_carea' id='block_1_6' title="bbox 350 3169 1846 3441">
    <p class='ocr_par' dir='ltr' id='par_1_6' title="bbox 350 3169 1846 3441">
     <span class='ocr_line' id='line_1_30' title="bbox 401 3169 1846 3249; baseline 0.004 -22"><span class='ocrx_word' id='word_1_289' title='bbox 401 3222 404 3227; x_wconf 22' lang='lat'><em>⁴</em></span> <span class='ocrx_word' id='word_1_290' title='bbox 636 3232 641 3244; x_wconf 35' lang='lat'><strong>¹</strong></span> <span class='ocrx_word' id='word_1_291' title='bbox 1053 3183 1162 3230; x_wconf 89' lang='lat' dir='ltr'><strong>mores</strong></span> <span class='ocrx_word' id='word_1_292' title='bbox 1176 3170 1209 3232; x_wconf 90' lang='lat' dir='ltr'><strong>et</strong></span> <span class='ocrx_word' id='word_1_293' title='bbox 1220 3169 1503 3232; x_wconf 82' lang='lat' dir='ltr'><strong>ritusGraecorum</strong></span> <span class='ocrx_word' id='word_1_294' title='bbox 1514 3171 1675 3247; x_wconf 90' lang='lat' dir='ltr'><strong>ipsorum,</strong></span> <span class='ocrx_word' id='word_1_295' title='bbox 1685 3174 1846 3249; x_wconf 87' lang='lat' dir='ltr'><strong>quantum</strong></span> 
     </span>
     <span class='ocr_line' id='line_1_31' title="bbox 449 3230 1846 3345; baseline 0.005 -21"><span class='ocrx_word' id='word_1_296' title='bbox 449 3233 484 3291; x_wconf 80' lang='lat'><strong>³⁰</strong></span> <span class='ocrx_word' id='word_1_297' title='bbox 500 3230 750 3291; x_wconf 60' lang='lat' dir='ltr'><strong>deoembf¹⁸¹²²¹·</strong></span> <span class='ocrx_word' id='word_1_298' title='bbox 1052 3281 1164 3327; x_wconf 90' lang='lat' dir='ltr'><strong>coram</strong></span> <span class='ocrx_word' id='word_1_299' title='bbox 1196 3269 1264 3329; x_wconf 90' lang='lat' dir='ltr'><strong>Deo</strong></span> <span class='ocrx_word' id='word_1_300' title='bbox 1292 3283 1468 3345; x_wconf 90' lang='lat' dir='ltr'><strong>possumus</strong></span> <span class='ocrx_word' id='word_1_301' title='bbox 1496 3267 1709 3344; x_wconf 88' lang='lat' dir='ltr'><strong>sustinendc;</strong></span> <span class='ocrx_word' id='word_1_302' title='bbox 1733 3268 1846 3331; x_wconf 83' lang='lat' dir='ltr'><strong>inhia</strong></span> 
     </span>
     <span class='ocr_line' id='line_1_32' title="bbox 350 3354 1844 3441; baseline 0.003 -19"><span class='ocrx_word' id='word_1_303' title='bbox 350 3355 503 3422; x_wconf 72' lang='lat' dir='ltr'><strong>[eumdum</strong></span> <span class='ocrx_word' id='word_1_304' title='bbox 513 3357 667 3414; x_wconf 74' lang='lat' dir='ltr'><strong>sensnum,</strong></span> <span class='ocrx_word' id='word_1_305' title='bbox 680 3355 725 3413; x_wconf 82' lang='lat'><strong>111,</strong></span> <span class='ocrx_word' id='word_1_306' title='bbox 738 3368 758 3414; x_wconf 70' lang='lat'><strong>¹2</strong></span> <span class='ocrx_word' id='word_1_307' title='bbox 772 3354 840 3420; x_wconf 72' lang='lat'><strong>²²2]</strong></span> <span class='ocrx_word' id='word_1_308' title='bbox 1050 3362 1174 3436; x_wconf 69' lang='lat' dir='ltr'><strong>tamem</strong></span> <span class='ocrx_word' id='word_1_309' title='bbox 1191 3378 1265 3441; x_wconf 81' lang='lat' dir='ltr'><strong>quae</strong></span> <span class='ocrx_word' id='word_1_310' title='bbox 1275 3364 1460 3441; x_wconf 88' lang='lat' dir='ltr'><strong>periculum</strong></span> <span class='ocrx_word' id='word_1_311' title='bbox 1469 3366 1632 3441; x_wconf 89' lang='lat' dir='ltr'><strong>generant</strong></span> <span class='ocrx_word' id='word_1_312' title='bbox 1642 3366 1844 3435; x_wconf 87' lang='lat' dir='ltr'><strong>animarum,</strong></span> 
     </span>
    </p>
   </div>
   <div class='ocr_carea' id='block_1_7' title="bbox 200 3460 1846 3642">
    <p class='ocr_par' dir='ltr' id='par_1_7' title="bbox 200 3460 1846 3642">
     <span class='ocr_line' id='line_1_33' title="bbox 200 3460 1846 3552; baseline -0.005 -20"><span class='ocrx_word' id='word_1_313' title='bbox 200 3480 386 3542; x_wconf 58' lang='lat' dir='ltr'><strong>&amp;enemente</strong></span> <span class='ocrx_word' id='word_1_314' title='bbox 409 3478 569 3538; x_wconf 59' lang='lat' dir='ltr'><strong>ponentes„</strong></span> <span class='ocrx_word' id='word_1_315' title='bbox 597 3479 671 3536; x_wconf 61' lang='lat' dir='ltr'><strong>tueor</strong></span> <span class='ocrx_word' id='word_1_316' title='bbox 694 3479 778 3552; x_wconf 57' lang='lat' dir='ltr'><strong>cypro</strong></span> <span class='ocrx_word' id='word_1_317' title='bbox 801 3479 944 3552; x_wconf 61' lang='lat' dir='ltr'><strong>reginam,</strong></span> <span class='ocrx_word' id='word_1_318' title='bbox 968 3486 999 3536; x_wconf 86' lang='lat' dir='ltr'><strong>et</strong></span> <span class='ocrx_word' id='word_1_319' title='bbox 1052 3461 1086 3522; x_wconf 92' lang='lat' dir='ltr'><strong>et</strong></span> <span class='ocrx_word' id='word_1_320' title='bbox 1103 3460 1338 3524; x_wconf 76' lang='lat' dir='ltr'><strong>ecclesiasticas</strong></span> <span class='ocrx_word' id='word_1_321' title='bbox 1356 3460 1518 3537; x_wconf 89' lang='lat' dir='ltr'><strong>derogant</strong></span> <span class='ocrx_word' id='word_1_322' title='bbox 1542 3462 1729 3535; x_wconf 90' lang='lat' dir='ltr'><strong>honestati,</strong></span> <span class='ocrx_word' id='word_1_323' title='bbox 1757 3462 1846 3539; x_wconf 89' lang='lat' dir='ltr'><strong>apud</strong></span> 
     </span>
     <span class='ocr_line' id='line_1_34' title="bbox 238 3557 1842 3642; baseline -0.004 -15"><span class='ocrx_word' id='word_1_324' title='bbox 238 3569 372 3642; x_wconf 80' lang='lat' dir='ltr'><strong>prelatos</strong></span> <span class='ocrx_word' id='word_1_325' title='bbox 385 3567 515 3640; x_wconf 69' lang='lat' dir='ltr'><strong>ciusdem</strong></span> <span class='ocrx_word' id='word_1_326' title='bbox 534 3567 633 3640; x_wconf 80' lang='lat' dir='ltr'><strong>regni3</strong></span> <span class='ocrx_word' id='word_1_327' title='bbox 652 3565 682 3624; x_wconf 91' lang='lat' dir='ltr'><strong>id</strong></span> <span class='ocrx_word' id='word_1_328' title='bbox 701 3574 753 3635; x_wconf 83' lang='lat' dir='ltr'><strong>est,</strong></span> <span class='ocrx_word' id='word_1_329' title='bbox 778 3567 869 3624; x_wconf 81' lang='lat' dir='ltr'><strong>Greci</strong></span> <span class='ocrx_word' id='word_1_330' title='bbox 883 3566 912 3623; x_wconf 92' lang='lat' dir='ltr'><strong>in</strong></span> <span class='ocrx_word' id='word_1_331' title='bbox 927 3566 999 3624; x_wconf 79' lang='lat' dir='ltr'><strong>locis</strong></span> <span class='ocrx_word' id='word_1_332' title='bbox 1051 3572 1112 3619; x_wconf 88' lang='lat' dir='ltr'><strong>nos</strong></span> <span class='ocrx_word' id='word_1_333' title='bbox 1137 3573 1211 3619; x_wconf 85' lang='lat' dir='ltr'><strong>esse</strong></span> <span class='ocrx_word' id='word_1_334' title='bbox 1236 3573 1304 3619; x_wconf 87' lang='lat' dir='ltr'><strong>non</strong></span> <span class='ocrx_word' id='word_1_335' title='bbox 1326 3557 1425 3621; x_wconf 88' lang='lat' dir='ltr'><strong>debet</strong></span> <span class='ocrx_word' id='word_1_336' title='bbox 1448 3559 1597 3636; x_wconf 88' lang='lat' dir='ltr'><strong>acceptio</strong></span> <span class='ocrx_word' id='word_1_337' title='bbox 1612 3574 1842 3636; x_wconf 85' lang='lat' dir='ltr'><strong>personarum.</strong></span> 
     </span>
    </p>
   </div>
   <div class='ocr_carea' id='block_1_8' title="bbox 131 3654 1846 5685">
    <p class='ocr_par' dir='ltr' id='par_1_8' title="bbox 237 3654 1843 3730">
     <span class='ocr_line' id='line_1_35' title="bbox 237 3654 1843 3730; baseline 0.002 -15"><span class='ocrx_word' id='word_1_338' title='bbox 237 3658 309 3715; x_wconf 85' lang='lat' dir='ltr'><strong>ritus</strong></span> <span class='ocrx_word' id='word_1_339' title='bbox 320 3657 401 3714; x_wconf 88' lang='lat' dir='ltr'><strong>latini</strong></span> <span class='ocrx_word' id='word_1_340' title='bbox 415 3655 556 3730; x_wconf 87' lang='lat' dir='ltr'><strong>degentes</strong></span> <span class='ocrx_word' id='word_1_341' title='bbox 573 3670 642 3713; x_wconf 91' lang='lat' dir='ltr'><strong>suos</strong></span> <span class='ocrx_word' id='word_1_342' title='bbox 654 3654 806 3728; x_wconf 85' lang='lat' dir='ltr'><strong>episcopos</strong></span> <span class='ocrx_word' id='word_1_343' title='bbox 818 3654 924 3713; x_wconf 87' lang='lat' dir='ltr'><strong>babere</strong></span> <span class='ocrx_word' id='word_1_344' title='bbox 938 3655 991 3712; x_wconf 90' lang='lat' dir='ltr'><strong>mi·</strong></span> <span class='ocrx_word' id='word_1_345' title='bbox 1052 3656 1161 3727; x_wconf 84' lang='lat' dir='ltr'><strong>Quare</strong></span> <span class='ocrx_word' id='word_1_346' title='bbox 1173 3654 1254 3718; x_wconf 83' lang='lat' dir='ltr'><strong>talia</strong></span> <span class='ocrx_word' id='word_1_347' title='bbox 1278 3655 1319 3718; x_wconf 89' lang='lat' dir='ltr'><strong>de</strong></span> <span class='ocrx_word' id='word_1_348' title='bbox 1336 3656 1457 3719; x_wconf 75' lang='lat' dir='ltr'><strong>neom</strong></span> <span class='ocrx_word' id='word_1_349' title='bbox 1481 3657 1648 3719; x_wconf 89' lang='lat' dir='ltr'><strong>sustinere</strong></span> <span class='ocrx_word' id='word_1_350' title='bbox 1673 3657 1843 3730; x_wconf 84' lang='lat' dir='ltr'><strong>nolentes,</strong></span> 
     </span>
    </p>

    <p class='ocr_par' dir='ltr' id='par_1_9' title="bbox 236 3740 1844 3825">
     <span class='ocr_line' id='line_1_36' title="bbox 236 3740 1844 3825; baseline -0.001 -9"><span class='ocrx_word' id='word_1_351' title='bbox 236 3745 315 3802; x_wconf 86' lang='lat' dir='ltr'><strong>nima</strong></span> <span class='ocrx_word' id='word_1_352' title='bbox 334 3744 453 3816; x_wconf 85' lang='lat' dir='ltr'><strong>possint,</strong></span> <span class='ocrx_word' id='word_1_353' title='bbox 476 3742 573 3800; x_wconf 54' lang='lat' dir='ltr'><strong>¹³¹1&amp;ss</strong></span> <span class='ocrx_word' id='word_1_354' title='bbox 600 3747 698 3798; x_wconf 55' lang='lat' dir='ltr'><strong>‘tmen</strong></span> <span class='ocrx_word' id='word_1_355' title='bbox 711 3740 829 3798; x_wconf 71' lang='lat'><strong>⁸¹¹1&gt;0⁸⁸⁰</strong></span> <span class='ocrx_word' id='word_1_356' title='bbox 847 3747 997 3799; x_wconf 73' lang='lat' dir='ltr'><strong>uocantur</strong></span> <span class='ocrx_word' id='word_1_357' title='bbox 1051 3769 1126 3813; x_wconf 89' lang='lat' dir='ltr'><strong>cum</strong></span> <span class='ocrx_word' id='word_1_358' title='bbox 1141 3754 1385 3815; x_wconf 90' lang='lat' dir='ltr'><strong>monstruosum</strong></span> <span class='ocrx_word' id='word_1_359' title='bbox 1403 3756 1501 3825; x_wconf 87' lang='lat' dir='ltr'><strong>esset,</strong></span> <span class='ocrx_word' id='word_1_360' title='bbox 1522 3755 1659 3816; x_wconf 88' lang='lat' dir='ltr'><strong>sicutin</strong></span> <span class='ocrx_word' id='word_1_361' title='bbox 1676 3755 1844 3817; x_wconf 88' lang='lat' dir='ltr'><strong>constitu·</strong></span> 
     </span>
    </p>

    <p class='ocr_par' dir='ltr' id='par_1_10' title="bbox 237 3834 1842 3926">
     <span class='ocr_line' id='line_1_37' title="bbox 237 3834 1842 3926; baseline 0.002 -19"><span class='ocrx_word' id='word_1_362' title='bbox 237 3834 389 3907; x_wconf 54' lang='lat' dir='ltr'><strong>timii&amp;</strong></span> <span class='ocrx_word' id='word_1_363' title='bbox 1050 3849 1196 3910; x_wconf 91' lang='lat' dir='ltr'><strong>tionibus</strong></span> <span class='ocrx_word' id='word_1_364' title='bbox 1217 3849 1339 3912; x_wconf 88' lang='lat' dir='ltr'><strong>dicitur</strong></span> <span class='ocrx_word' id='word_1_365' title='bbox 1361 3850 1502 3912; x_wconf 77' lang='lat' dir='ltr'><strong>concilii</strong></span> <span class='ocrx_word' id='word_1_366' title='bbox 1525 3851 1712 3926; x_wconf 87' lang='lat' dir='ltr'><strong>generalis,</strong></span> <span class='ocrx_word' id='word_1_367' title='bbox 1728 3866 1842 3926; x_wconf 69' lang='lat' dir='ltr'><strong>unam</strong></span> 
     </span>
    </p>

    <p class='ocr_par' dir='ltr' id='par_1_11' title="bbox 199 3946 1846 4319">
     <span class='ocr_line' id='line_1_38' title="bbox 239 3946 1846 4033; baseline -0.006 -13"><span class='ocrx_word' id='word_1_368' title='bbox 239 3957 407 4020; x_wconf 90' lang='lat' dir='ltr'><strong>Honorius</strong></span> <span class='ocrx_word' id='word_1_369' title='bbox 417 3957 601 4033; x_wconf 86' lang='lat' dir='ltr'><strong>episcopus,</strong></span> <span class='ocrx_word' id='word_1_370' title='bbox 612 3970 728 4017; x_wconf 87' lang='lat' dir='ltr'><strong>servus</strong></span> <span class='ocrx_word' id='word_1_371' title='bbox 741 3970 914 4017; x_wconf 83' lang='lat' dir='ltr'><strong>servorum</strong></span> <span class='ocrx_word' id='word_1_372' title='bbox 922 3955 992 4027; x_wconf 85' lang='lat' dir='ltr'><strong>Dei,</strong></span> <span class='ocrx_word' id='word_1_373' title='bbox 1050 3948 1083 4008; x_wconf 88' lang='lat' dir='ltr'><strong>ct</strong></span> <span class='ocrx_word' id='word_1_374' title='bbox 1092 3946 1242 4009; x_wconf 87' lang='lat' dir='ltr'><strong>eamdem</strong></span> <span class='ocrx_word' id='word_1_375' title='bbox 1252 3947 1422 4009; x_wconf 87' lang='lat' dir='ltr'><strong>dioecesim</strong></span> <span class='ocrx_word' id='word_1_376' title='bbox 1437 3948 1586 4010; x_wconf 86' lang='lat' dir='ltr'><strong>diversos</strong></span> <span class='ocrx_word' id='word_1_377' title='bbox 1601 3948 1725 4010; x_wconf 88' lang='lat' dir='ltr'><strong>babere</strong></span> <span class='ocrx_word' id='word_1_378' title='bbox 1739 3949 1846 4025; x_wconf 91' lang='lat' dir='ltr'><strong>ponti-</strong></span> 
     </span>
     <span class='ocr_line' id='line_1_39' title="bbox 200 4043 1845 4132; baseline -0.006 -15"><span class='ocrx_word' id='word_1_379' title='bbox 200 4055 385 4118; x_wconf 80' lang='lat' dir='ltr'><strong>carissimae</strong></span> <span class='ocrx_word' id='word_1_380' title='bbox 409 4055 445 4114; x_wconf 90' lang='lat' dir='ltr'><strong>in</strong></span> <span class='ocrx_word' id='word_1_381' title='bbox 475 4053 606 4113; x_wconf 85' lang='lat' dir='ltr'><strong>Christo</strong></span> <span class='ocrx_word' id='word_1_382' title='bbox 631 4052 709 4113; x_wconf 80' lang='lat' dir='ltr'><strong>tiliae</strong></span> <span class='ocrx_word' id='word_1_383' title='bbox 736 4049 849 4132; x_wconf 88' lang='lat' dir='ltr'><strong>A[lici]</strong></span> <span class='ocrx_word' id='word_1_384' title='bbox 871 4052 996 4115; x_wconf 88' lang='lat' dir='ltr'><strong>illustri</strong></span> <span class='ocrx_word' id='word_1_385' title='bbox 1051 4043 1129 4105; x_wconf 69' lang='lat' dir='ltr'><strong>ficet</strong></span> <span class='ocrx_word' id='word_1_386' title='bbox 1144 4065 1151 4105; x_wconf 88' lang='lat'><em>=</em></span> <span class='ocrx_word' id='word_1_387' title='bbox 1167 4044 1467 4121; x_wconf 77' lang='lat' dir='ltr'><strong>tanquamdlversa</strong></span> <span class='ocrx_word' id='word_1_388' title='bbox 1481 4046 1590 4123; x_wconf 87' lang='lat' dir='ltr'><strong>capita</strong></span> <span class='ocrx_word' id='word_1_389' title='bbox 1605 4062 1707 4107; x_wconf 91' lang='lat' dir='ltr'><strong>unum</strong></span> <span class='ocrx_word' id='word_1_390' title='bbox 1721 4061 1845 4123; x_wconf 90' lang='lat' dir='ltr'><strong>corpus</strong></span> 
     </span>
     <span class='ocr_line' id='line_1_40' title="bbox 199 4140 1843 4227; baseline -0.004 -15"><span class='ocrx_word' id='word_1_391' title='bbox 199 4152 326 4227; x_wconf 74' lang='lat' dir='ltr'><strong>regine</strong></span> <span class='ocrx_word' id='word_1_392' title='bbox 342 4150 452 4226; x_wconf 85' lang='lat' dir='ltr'><strong>cypri,</strong></span> <span class='ocrx_word' id='word_1_393' title='bbox 480 4150 622 4211; x_wconf 89' lang='lat' dir='ltr'><strong>salutem</strong></span> <span class='ocrx_word' id='word_1_394' title='bbox 642 4149 676 4210; x_wconf 92' lang='lat' dir='ltr'><strong>et</strong></span> <span class='ocrx_word' id='word_1_395' title='bbox 698 4148 915 4225; x_wconf 86' lang='lat' dir='ltr'><strong>apostolicam</strong></span> <span class='ocrx_word' id='word_1_396' title='bbox 933 4148 996 4211; x_wconf 82' lang='lat' dir='ltr'><strong>be-</strong></span> <span class='ocrx_word' id='word_1_397' title='bbox 1050 4140 1198 4213; x_wconf 88' lang='lat' dir='ltr'><strong>baberet,</strong></span> <span class='ocrx_word' id='word_1_398' title='bbox 1213 4141 1459 4204; x_wconf 86' lang='lat' dir='ltr'><strong>venerabilibus</strong></span> <span class='ocrx_word' id='word_1_399' title='bbox 1472 4143 1630 4205; x_wconf 83' lang='lat' dir='ltr'><strong>iratribus</strong></span> <span class='ocrx_word' id='word_1_400' title='bbox 1641 4143 1765 4205; x_wconf 86' lang='lat' dir='ltr'><strong>nostris</strong></span> <span class='ocrx_word' id='word_1_401' title='bbox 1777 4158 1843 4221; x_wconf 89' lang='lat' dir='ltr'><strong>pa-</strong></span> 
     </span>
     <span class='ocr_line' id='line_1_41' title="bbox 200 4239 1846 4319; baseline -0.004 -10"><span class='ocrx_word' id='word_1_402' title='bbox 200 4247 436 4309; x_wconf 88' lang='lat' dir='ltr'><strong>nedictionem.</strong></span> <span class='ocrx_word' id='word_1_403' title='bbox 1048 4239 1205 4301; x_wconf 78' lang='lat' dir='ltr'><strong>triarchas</strong></span> <span class='ocrx_word' id='word_1_404' title='bbox 1226 4239 1531 4317; x_wconf 84' lang='lat' dir='ltr'><strong>Hierosolymitano</strong></span> <span class='ocrx_word' id='word_1_405' title='bbox 1545 4242 1578 4303; x_wconf 96' lang='lat' dir='ltr'><strong>et</strong></span> <span class='ocrx_word' id='word_1_406' title='bbox 1591 4243 1711 4319; x_wconf 79' lang='lat' dir='ltr'><strong>Tyren.</strong></span> <span class='ocrx_word' id='word_1_407' title='bbox 1725 4242 1759 4303; x_wconf 91' lang='lat' dir='ltr'><strong>et</strong></span> <span class='ocrx_word' id='word_1_408' title='bbox 1769 4242 1846 4303; x_wconf 72' lang='grc' dir='ltr'><strong>οω-</strong></span> 
     </span>
    </p>

    <p class='ocr_par' dir='ltr' id='par_1_12' title="bbox 131 4337 1845 5685">
     <span class='ocr_line' id='line_1_42' title="bbox 241 4337 1845 4419; baseline -0.002 -14"><span class='ocrx_word' id='word_1_409' title='bbox 241 4345 333 4406; x_wconf 88' lang='lat' dir='ltr'><strong>Licet</strong></span> <span class='ocrx_word' id='word_1_410' title='bbox 344 4343 561 4419; x_wconf 87' lang='lat' dir='ltr'><strong>diligentiam,</strong></span> <span class='ocrx_word' id='word_1_411' title='bbox 575 4358 674 4419; x_wconf 82' lang='lat' dir='ltr'><strong>quam</strong></span> <span class='ocrx_word' id='word_1_412' title='bbox 689 4342 840 4405; x_wconf 86' lang='lat' dir='ltr'><strong>adhibuit</strong></span> <span class='ocrx_word' id='word_1_413' title='bbox 854 4358 996 4405; x_wconf 87' lang='lat' dir='ltr'><strong>venera·</strong></span> <span class='ocrx_word' id='word_1_414' title='bbox 1049 4337 1172 4398; x_wconf 86' lang='lat' dir='ltr'><strong>sarion.</strong></span> <span class='ocrx_word' id='word_1_415' title='bbox 1199 4337 1460 4416; x_wconf 88' lang='lat' dir='ltr'><strong>archiepiscopis</strong></span> <span class='ocrx_word' id='word_1_416' title='bbox 1482 4338 1606 4401; x_wconf 89' lang='lat' dir='ltr'><strong>nostris</strong></span> <span class='ocrx_word' id='word_1_417' title='bbox 1621 4338 1738 4400; x_wconf 89' lang='lat' dir='ltr'><strong>damus</strong></span> <span class='ocrx_word' id='word_1_418' title='bbox 1750 4339 1845 4401; x_wconf 81' lang='lat' dir='ltr'><strong>litte-</strong></span> 
     </span>
     <span class='ocr_line' id='line_1_43' title="bbox 198 4433 1841 4518; baseline -0.003 -15"><span class='ocrx_word' id='word_1_419' title='bbox 198 4440 277 4503; x_wconf 89' lang='lat' dir='ltr'><strong>bilis</strong></span> <span class='ocrx_word' id='word_1_420' title='bbox 289 4440 393 4502; x_wconf 87' lang='lat' dir='ltr'><strong>irater</strong></span> <span class='ocrx_word' id='word_1_421' title='bbox 407 4441 520 4501; x_wconf 89' lang='lat' dir='ltr'><strong>noster</strong></span> <span class='ocrx_word' id='word_1_422' title='bbox 538 4440 802 4504; x_wconf 82' lang='lat' dir='ltr'><strong>Amaoliostanus</strong></span> <span class='ocrx_word' id='word_1_423' title='bbox 818 4440 995 4518; x_wconf 88' lang='lat' dir='ltr'><strong>episcopus</strong></span> <span class='ocrx_word' id='word_1_424' title='bbox 1049 4435 1097 4495; x_wconf 89' lang='lat' dir='ltr'><strong>ris</strong></span> <span class='ocrx_word' id='word_1_425' title='bbox 1111 4435 1147 4495; x_wconf 91' lang='lat' dir='ltr'><strong>in</strong></span> <span class='ocrx_word' id='word_1_426' title='bbox 1161 4433 1339 4503; x_wconf 84' lang='lat' dir='ltr'><strong>mandatis,</strong></span> <span class='ocrx_word' id='word_1_427' title='bbox 1361 4435 1397 4497; x_wconf 91' lang='lat' dir='ltr'><strong>ut</strong></span> <span class='ocrx_word' id='word_1_428' title='bbox 1420 4450 1478 4497; x_wconf 91' lang='lat' dir='ltr'><strong>eos</strong></span> <span class='ocrx_word' id='word_1_429' title='bbox 1497 4438 1623 4498; x_wconf 90' lang='lat' dir='ltr'><strong>morari</strong></span> <span class='ocrx_word' id='word_1_430' title='bbox 1641 4436 1682 4499; x_wconf 92' lang='lat' dir='ltr'><strong>de</strong></span> <span class='ocrx_word' id='word_1_431' title='bbox 1708 4436 1841 4511; x_wconf 84' lang='lat' dir='ltr'><strong>caetero,</strong></span> 
     </span>
     <span class='ocr_line' id='line_1_44' title="bbox 131 4530 1845 4614; baseline -0.003 -13"><span class='ocrx_word' id='word_1_432' title='bbox 131 4582 136 4591; x_wconf 85' lang='lat'>-</span> <span class='ocrx_word' id='word_1_433' title='bbox 200 4539 236 4600; x_wconf 91' lang='lat' dir='ltr'><strong>in</strong></span> <span class='ocrx_word' id='word_1_434' title='bbox 246 4539 313 4601; x_wconf 89' lang='lat' dir='ltr'><strong>tuis</strong></span> <span class='ocrx_word' id='word_1_435' title='bbox 328 4537 470 4614; x_wconf 88' lang='lat' dir='ltr'><strong>negotiis</strong></span> <span class='ocrx_word' id='word_1_436' title='bbox 484 4537 729 4614; x_wconf 88' lang='lat' dir='ltr'><strong>promovendis,</strong></span> <span class='ocrx_word' id='word_1_437' title='bbox 746 4553 813 4598; x_wconf 90' lang='lat' dir='ltr'><strong>non</strong></span> <span class='ocrx_word' id='word_1_438' title='bbox 828 4538 917 4599; x_wconf 90' lang='lat' dir='ltr'><strong>esset</strong></span> <span class='ocrx_word' id='word_1_439' title='bbox 934 4553 996 4598; x_wconf 90' lang='lat' dir='ltr'><strong>ne-</strong></span> <span class='ocrx_word' id='word_1_440' title='bbox 1048 4532 1140 4596; x_wconf 82' lang='lat' dir='ltr'><strong>velut</strong></span> <span class='ocrx_word' id='word_1_441' title='bbox 1152 4530 1312 4609; x_wconf 88' lang='lat' dir='ltr'><strong>praesules</strong></span> <span class='ocrx_word' id='word_1_442' title='bbox 1322 4532 1359 4593; x_wconf 89' lang='lat' dir='ltr'><strong>in</strong></span> <span class='ocrx_word' id='word_1_443' title='bbox 1373 4532 1471 4595; x_wconf 90' lang='lat' dir='ltr'><strong>dictis</strong></span> <span class='ocrx_word' id='word_1_444' title='bbox 1485 4532 1683 4596; x_wconf 73' lang='lat' dir='ltr'><strong>dioecesibus</strong></span> <span class='ocrx_word' id='word_1_445' title='bbox 1697 4534 1845 4596; x_wconf 88' lang='lat' dir='ltr'><strong>nullate-</strong></span> 
     </span>
     <span class='ocr_line' id='line_1_45' title="bbox 199 4630 1843 4711; baseline -0.003 -13"><span class='ocrx_word' id='word_1_446' title='bbox 199 4634 382 4698; x_wconf 88' lang='lat' dir='ltr'><strong>cessarium</strong></span> <span class='ocrx_word' id='word_1_447' title='bbox 398 4634 642 4707; x_wconf 90' lang='lat' dir='ltr'><strong>commendare,</strong></span> <span class='ocrx_word' id='word_1_448' title='bbox 666 4635 756 4711; x_wconf 85' lang='lat' dir='ltr'><strong>quia,</strong></span> <span class='ocrx_word' id='word_1_449' title='bbox 780 4634 866 4696; x_wconf 89' lang='lat' dir='ltr'><strong>sicut</strong></span> <span class='ocrx_word' id='word_1_450' title='bbox 880 4635 993 4695; x_wconf 90' lang='lat' dir='ltr'><strong>credi·</strong></span> <span class='ocrx_word' id='word_1_451' title='bbox 1047 4647 1111 4692; x_wconf 91' lang='lat' dir='ltr'><strong>nus</strong></span> <span class='ocrx_word' id='word_1_452' title='bbox 1131 4630 1313 4707; x_wconf 90' lang='lat' dir='ltr'><strong>patiantur,</strong></span> <span class='ocrx_word' id='word_1_453' title='bbox 1336 4630 1575 4703; x_wconf 84' lang='lat' dir='ltr'><strong>sacerdotibus,</strong></span> <span class='ocrx_word' id='word_1_454' title='bbox 1591 4632 1625 4693; x_wconf 87' lang='lat' dir='ltr'><strong>et</strong></span> <span class='ocrx_word' id='word_1_455' title='bbox 1644 4631 1843 4693; x_wconf 88' lang='lat' dir='ltr'><strong>diaconibus</strong></span> 
     </span>
     <span class='ocr_line' id='line_1_46' title="bbox 199 4727 1844 4808; baseline -0.003 -13"><span class='ocrx_word' id='word_1_456' title='bbox 199 4748 284 4806; x_wconf 90' lang='lat' dir='ltr'><strong>mus,</strong></span> <span class='ocrx_word' id='word_1_457' title='bbox 320 4733 492 4808; x_wconf 83' lang='lat' dir='ltr'><strong>expertam</strong></span> <span class='ocrx_word' id='word_1_458' title='bbox 522 4729 625 4792; x_wconf 88' lang='lat' dir='ltr'><strong>habes</strong></span> <span class='ocrx_word' id='word_1_459' title='bbox 665 4730 994 4806; x_wconf 88' lang='lat' dir='ltr'><strong>circumspectionem</strong></span> <span class='ocrx_word' id='word_1_460' title='bbox 1048 4728 1173 4790; x_wconf 82' lang='lat' dir='ltr'><strong>Graecis</strong></span> <span class='ocrx_word' id='word_1_461' title='bbox 1188 4727 1338 4805; x_wconf 74' lang='lat' dir='ltr'><strong>predicti</strong></span> <span class='ocrx_word' id='word_1_462' title='bbox 1354 4729 1450 4804; x_wconf 88' lang='lat' dir='ltr'><strong>regni</strong></span> <span class='ocrx_word' id='word_1_463' title='bbox 1464 4728 1682 4790; x_wconf 88' lang='lat' dir='ltr'><strong>nibilominus</strong></span> <span class='ocrx_word' id='word_1_464' title='bbox 1702 4729 1844 4791; x_wconf 85' lang='lat' dir='ltr'><strong>firmiter</strong></span> 
     </span>
     <span class='ocr_line' id='line_1_47' title="bbox 199 4822 1845 4909; baseline -0.002 -16"><span class='ocrx_word' id='word_1_465' title='bbox 199 4831 317 4909; x_wconf 88' lang='lat' dir='ltr'><strong>ipsius,</strong></span> <span class='ocrx_word' id='word_1_466' title='bbox 329 4827 536 4890; x_wconf 91' lang='lat' dir='ltr'><strong>commodum</strong></span> <span class='ocrx_word' id='word_1_467' title='bbox 547 4827 747 4889; x_wconf 90' lang='lat' dir='ltr'><strong>ethonorem</strong></span> <span class='ocrx_word' id='word_1_468' title='bbox 759 4828 853 4889; x_wconf 91' lang='lat' dir='ltr'><strong>tuum</strong></span> <span class='ocrx_word' id='word_1_469' title='bbox 863 4826 991 4903; x_wconf 85' lang='lat' dir='ltr'><strong>devote,</strong></span> <span class='ocrx_word' id='word_1_470' title='bbox 1047 4822 1270 4903; x_wconf 70' lang='lat' dir='ltr'><strong>injungentes,</strong></span> <span class='ocrx_word' id='word_1_471' title='bbox 1298 4825 1334 4886; x_wconf 92' lang='lat' dir='ltr'><strong>ut</strong></span> <span class='ocrx_word' id='word_1_472' title='bbox 1357 4823 1505 4900; x_wconf 79' lang='lat' dir='ltr'><strong>praetatis</strong></span> <span class='ocrx_word' id='word_1_473' title='bbox 1526 4826 1789 4904; x_wconf 86' lang='lat' dir='ltr'><strong>archiepiscopo,</strong></span> <span class='ocrx_word' id='word_1_474' title='bbox 1808 4827 1845 4889; x_wconf 84' lang='lat' dir='ltr'><strong>et</strong></span> 
     </span>
     <span class='ocr_line' id='line_1_48' title="bbox 199 4922 1844 5002; baseline -0.002 -11"><span class='ocrx_word' id='word_1_475' title='bbox 199 4943 240 4991; x_wconf 90' lang='lat' dir='ltr'><strong>ac</strong></span> <span class='ocrx_word' id='word_1_476' title='bbox 262 4926 406 4988; x_wconf 78' lang='lat' dir='ltr'><strong>fideliter</strong></span> <span class='ocrx_word' id='word_1_477' title='bbox 427 4924 648 5002; x_wconf 87' lang='lat' dir='ltr'><strong>procurantis,</strong></span> <span class='ocrx_word' id='word_1_478' title='bbox 665 4927 702 4985; x_wconf 91' lang='lat' dir='ltr'><strong>ut</strong></span> <span class='ocrx_word' id='word_1_479' title='bbox 726 4925 838 4986; x_wconf 89' lang='lat' dir='ltr'><strong>tamen</strong></span> <span class='ocrx_word' id='word_1_480' title='bbox 861 4924 992 5001; x_wconf 89' lang='lat' dir='ltr'><strong>plenius</strong></span> <span class='ocrx_word' id='word_1_481' title='bbox 1047 4923 1212 5001; x_wconf 88' lang='lat' dir='ltr'><strong>episcopis</strong></span> <span class='ocrx_word' id='word_1_482' title='bbox 1221 4922 1427 4996; x_wconf 85' lang='lat' dir='ltr'><strong>Latinorum,</strong></span> <span class='ocrx_word' id='word_1_483' title='bbox 1444 4938 1505 5000; x_wconf 93' lang='lat' dir='ltr'><strong>pro</strong></span> <span class='ocrx_word' id='word_1_484' title='bbox 1520 4925 1656 4996; x_wconf 89' lang='lat' dir='ltr'><strong>utsunt‚</strong></span> <span class='ocrx_word' id='word_1_485' title='bbox 1671 4923 1844 4987; x_wconf 84' lang='lat' dir='ltr'><strong>etiuerint</strong></span> 
     </span>
     <span class='ocr_line' id='line_1_49' title="bbox 198 5018 1842 5101; baseline -0.002 -14"><span class='ocrx_word' id='word_1_486' title='bbox 198 5025 241 5087; x_wconf 91' lang='lat' dir='ltr'><strong>de</strong></span> <span class='ocrx_word' id='word_1_487' title='bbox 254 5040 315 5086; x_wconf 87' lang='lat' dir='ltr'><strong>sna</strong></span> <span class='ocrx_word' id='word_1_488' title='bbox 324 5020 544 5101; x_wconf 82' lang='lat' dir='ltr'><strong>providentia,</strong></span> <span class='ocrx_word' id='word_1_489' title='bbox 559 5022 592 5083; x_wconf 89' lang='lat' dir='ltr'><strong>et</strong></span> <span class='ocrx_word' id='word_1_490' title='bbox 599 5022 790 5083; x_wconf 86' lang='lat' dir='ltr'><strong>sinceritate</strong></span> <span class='ocrx_word' id='word_1_491' title='bbox 798 5036 991 5099; x_wconf 73' lang='lat' dir='ltr'><strong>presumas,</strong></span> <span class='ocrx_word' id='word_1_492' title='bbox 1045 5020 1081 5081; x_wconf 90' lang='lat' dir='ltr'><strong>in</strong></span> <span class='ocrx_word' id='word_1_493' title='bbox 1097 5035 1212 5082; x_wconf 90' lang='lat' dir='ltr'><strong>eorum</strong></span> <span class='ocrx_word' id='word_1_494' title='bbox 1226 5018 1425 5081; x_wconf 87' lang='lat' dir='ltr'><strong>dioecesibus</strong></span> <span class='ocrx_word' id='word_1_495' title='bbox 1435 5020 1622 5095; x_wconf 86' lang='lat' dir='ltr'><strong>constituti;</strong></span> <span class='ocrx_word' id='word_1_496' title='bbox 1645 5021 1842 5083; x_wconf 88' lang='lat' dir='ltr'><strong>canonicam</strong></span> 
     </span>
     <span class='ocr_line' id='line_1_50' title="bbox 199 5116 1843 5196; baseline -0.001 -13"><span class='ocrx_word' id='word_1_497' title='bbox 199 5136 274 5183; x_wconf 89' lang='lat' dir='ltr'><strong>eum</strong></span> <span class='ocrx_word' id='word_1_498' title='bbox 295 5121 356 5184; x_wconf 93' lang='lat' dir='ltr'><strong>tibi</strong></span> <span class='ocrx_word' id='word_1_499' title='bbox 382 5135 483 5196; x_wconf 88' lang='lat' dir='ltr'><strong>super</strong></span> <span class='ocrx_word' id='word_1_500' title='bbox 507 5118 571 5180; x_wconf 90' lang='lat' dir='ltr'><strong>hoc</strong></span> <span class='ocrx_word' id='word_1_501' title='bbox 591 5118 761 5180; x_wconf 86' lang='lat' dir='ltr'><strong>reddimus</strong></span> <span class='ocrx_word' id='word_1_502' title='bbox 779 5119 994 5181; x_wconf 91' lang='lat' dir='ltr'><strong>commenda·</strong></span> <span class='ocrx_word' id='word_1_503' title='bbox 1046 5116 1266 5179; x_wconf 88' lang='lat' dir='ltr'><strong>obedientiam</strong></span> <span class='ocrx_word' id='word_1_504' title='bbox 1284 5117 1383 5194; x_wconf 84' lang='lat' dir='ltr'><strong>juxta</strong></span> <span class='ocrx_word' id='word_1_505' title='bbox 1420 5118 1695 5195; x_wconf 91' lang='lat' dir='ltr'><strong>compositionem</strong></span> <span class='ocrx_word' id='word_1_506' title='bbox 1715 5117 1843 5181; x_wconf 88' lang='lat' dir='ltr'><strong>iaciant</strong></span> 
     </span>
     <span class='ocr_line' id='line_1_51' title="bbox 198 5213 1843 5293; baseline -0.003 -11"><span class='ocrx_word' id='word_1_507' title='bbox 198 5222 278 5282; x_wconf 89' lang='lat' dir='ltr'><strong>tum.</strong></span> <span class='ocrx_word' id='word_1_508' title='bbox 305 5218 389 5292; x_wconf 89' lang='lat' dir='ltr'><strong>Quia</strong></span> <span class='ocrx_word' id='word_1_509' title='bbox 411 5231 491 5278; x_wconf 83' lang='lat' dir='ltr'><strong>vero</strong></span> <span class='ocrx_word' id='word_1_510' title='bbox 513 5216 752 5292; x_wconf 89' lang='lat' dir='ltr'><strong>compositione</strong></span> <span class='ocrx_word' id='word_1_511' title='bbox 776 5231 882 5293; x_wconf 92' lang='lat' dir='ltr'><strong>nuper</strong></span> <span class='ocrx_word' id='word_1_512' title='bbox 906 5231 927 5277; x_wconf 98' lang='lat' dir='ltr'><strong>a</strong></span> <span class='ocrx_word' id='word_1_513' title='bbox 959 5220 992 5278; x_wconf 90' lang='lat' dir='ltr'><strong>te</strong></span> <span class='ocrx_word' id='word_1_514' title='bbox 1045 5214 1288 5291; x_wconf 65' lang='lat' dir='ltr'><strong>supradictam</strong></span> <span class='ocrx_word' id='word_1_515' title='bbox 1317 5228 1354 5275; x_wconf 90' lang='lat' dir='ltr'><strong>se</strong></span> <span class='ocrx_word' id='word_1_516' title='bbox 1379 5213 1538 5291; x_wconf 60' lang='lat' dir='ltr'><strong>unquam</strong></span> <span class='ocrx_word' id='word_1_517' title='bbox 1560 5214 1843 5278; x_wconf 73' lang='lat' dir='ltr'><strong>obedientiariis</strong></span> 
     </span>
     <span class='ocr_line' id='line_1_52' title="bbox 198 5311 1844 5391; baseline -0.002 -13"><span class='ocrx_word' id='word_1_518' title='bbox 198 5332 273 5379; x_wconf 90' lang='lat' dir='ltr'><strong>cum</strong></span> <span class='ocrx_word' id='word_1_519' title='bbox 284 5316 379 5391; x_wconf 89' lang='lat' dir='ltr'><strong>regni</strong></span> <span class='ocrx_word' id='word_1_520' title='bbox 394 5315 443 5376; x_wconf 88' lang='lat' dir='ltr'><strong>tui</strong></span> <span class='ocrx_word' id='word_1_521' title='bbox 454 5312 602 5391; x_wconf 75' lang='lat' dir='ltr'><strong>prelatis</strong></span> <span class='ocrx_word' id='word_1_522' title='bbox 613 5313 708 5387; x_wconf 87' lang='lat' dir='ltr'><strong>inita,</strong></span> <span class='ocrx_word' id='word_1_523' title='bbox 718 5312 815 5375; x_wconf 89' lang='lat' dir='ltr'><strong>nobis</strong></span> <span class='ocrx_word' id='word_1_524' title='bbox 826 5328 886 5390; x_wconf 90' lang='lat' dir='ltr'><strong>per</strong></span> <span class='ocrx_word' id='word_1_525' title='bbox 897 5329 992 5375; x_wconf 87' lang='lat' dir='ltr'><strong>eum-</strong></span> <span class='ocrx_word' id='word_1_526' title='bbox 1046 5311 1290 5375; x_wconf 80' lang='lat' dir='ltr'><strong>conformantes</strong></span> <span class='ocrx_word' id='word_1_527' title='bbox 1310 5314 1532 5377; x_wconf 85' lang='lat' dir='ltr'><strong>sacrosanctae</strong></span> <span class='ocrx_word' id='word_1_528' title='bbox 1547 5315 1708 5375; x_wconf 85' lang='lat' dir='ltr'><strong>Romanae</strong></span> <span class='ocrx_word' id='word_1_529' title='bbox 1724 5312 1844 5376; x_wconf 82' lang='lat' dir='ltr'><strong>Eccle-</strong></span> 
     </span>
     <span class='ocr_line' id='line_1_53' title="bbox 198 5408 1839 5491; baseline -0.001 -16"><span class='ocrx_word' id='word_1_530' title='bbox 198 5413 273 5475; x_wconf 91' lang='lat' dir='ltr'><strong>dem</strong></span> <span class='ocrx_word' id='word_1_531' title='bbox 287 5413 478 5491; x_wconf 89' lang='lat' dir='ltr'><strong>episcopum</strong></span> <span class='ocrx_word' id='word_1_532' title='bbox 488 5411 699 5489; x_wconf 88' lang='lat' dir='ltr'><strong>praesentata,</strong></span> <span class='ocrx_word' id='word_1_533' title='bbox 714 5413 749 5473; x_wconf 92' lang='lat' dir='ltr'><strong>et</strong></span> <span class='ocrx_word' id='word_1_534' title='bbox 760 5410 865 5489; x_wconf 88' lang='lat' dir='ltr'><strong>ipsius</strong></span> <span class='ocrx_word' id='word_1_535' title='bbox 874 5413 991 5473; x_wconf 89' lang='lat' dir='ltr'><strong>tenore</strong></span> <span class='ocrx_word' id='word_1_536' title='bbox 1045 5410 1105 5472; x_wconf 89' lang='lat' dir='ltr'><strong>siae</strong></span> <span class='ocrx_word' id='word_1_537' title='bbox 1119 5409 1217 5489; x_wconf 80' lang='lat' dir='ltr'><strong>matri</strong></span> <span class='ocrx_word' id='word_1_538' title='bbox 1233 5420 1314 5481; x_wconf 79' lang='lat' dir='ltr'><strong>suae,</strong></span> <span class='ocrx_word' id='word_1_539' title='bbox 1322 5409 1359 5470; x_wconf 92' lang='lat' dir='ltr'><strong>ut</strong></span> <span class='ocrx_word' id='word_1_540' title='bbox 1372 5408 1417 5471; x_wconf 89' lang='lat' dir='ltr'><strong>sit</strong></span> <span class='ocrx_word' id='word_1_541' title='bbox 1428 5408 1470 5470; x_wconf 89' lang='lat' dir='ltr'><strong>de</strong></span> <span class='ocrx_word' id='word_1_542' title='bbox 1484 5410 1605 5472; x_wconf 81' lang='lat' dir='ltr'><strong>oaetero</strong></span> <span class='ocrx_word' id='word_1_543' title='bbox 1617 5424 1721 5471; x_wconf 90' lang='lat' dir='ltr'><strong>unum</strong></span> <span class='ocrx_word' id='word_1_544' title='bbox 1738 5411 1839 5484; x_wconf 80' lang='lat' dir='ltr'><strong>ovile,</strong></span> 
     </span>
     <span class='ocr_line' id='line_1_54' title="bbox 197 5505 1843 5586; baseline -0.002 -14"><span class='ocrx_word' id='word_1_545' title='bbox 197 5509 538 5586; x_wconf 89' lang='lat' dir='ltr'><strong>diligenterinspecto</strong></span> <span class='ocrx_word' id='word_1_546' title='bbox 558 5506 805 5585; x_wconf 88' lang='lat' dir='ltr'><strong>perpendimus,</strong></span> <span class='ocrx_word' id='word_1_547' title='bbox 818 5507 905 5586; x_wconf 82' lang='lat' dir='ltr'><strong>quod</strong></span> <span class='ocrx_word' id='word_1_548' title='bbox 924 5523 992 5571; x_wconf 89' lang='lat' dir='ltr'><strong>non</strong></span> <span class='ocrx_word' id='word_1_549' title='bbox 1046 5523 1085 5569; x_wconf 91' lang='lat' dir='ltr'><strong>ac</strong></span> <span class='ocrx_word' id='word_1_550' title='bbox 1099 5507 1201 5570; x_wconf 87' lang='lat' dir='ltr'><strong>etiam</strong></span> <span class='ocrx_word' id='word_1_551' title='bbox 1215 5522 1303 5568; x_wconf 91' lang='lat' dir='ltr'><strong>unus</strong></span> <span class='ocrx_word' id='word_1_552' title='bbox 1318 5506 1442 5583; x_wconf 83' lang='lat' dir='ltr'><strong>pastor.</strong></span> <span class='ocrx_word' id='word_1_553' title='bbox 1458 5505 1605 5584; x_wconf 80' lang='lat' dir='ltr'><strong>Adquod</strong></span> <span class='ocrx_word' id='word_1_554' title='bbox 1617 5507 1775 5585; x_wconf 61' lang='lat' dir='ltr'><strong>anquam</strong></span> <span class='ocrx_word' id='word_1_555' title='bbox 1787 5507 1843 5570; x_wconf 88' lang='lat' dir='ltr'><strong>de-</strong></span> 
     </span>
     <span class='ocr_line' id='line_1_55' title="bbox 197 5602 1843 5685; baseline 0.001 -17"><span class='ocrx_word' id='word_1_556' title='bbox 197 5606 304 5668; x_wconf 88' lang='lat' dir='ltr'><strong>solum</strong></span> <span class='ocrx_word' id='word_1_557' title='bbox 315 5606 466 5669; x_wconf 91' lang='lat' dir='ltr'><strong>ecclesiis</strong></span> <span class='ocrx_word' id='word_1_558' title='bbox 475 5605 585 5669; x_wconf 90' lang='lat' dir='ltr'><strong>debita</strong></span> <span class='ocrx_word' id='word_1_559' title='bbox 595 5608 674 5685; x_wconf 77' lang='lat' dir='ltr'><strong>jura</strong></span> <span class='ocrx_word' id='word_1_560' title='bbox 685 5606 900 5682; x_wconf 89' lang='lat' dir='ltr'><strong>decimarum,</strong></span> <span class='ocrx_word' id='word_1_561' title='bbox 917 5622 991 5683; x_wconf 82' lang='lat' dir='ltr'><strong>quae</strong></span> <span class='ocrx_word' id='word_1_562' title='bbox 1044 5607 1156 5670; x_wconf 80' lang='lat' dir='ltr'><strong>votam</strong></span> <span class='ocrx_word' id='word_1_563' title='bbox 1170 5603 1322 5668; x_wconf 87' lang='lat' dir='ltr'><strong>ecclesiae</strong></span> <span class='ocrx_word' id='word_1_564' title='bbox 1346 5602 1461 5685; x_wconf 83' lang='lat' dir='ltr'><strong>fllium,</strong></span> <span class='ocrx_word' id='word_1_565' title='bbox 1476 5619 1584 5683; x_wconf 91' lang='lat' dir='ltr'><strong>opem,</strong></span> <span class='ocrx_word' id='word_1_566' title='bbox 1603 5607 1636 5667; x_wconf 90' lang='lat' dir='ltr'><strong>et</strong></span> <span class='ocrx_word' id='word_1_567' title='bbox 1649 5620 1785 5683; x_wconf 87' lang='lat' dir='ltr'><strong>operam</strong></span> <span class='ocrx_word' id='word_1_568' title='bbox 1806 5608 1843 5669; x_wconf 87' lang='lat' dir='ltr'><strong>tc</strong></span> 
     </span>
    </p>
   </div>
   <div class='ocr_carea' id='block_1_9' title="bbox 0 0 2012 6224">
    <p class='ocr_par' dir='ltr' id='par_1_13' title="bbox 0 0 2012 6224">
     <span class='ocr_line' id='line_1_56' title="bbox 0 0 2012 6224; baseline 0 1"><span class='ocrx_word' id='word_1_569' title='bbox 0 0 2012 6224; x_wconf 95' lang='lat' dir='ltr'><strong> </strong></span> 
     </span>
    </p>
   </div>
  </div>
 </body>
</html>
