4014 6224
224 328 263 388 13
836 327 1012 392 HONORII
1033 329 1080 391 iil
1100 328 1249 391 OPERA.
1824 329 1865 388 14

224 484 368 550 ierimus
382 486 469 567 quod
484 487 564 551 licet
577 486 686 550 dictus
705 488 745 549 li.
761 487 961 566 aprinciplo
980 502 1017 550 se
1111 488 1162 549 Ex
1175 488 1270 566 parte
1282 485 1341 551 tua
1355 486 1452 551 nobis
1472 485 1534 550 linit
1547 484 1720 549 humiliter
1735 485 1867 563 snppli-

223 583 392 646 difficilem
408 584 569 647 exbibens
583 583 624 646 ad
637 584 830 658 cedendum,
847 584 888 647 ad
901 585 1018 663 appel·
1072 586 1193 658 catum,
1208 587 1244 648 ut
1256 601 1332 646 cum
1344 585 1541 663 quibusdam
1555 586 1598 647 de
1611 583 1771 647 iratribus
1782 584 1865 657 tuis,

224 681 360 744 lationis
384 682 559 758 diffugium
587 682 782 754 convolarit,
807 683 872 760 ipsi
906 685 1017 745 tamen
1071 682 1482 760 quorumquidem,adhuc
1492 682 1658 743 insmculo
1669 682 1864 754 existentes,
1987 710 1988 763 3

224 778 442 840 nibilominus
459 778 493 839 in
508 779 704 841 executione
723 777 871 840 mandati
884 780 1019 855 aposto·
1071 780 1182 841 minus
1203 781 1364 842 canonice
1387 780 1521 841 ordines
1542 779 1788 841 ecclesiasticos
1809 794 1869 840 as-

225 875 281 936 lici
297 875 524 952 procedentes,
542 876 651 953 ipsum
669 875 800 954 publice
819 875 1018 937 nuntiarunt
1072 878 1295 954 sumpserunt,
1307 876 1523 953 dignaremur
1530 875 1867 938 misericorditerdis·

223 973 386 1035 remmom
413 988 432 1034 a
463 974 583 1036 vestrae
612 973 774 1051 regimine
809 972 963 1044 abbatiae,
985 974 1019 1032 et
1071 989 1226 1050 pensare,
1244 975 1281 1036 ut
1291 974 1484 1035 ministrare
1497 973 1533 1034 in
1548 973 1720 1035 ordinibus
1733 973 1783 1035 sic
1795 988 1869 1034 sus·

226 1071 430 1148 quantumin
442 1070 524 1148 ipsis
539 1070 660 1142 extitit,
674 1069 931 1131 amoveruntEt
943 1083 1017 1130 cum
1072 1071 1188 1148 ceptis,
1205 1074 1238 1134 et
1252 1070 1293 1132 ad
1309 1072 1502 1148 superiores
1516 1070 1653 1132 valeant
1664 1070 1866 1148 promoveri.
1988 1070 1989 1095 ¹

223 1167 302 1230 rota
331 1168 538 1245 singulorum
574 1167 713 1245 provide
737 1171 808 1244 jam
832 1166 867 1227 in
900 1168 945 1237 ie,
970 1164 1019 1225 lili
1072 1170 1142 1230 Nos
1156 1184 1236 1245 ergo
1252 1169 1293 1230 de
1311 1172 1369 1232 tua
1391 1168 1593 1230 discretione
1612 1168 1766 1244 gerentes
1781 1167 1870 1228 iidn-
1988 1246 1989 1259 ἵ

225 1264 339 1337 abbas,
366 1265 570 1327 unanimiter
591 1264 838 1333 convenissent,
861 1262 1018 1340 praetatus
1073 1266 1159 1328 ciam
1174 1265 1369 1343 pleniorem,
1386 1280 1447 1343 per
1458 1265 1651 1343 apostolica
1664 1265 1724 1327 tibi
1742 1264 1869 1341 scripta
1988 1262 1989 1333 l

226 1362 414 1435 H.,saniori
428 1379 507 1424 usus
516 1362 667 1435 consilio,
676 1361 1020 1439 appellationirennn·
1073 1361 1281 1435 mandamus,
1298 1364 1462 1440 quatenus
1480 1363 1540 1435 sic,
1561 1363 1661 1439 prout
1676 1376 1793 1424 eorum
1812 1376 1869 1422 sa·
1988 1342 1989 1359 ¹

225 1460 476 1532 tiavitemissae,
491 1459 587 1522 etsie
602 1459 692 1521 omni
706 1458 835 1521 sublato
849 1456 1017 1536 scrupulo,
1073 1458 1134 1522 luti
1152 1459 1278 1522 rideris
1304 1461 1473 1538 expedire,
1498 1476 1574 1522 oum
1598 1460 1681 1537 ipsis
1703 1460 1869 1521 duntaxat
1989 1504 1990 1507 ,

226 1560 260 1619 ei
291 1557 359 1618 lata
394 1555 747 1618 excommunicationis
781 1554 947 1618 sententia
983 1555 1018 1615 in
1074 1557 1130 1634 qui
1140 1559 1211 1635 jam
1221 1557 1372 1619 habitum
1385 1558 1513 1620 ordinis
1523 1558 1752 1634 susceperunt,
1765 1571 1869 1634 super
1989 1596 1990 1599 κ

226 1653 405 1734 quemlibet
431 1653 487 1731 qui
515 1653 758 1716 contradiceret
786 1651 1018 1722 nominationi,
1073 1654 1137 1715 hoc
1164 1655 1426 1718 misericorditer
1461 1670 1554 1732 agas,
1582 1654 1669 1731 quod
1700 1655 1868 1731 justitiam
1989 1658 1990 1727 ζ

226 1767 287 1813 seu
308 1750 462 1811 electioni
484 1749 625 1819 abbatis,
644 1765 742 1827 quam
766 1747 925 1821 iacerent,
949 1750 1021 1809 sive
1075 1767 1141 1815 non
1157 1752 1339 1830 relinquas,
1356 1768 1396 1814 ac
1417 1753 1466 1814 sic
1484 1751 1653 1814 moderate
1675 1751 1869 1813 mandatum

226 1848 268 1909 de
281 1847 353 1924 ipso
369 1847 440 1908 sive
455 1847 495 1908 de
514 1847 582 1909 alio
598 1847 685 1909 tacta
700 1846 801 1917 esset,
819 1848 853 1908 te
866 1846 1020 1907 invocata
1075 1848 1619 1928 hujusmodiexsequaris,quodin
1629 1845 1867 1928 extremoldie]

228 1944 372 2022 Spiritus
411 1945 524 2007 Sancti
556 1945 677 2022 gratia,
714 1944 920 2022 praefuerunt
955 1943 1021 2020 ipsi
1075 1947 1217 2009 districti
1236 1948 1419 2016 examinis,
1440 1947 1574 2023 dignam
1596 1962 1708 2008 coram
1727 1947 1868 2008 Domino

226 2042 429 2104 monasterie
442 2042 476 2102 in
490 2041 654 2113 abbatem,
669 2057 808 2119 quorum
821 2040 1021 2102 iactumnon
1075 2045 1183 2123 possis
1197 2045 1337 2107 reddere
1357 2045 1534 2107 rationem.
1557 2044 1675 2107 Datum
1697 2044 1867 2116 Laterani,

228 2139 336 2201 solum
352 2155 371 2200 a
386 2138 492 2211 robis,
509 2139 570 2200 dlii
590 2139 783 2211 conventus,
804 2139 861 2200 sed
881 2138 981 2200 eiiam
1000 2152 1021 2199 a
1075 2143 1119 2203 Vl
1131 2142 1207 2204 idus
1218 2141 1413 2215 decembris,
1430 2141 1641 2220 pontificatus
1659 2141 1766 2203 nostri
1780 2154 1870 2203 anno

228 2237 367 2314 praelato
380 2239 419 2297 H.
432 2236 582 2298 unanimi
595 2236 773 2298 concordia
786 2236 897 2298 extitit
909 2250 1022 2312 accep·
1076 2241 1183 2301 sexte.

227 2332 343 2395 tatum.
367 2334 436 2394 Nos
466 2333 570 2408 igitur
592 2331 737 2409 benigno
759 2348 934 2405 consensu,
959 2331 1023 2393 ho-

226 2432 334 2493 nestis
346 2430 500 2507 precibus
509 2430 641 2502 vestris,
655 2427 815 2503 exhibito,
830 2444 1022 2508 processum

223 2531 295 2605 jam
315 2527 477 2590 dictorum
496 2527 655 2605 episcopi,
676 2528 710 2590 et
728 2526 850 2604 prioris
871 2526 1022 2588 auctori·

226 2625 297 2687 taie
334 2625 517 2701 apostolica
558 2625 765 2697 roborantes,
807 2624 1021 2703 praesentium

228 2721 323 2783 vobis
345 2722 543 2785 auctoritate
562 2722 770 2796 mandamus,
790 2723 953 2799 quatenus
972 2724 1020 2793 tu,

228 2818 278 2880 dli
292 2818 406 2889 abbas,
415 2818 563 2896 regimen
579 2819 657 2882 dicti
671 2818 865 2881 monasterii
884 2817 924 2880 de
943 2833 1022 2894 gra-

227 2916 284 2978 tiae
306 2919 429 2979 nostrae
452 2916 567 2979 lavore
590 2931 728 2978 securus
751 2931 869 2993 gerere
887 2914 1021 2977 studeas

227 3013 274 3077 ita
290 3014 485 3077 solllciteac
504 3015 693 3092 prudenter,
710 3013 795 3092 quod
810 3029 863 3086 ea,
886 3028 960 3091 quae
980 3012 1022 3073 de

228 3110 414 3184 honestate,
431 3128 469 3174 ac
487 3112 662 3190 prudentia
677 3113 735 3175 tua
756 3112 907 3173 laetantes
921 3109 1021 3171 audi-

228 3209 338 3269 rimus
363 3208 572 3286 comprobari
596 3209 802 3271 exhibitione
828 3208 1022 3286 opinionum

229 3305 417 3366 audiamus.
428 3309 496 3367 Vos
509 3307 620 3379 etiam,
633 3305 694 3367 lilii
704 3306 900 3376 conventus,
916 3305 1023 3367 eidem

231 3400 343 3462 abbati
362 3402 530 3478 tamquam
544 3402 631 3479 patri
645 3401 678 3463 et
700 3400 826 3479 pastori
844 3401 955 3463 vestro
969 3401 1024 3462 in-

229 3496 373 3561 tendatis
386 3500 420 3560 et
433 3496 596 3561 obediatis
612 3499 660 3561 ita
675 3496 848 3560 humiliter
859 3498 893 3560 et
906 3497 1024 3559 devote

230 3594 317 3673 quod
342 3596 518 3672 prudentia
542 3598 627 3673 ejus,
652 3597 685 3659 et
703 3597 814 3659 vestra
836 3595 1024 3658 obedientia

229 3693 516 3766 concurrentibus,
550 3694 790 3756 monasterium
817 3694 1025 3756 vestrumst

229 3791 469 3869 temporalibus
494 3792 687 3864 commodis,
715 3792 749 3853 et
780 3791 1022 3869 spiritualibus,

231 3892 399 3952 annuente
409 3893 489 3962 Deo,
503 3889 656 3967 proficiat
667 3890 893 3952 incrementis.
906 3890 1024 3950 Datum

231 3988 400 4058 Laterani,
425 3989 469 4048 Vl
492 3988 566 4049 idus
589 3986 786 4061 decembris,
813 3986 1025 4065 pontificatus

230 4085 337 4147 nostri
351 4100 440 4147 anno
454 4087 560 4147 sexto.

614 4344 648 4430 L
758 4402 764 4413 .

233 4497 285 4557 Ad
305 4496 456 4570 fratrem
473 4497 693 4557 Dolatotcum
714 4496 872 4570 patorem
893 4495 1027 4556 ordinis

482 4592 772 4654 Proecitcctomm.

486 4722 504 4781 8
517 4720 676 4781 decembris
689 4721 768 4779 llil.

354 4846 472 4914 [liipolli,
488 4845 583 4896 Bullar.
598 4843 716 4907 Praedia,
728 4844 749 4905 l,
762 4844 802 4903 ll,
816 4857 844 4897 n.
857 4842 910 4909 lb]

232 4963 383 5025 hemlulce
408 4961 539 5020 concedit
561 4959 725 5019 facultatem
753 4957 937 5032 dispensandi
958 4972 1025 5016 cum

265 5053 389 5127 receptis
407 5051 443 5110 ad
462 5050 590 5111 habitum
607 5049 669 5122 eius
682 5047 800 5117 ordinis,
821 5047 908 5121 siqui
925 5047 955 5105 iu
970 5062 1024 5105 me·

267 5145 331 5203 culo
345 5142 501 5201 existentes
519 5140 556 5198 ed
576 5138 691 5196 ordines
705 5137 916 5196 ecclesiasticos
932 5136 1028 5194 minus

266 5233 405 5291 canonice
420 5230 618 5288 accessissent.

196 5358 199 5373 '
272 5357 635 5434 Honoriusepiscopus,
648 5366 945 5415 serrusservornm
953 5351 1025 5422 Dei,

231 5455 352 5516 dilecto
375 5455 445 5515 illio
462 5454 558 5515 fratri
579 5451 753 5514 Dominico
774 5450 879 5527 priori
897 5447 1027 5509 ordinis

232 5552 504 5623 Praedicatorum,
520 5551 663 5613 salutem
684 5550 719 5612 et
736 5546 953 5625 apostolicam
968 5546 1029 5608 be·

234 5650 469 5712 bedictionem.

1446 2488 1499 2577 LI

1155 2640 1209 2701 Ad
1223 2640 1464 2702 Dubttcmscm
1483 2642 1787 2716 archiepiscopum.

1344 2770 1363 2829 8
1377 2769 1506 2828 decemb.
1522 2771 1600 2829 liii.

1118 2893 1248 2960 [wilkins
1260 2892 1374 2945 Cosedia
1384 2894 1522 2945 Britannia
1536 2899 1561 2945 et
1572 2895 1706 2955 iliberniae,
1719 2895 1763 2959 Ν,
1773 2894 1828 2960 80.]

1076 3019 1190 3080 inhibet
1198 3035 1236 3078 ne
1246 3020 1319 3077 alius
1329 3019 1561 3094 archiepiscopus
1571 3021 1617 3078 vel
1628 3021 1761 3094 praelatam
1773 3019 1872 3078 Hiber·

1112 3110 1177 3179 nie,
1191 3109 1255 3166 sine
1268 3122 1322 3166 auo
1336 3123 1466 3177 semar,
1482 3106 1588 3180 bajulet
1601 3122 1731 3178 crucem,
1745 3108 1873 3167 celebret

1111 3204 1280 3267 conventus,
1300 3198 1345 3255 rel
1366 3197 1575 3255 ecclesiastices
1597 3212 1699 3256 cauma
1716 3204 1819 3255 uastat
1840 3198 1871 3255 in

1113 3287 1258 3360 provincia
1278 3286 1404 3355 bublin,
1421 3287 1477 3344 nisi
1491 3301 1511 3343 e·
1523 3285 1597 3347 Sede
1612 3286 1775 3359 apostolice
1789 3286 1871 3347 dele·

1112 3384 1197 3449 gatus
1215 3374 1308 3432 luerit.
1384 3434 1390 3445 ,

1118 3499 1287 3562 Honorius
1295 3500 1482 3577 episcopus,
1491 3516 1609 3562 servus
1618 3516 1790 3563 servorum
1798 3501 1869 3573 Dei,

1078 3597 1262 3660 venerabili
1279 3596 1375 3659 fratri
1390 3597 1520 3659 bublin.
1536 3597 1799 3675 archiepiscopo,
1815 3612 1874 3658 sa·

1078 3695 1180 3757 intem
1193 3696 1227 3757 et
1238 3694 1453 3771 apostolicam
1467 3694 1741 3757 benedictionem.

1119 3794 1199 3853 Cum
1221 3791 1402 3853 secundum
1426 3791 1548 3853 divinae
1569 3792 1654 3868 legis
1671 3792 1873 3869 praeceptum

1079 3905 1176 3951 nemo
1189 3887 1308 3951 falcem
1321 3903 1414 3950 suam
1427 3888 1524 3950 debet
1538 3889 1668 3951 mittero
1682 3888 1717 3949 in
1730 3903 1873 3951 messem

1079 3987 1235 4057 alienam,
1252 3985 1394 4063 nequod
1414 3985 1455 4046 ab
1472 3986 1539 4047 alio
1554 4001 1620 4047 non
1635 3985 1706 4047 vuit
1720 3985 1783 4046 sibi
1799 3985 1874 4048 lieri

1080 4084 1140 4146 alii
1157 4083 1269 4145 lacere
1290 4083 1454 4156 videatur,
1476 4098 1537 4143 nos
1558 4084 1626 4145 iuis
1651 4082 1806 4159 precibus
1825 4083 1876 4144 in·

1080 4181 1195 4244 clinati
1217 4180 1415 4243 auctoritate
1434 4180 1647 4257 praesentium
1670 4179 1873 4253 inhibemus,

1080 4295 1123 4340 ne
1139 4278 1294 4354 cuiquam
1313 4276 1561 4354 archiepiscopo
1581 4277 1635 4339 vel
1654 4276 1714 4338 alii
1734 4277 1875 4354 praelato

1080 4374 1250 4436 Hiberniae
1281 4374 1403 4452 praeter
1439 4372 1670 4450 suffraganeos
1700 4373 1788 4445 tues,
1817 4374 1877 4436 aut

1080 4472 1278 4550 Apostolicae
1299 4472 1395 4533 Sedis
1413 4470 1571 4549 legatum,
1588 4470 1660 4533 sine
1676 4471 1734 4533 tuo
1751 4471 1784 4532 et
1798 4486 1877 4532 sue-

1081 4585 1252 4633 cessorum
1265 4569 1398 4631 tuorum
1413 4584 1552 4630 assensu
1564 4568 1715 4647 bajulare
1730 4584 1874 4641 crucem,

1082 4667 1252 4729 celebrare
1264 4669 1457 4737 conventus,
1471 4666 1639 4743 religiosis
1652 4666 1812 4743 exceptis,
1822 4664 1877 4729 rel

1082 4779 1201 4827 causas
1223 4763 1480 4835 ecclesiasticas,
1503 4763 1569 4824 nisi
1589 4779 1611 4824 a
1629 4762 1714 4824 Sede
1733 4764 1879 4839 aposto-

1081 4862 1146 4923 lica
1162 4860 1333 4937 delegatus
1347 4860 1459 4932 suerit,
1471 4861 1616 4922 tractare
1629 4860 1729 4922 liceat
1744 4860 1781 4921 in
1793 4875 1877 4937 pro-

1081 4959 1194 5021 vincia
1207 4958 1338 5020 Dublin.
1352 4957 1445 5018 Nulli
1460 4973 1539 5035 ergo
1555 4957 1690 5018 omnino
1704 4956 1878 5018 hominum

1081 5056 1183 5119 liceat
1209 5055 1297 5117 hanc
1327 5055 1484 5132 paginam
1519 5056 1641 5116 nostrae
1667 5053 1878 5115 inhibitionis

1082 5152 1265 5230 intringere
1280 5152 1334 5214 vel
1351 5152 1383 5213 ei
1399 5168 1484 5213 ausu
1502 5151 1680 5213 temerario
1696 5151 1878 5212 contraire.

1083 5250 1117 5312 Si
1133 5250 1208 5327 quis
1223 5250 1333 5311 autem
1350 5248 1414 5311 hoc
1431 5250 1596 5310 attentare
1615 5247 1878 5325 praesumpserit,

1081 5347 1343 5425 indignationem
1364 5345 1599 5424 omnipotentis
1621 5345 1680 5407 Dei
1703 5347 1737 5406 et
1756 5344 1877 5406 beato-

1081 5460 1155 5507 rum
1180 5446 1270 5507 Petri
1297 5446 1331 5507 et
1354 5444 1461 5516 Pauli,
1487 5442 1713 5519 apostolorum
1732 5446 1817 5520 ejus,
1842 5458 1879 5504 se

1082 5544 1213 5606 noverit
1226 5544 1451 5604 incursurum.
1464 5542 1582 5602 Datum
1598 5540 1818 5611 Laterani,VI
1829 5539 1876 5602 io.

1081 5639 1279 5712 decembris,
1296 5638 1507 5716 pontificatus
1521 5637 1626 5699 nostri
1645 5652 1734 5699 anno
1749 5638 1856 5699 sexto.
