3930 6206
110 330 160 394 Μ
701 315 1115 403 EPlsTonAE.nlB.1x.
1555 348 1557 361 .
1669 321 1730 381 ces

110 488 200 553 tribus
214 479 392 546 senonensi
410 476 458 558 (l)
477 477 739 555 archiepiscopo,
756 480 790 539 et
807 479 881 555 epi·
934 477 1155 540 tisiactionem
1170 474 1327 539 exhibere
1346 493 1414 539 non
1432 478 1553 555 posset,
1575 478 1604 540 si
1623 478 1729 542 totum

109 600 179 663 copo
191 577 424 644 Silvanectensi
439 574 498 656 (2),
513 576 665 646 salutem,
682 576 744 637 etc.
934 576 969 635 in
984 574 1048 637 boc
1063 591 1159 635 suum
1180 575 1359 646 constaret,
1383 575 1492 637 adhuc
1513 575 1649 637 offensis
1673 576 1728 639 ot-

141 678 286 743 serentes
300 675 340 736 de
355 675 465 736 vestra
480 673 620 734 caritate
635 671 789 734 fiduciam
804 686 881 747 spe-
935 672 1057 744 tensas,
1070 671 1202 746 injuriis
1213 671 1354 749 injurias
1365 673 1512 748 aggerat,
1523 673 1730 737 incessanter

108 778 225 846 duem,
259 771 499 834 fraternitatem
538 771 683 832 vestram
724 784 880 843 rogamus
935 770 970 830 in
996 770 1214 830 ecclesiarum
1243 769 1396 846 reliquiis
1425 770 1670 844 debacchando,
1694 771 1731 833 ut

107 873 246 939 attentius
270 886 308 931 ac
334 884 394 946 per
418 867 609 945 apostolica
638 865 731 928 vobis
758 864 881 940 scripta
936 866 977 928 ad
994 882 1143 943 praesens
1158 867 1482 941 dealiistaceamus,
1499 869 1731 931 vivariensem

106 970 229 1033 drmitm
251 965 453 1043 injungendo
479 963 674 1024 mandamus
704 962 878 1039 quatenus,
936 964 1121 1036 ecclesiam,
1149 963 1235 1025 sicut
1255 964 1491 1039 intelleximus,
1520 967 1729 1044 usqueadeo

106 1068 196 1130 ascito
214 1064 304 1126 vobis
326 1063 446 1124 dilecto
475 1050 593 1123 abbate
614 1060 655 1120 de
673 1057 880 1126 Altacumba,
936 1061 1053 1122 nititur
1077 1061 1285 1132 conculcare,
1313 1063 1349 1124 ut
1371 1062 1486 1123 villam
1510 1064 1728 1140 Argentaria,

105 1161 315 1228 cisterciensis
330 1160 468 1231 ordinis,
481 1160 555 1220 viro
569 1157 727 1233 religioso
749 1160 782 1217 et
801 1155 879 1227 ildo,
936 1174 1008 1235 quae
1032 1159 1083 1219 est
1105 1159 1310 1235 praecipuum
1333 1158 1495 1220 bonorum
1520 1160 1636 1236 ipsius,
1665 1177 1729 1222 au-

105 1263 152 1324 cui
173 1274 267 1336 super
289 1256 352 1318 boc
383 1256 578 1333 scripsimus
606 1255 735 1316 litteras
762 1252 881 1329 quibus
935 1256 1023 1317 serre
1043 1255 1199 1317 moliatur
1220 1256 1338 1328 eidem,
1361 1257 1538 1318 occasione
1558 1258 1731 1335 cuiusdam

31 1388 40 1411 i
104 1373 242 1435 rogamus
256 1354 466 1417 carissimum
481 1354 516 1414 in
534 1352 664 1413 Christo
679 1351 784 1411 illium
798 1364 880 1410 nos·
936 1353 1040 1429 partis
1063 1368 1102 1413 ac
1118 1354 1334 1430 quorumdam
1350 1353 1493 1415 aliorum
1512 1355 1731 1431 quaeolimin

104 1460 178 1518 trum
190 1468 299 1530 regem
324 1454 528 1513 Francorum
545 1450 719 1520 illustrem,
734 1448 811 1518 etc,
829 1444 882 1525 (ut
936 1466 977 1511 ea
990 1450 1139 1511 tenuisse
1160 1452 1357 1528 proponitur
1377 1454 1474 1528 pater
1494 1454 1576 1528 ejus,
1598 1453 1630 1514 et
1643 1469 1729 1530 quae,

103 1567 206 1628 apro,
221 1562 326 1624 usqcae
340 1545 522 1627 abstinere)
537 1545 745 1624 praesentetis
761 1544 879 1615 eidem,
936 1548 1052 1609 eodem
1067 1548 1161 1624 patre
1175 1548 1280 1624 ipsius
1299 1565 1360 1625 pro
1374 1550 1455 1611 vitio
1471 1550 1645 1627 pravitatis
1660 1549 1733 1612 bee-

103 1652 130 1711 et
139 1651 238 1725 ipsum
249 1646 289 1708 ad
302 1645 546 1707 exaudiendum
560 1646 674 1705 nostra
691 1642 882 1720 precamina
936 1646 1059 1717 reticae,
1077 1645 1172 1722 quasi
1186 1661 1246 1721 pro
1267 1646 1357 1708 laesae
1374 1647 1513 1708 crimine
1531 1647 1729 1724 majestatis,

102 1740 883 1822 inhacparleprudenteretetticaciterinducere
936 1742 1084 1804 totaliter
1104 1758 1165 1803 sua
1188 1743 1278 1804 terra
1301 1744 1442 1820 privato,
1468 1744 1568 1805 Sedes
1583 1744 1729 1820 Aposto-

103 1842 246 1904 studeatis
264 1841 306 1902 ad
325 1842 460 1915 treugas
479 1855 554 1901 cum
568 1838 693 1899 illustri
719 1851 798 1912 rege
813 1837 884 1896 An·
937 1840 1002 1901 lica
1023 1840 1088 1917 ipsi
1109 1839 1269 1914 ecclesiae,
1295 1841 1330 1901 in
1361 1844 1456 1918 quus
1481 1841 1663 1902 dominium
1689 1840 1732 1902 de

101 1940 167 2016 gliae
185 1938 400 2009 innovandas,
418 1938 527 2014 ipsum
546 1935 589 1996 ad
609 1935 684 2007 boc,
701 1932 882 1995 secundum
933 1939 1010 2013 jure
1031 1937 1210 2010 deciderat,
1236 1938 1427 2014 specialiter
1446 1937 1625 1999 contulisse
1647 1936 1733 1999 dioi-

103 2036 197 2097 datam
220 2051 240 2097 a
262 2038 330 2099 Deo
345 2034 439 2095 vobis
459 2032 680 2110 prudentiam,
697 2030 788 2092 omni
803 2043 883 2089 cura
937 2037 1003 2107 tur,
1016 2033 1050 2095 et
1062 2034 1230 2110 privilegii
1241 2036 1293 2095 sui
1306 2034 1489 2095 munimine
1502 2034 1730 2096 confirmasse.

103 2133 241 2211 omnique
260 2132 371 2194 studio
390 2131 550 2192 inducere
569 2129 778 2204 satagentes3
801 2126 883 2187 certi
978 2133 1122 2209 Ideoque
1146 2131 1339 2194 discretioni
1366 2133 1486 2193 vestrae
1507 2148 1567 2209 per
1587 2132 1731 2208 Aposto-

102 2230 176 2309 puod
202 2230 285 2291 nihil
319 2229 430 2290 tacere
456 2227 598 2304 possetis
630 2227 693 2287 boc
722 2226 882 2301 tempore,
938 2231 1004 2291 lica
1019 2230 1143 2305 scripta
1159 2230 1353 2290 mandamus
1373 2230 1536 2306 quatenus
1556 2229 1733 2305 diligenter

102 2327 176 2404 quod
185 2343 241 2389 vos
251 2326 450 2404 ,apostolicae
461 2325 537 2386 sedi
545 2323 699 2385 redderet
706 2322 882 2399 gratiores.
938 2327 1103 2389 moneatis
1116 2326 1260 2387 nobilem
1271 2327 1489 2387 memoratum
1500 2328 1545 2398 ut,
1558 2326 1732 2388 attendens

101 2427 204 2495 Porro,
227 2425 255 2486 si
279 2424 388 2485 dictus
413 2421 515 2483 abbas
538 2421 618 2481 buic
641 2419 728 2482 sorte
750 2419 883 2495 negotio
939 2425 1025 2501 quod
1047 2423 1111 2485 sibi
1130 2424 1342 2499 cogitandum
1363 2426 1462 2492 esset,
1487 2438 1554 2483 non
1574 2422 1615 2484 da
1637 2422 1734 2498 inge-

102 2523 272 2598 nequiverit
294 2522 475 2592 interesse,
502 2535 562 2580 vos
594 2517 815 2579 nibilominus
849 2515 884 2576 in
939 2520 1051 2583 randis
1091 2521 1186 2582 novis
1212 2520 1361 2592 offensis,
1399 2520 1456 2580 sed
1492 2520 1533 2581 ds
1564 2518 1734 2581 veteribus

101 2619 202 2680 eodem
217 2618 461 2681 studiosissime
473 2616 514 2678 ob
527 2617 675 2678 nostram
690 2617 724 2676 et
736 2614 884 2675 divinam
939 2618 1165 2690 emendandis,
1179 2634 1199 2678 a
1214 2618 1444 2694 persecutione
1456 2617 1606 2679 ecclesiae
1619 2632 1734 2693 supra·

101 2717 307 2779 reverentiam
321 2715 508 2793 procedatis
523 2737 530 2774 :
544 2713 631 2791 quod
644 2713 722 2774 inde
737 2711 884 2772 feceritis
939 2716 1047 2787 dictae,
1070 2716 1140 2777 tum
1160 2715 1196 2775 in
1218 2714 1305 2782 aliis,
1329 2715 1400 2775 tum
1423 2713 1614 2791 specialiter
1634 2728 1735 2792 super

101 2814 129 2874 et
152 2814 358 2886 inveneritis,
384 2812 479 2874 nobis
506 2811 648 2873 fideliter
673 2808 882 2886 rescripturi.
938 2813 1019 2874 villa
1044 2812 1237 2883 memorata,
1263 2811 1418 2884 desistat;
1441 2811 1549 2887 eique,
1571 2811 1638 2871 nisi
1657 2827 1733 2872 mo-

101 2910 206 2973 Datum
220 2912 255 2973 ut
269 2926 385 2988 supra.
940 2911 1020 2972 nitis
1055 2908 1276 2986 acquieverit,
1315 2908 1489 2969 manifeste
1527 2907 1734 2969 denuncietis

940 3006 1038 3085 quod,
1053 3005 1211 3083 quamdiu
1225 3020 1324 3081 super
1333 3005 1413 3066 villa
1426 3005 1499 3081 ipsa
1513 3006 1547 3066 et
1560 3005 1636 3065 aliis
1651 3020 1735 3081 prae·

433 3124 531 3211 VHI
940 3105 1062 3166 dictam
1077 3102 1252 3164 ecclesiam
1274 3101 1510 3173 molestaverit,
1527 3099 1651 3162 frustra
1667 3100 1733 3161 sibi
1790 3167 1795 3173 ,

941 3202 981 3263 de
1015 3199 1299 3262 reconciliationis
1336 3199 1445 3274 gratia
1484 3197 1674 3259 blandietur
1702 3198 1736 3259 et

127 3275 172 3333 Ad
184 3276 352 3336 ‘manum
367 3275 591 3337 mmmm
611 3271 861 3334 mmmm
940 3299 1064 3361 frustra
1085 3298 1126 3358 de
1149 3295 1349 3373 assequendi
1368 3310 1442 3356 eam
1462 3295 1583 3356 fiducia
1605 3310 1641 3356 se
1657 3296 1734 3371 jac-

409 3373 569 3435 eoelem·
940 3396 1034 3460 tabit.
1051 3396 1210 3472 Denique,
1232 3393 1261 3453 si
1283 3393 1390 3454 dictus
1409 3392 1531 3454 nobilis
1548 3392 1737 3468 nequiverit

355 3501 520 3574 incogniti
536 3500 615 3558 liii.
941 3492 1075 3554 monitis
1092 3491 1212 3553 vestris
1235 3489 1360 3560 induci,
1385 3490 1421 3551 nt
1442 3504 1542 3566 super
1559 3488 1640 3549 villa
1660 3486 1736 3565 ipsa

210 3626 349 3691 [poma
364 3626 421 3677 p„
435 3625 566 3685 desinet,
578 3622 762 3688 fflfflgg]
941 3592 974 3653 et
997 3589 1073 3651 aliis
1088 3588 1196 3649 cesset
1214 3603 1234 3648 a
1256 3585 1487 3648 molestatione
1508 3584 1655 3646 indebita
1677 3601 1737 3645 ec·-

597 3700 600 3709 '
942 3687 1053 3749 olesiae
1072 3684 1274 3755 memoratae,
1299 3700 1360 3745 vos
1381 3684 1489 3760 ipsum
1505 3684 1538 3744 et
1558 3682 1738 3758 complices

99 3747 159 3807 Cum
171 3751 350 3809 lisimuudus
363 3752 416 3808 llll
431 3751 598 3819 dolosanus,
614 3758 674 3825 (uio
687 3755 815 3821 tempore
832 3747 886 3802 lio-

129 3852 217 3896 manae
233 3839 376 3897 Ecclesia
390 3838 568 3896 reconciliari
582 3842 699 3909 cuperet
714 3841 763 3893 aut
781 3847 887 3906 cupere
943 3801 1015 3862 ⁰³³⁸
1043 3800 1063 3843 a
1089 3781 1319 3842 m⁰le⁸t3t¹⁰¹¹⁰
1347 3778 1537 3855 hUJusmOdl
1570 3792 1629 3854 Pffl'
1657 3793 1740 3838 cen-

128 3926 296 3998 crederetur,
318 3928 432 3984 iuterim
450 3926 628 3986 vivariensis
647 3923 776 3981 ecclesia
791 3922 887 3979 villam
942 3897 1055 3942 suram
1070 3878 1341 3948 e⁰⁰l⁹⁸¹³⁸t¹⁰³m’
1358 3876 1581 3952 app⁰ss³t¹⁰¹¹⁰
1595 3873 1736 3947 mmm'

129 4014 326 4088 Argentariam
337 4015 414 4072 velut
425 4014 568 4086 propriam
580 4017 759 4084 occupasset,
772 4008 889 4067 mandat
943 3977 1029 4038 Sicut
1044 3976 1170 4052 justum
1190 3973 1301 4039 [Μὴ
1320 3972 1548 4047 ⁰⁰mpe⁵⁰³ti⁸’
1566 3986 1640 4031 cum
1662 3968 1737 4030 sffl'*

129 4102 268 4162 Honorius
287 4111 320 4162 ut
340 4102 387 4160 ille
407 4116 481 4159 nova
502 4115 624 4159 censura
649 4100 748 4157 lortius
771 4099 886 4170 ligetur,
942 4074 1009 4135 tius
1025 4071 1125 4149 ligari
1139 4070 1250 4132 valeat
1263 4072 1335 4147 l'flm
1354 4069 1486 4145 ligatus·
1512 4067 1603 4141 QUOd
1619 4067 1648 4127 Si
1670 4082 1737 4128 non

129 4191 180 4248 niu
193 4192 339 4265 pontificis
352 4190 468 4248 „mmm
484 4190 656 4262 acquiescat.
944 4185 1068 4240 omnes,
1083 4168 1145 4229 etc.
1163 4167 1281 4228 Datum
1298 4166 1465 4237 Laterani,
1487 4166 1563 4226 VIII
1578 4162 1739 4225 kalendas

133 4317 300 4382 Honorius
325 4317 552 4394 episcopum
575 4314 708 4376 dilectis
730 4313 808 4374 filiis
827 4312 889 4374 de·
944 4264 1149 4344 septembris,
1171 4263 1383 4340 pontificatus
1404 4262 1509 4323 nostri
1529 4277 1617 4323 anno
1637 4274 1736 4322 nouo.

98 4426 175 4475 cano
198 4416 231 4478 et
260 4414 393 4476 cantori
416 4410 658 4484 valentinensi,
684 4411 717 4472 et
740 4409 889 4471 sacristae

98 4509 308 4584 Romanensi,
343 4510 552 4573 vivariensis
585 4507 752 4579 dioecesis,
799 4506 891 4567 salu·
1315 4520 1392 4605 le

98 4608 291 4784 tellg'xeptassrte
311 4705 433 4768 nobilis
453 4703 632 4766 Raimundi
646 4702 708 4763 tilii
723 4701 889 4778 quondam
1063 4681 1115 4740 Ad
1133 4681 1329 4752 &flitmum
1347 4676 1619 4738 atrebatensem.

98 4801 134 4861 R.
157 4804 289 4865 comitis
309 4801 467 4864 Tolosani
490 4801 552 4861 luit
571 4799 666 4860 nobis
686 4797 890 4875 propositum
1209 4815 1375 4890 psepoemp
1390 4815 1470 4873 llil.

97 4896 158 4960 ‘³¹¹¹
176 4898 382 4978 mmmm*
400 4897 489 4977 qu⁰d
505 4897 756 5005 desiderabiles
779 4895 890 5002 ⁰tF10'
976 4940 1154 5007 [ansanus.
1174 4939 1301 5004 ternpus
1319 4938 1357 4987 is.
1370 4940 1428 4989 uss.
1439 4936 1707 5001 sceoftoniense]

97 4993 202 5058 elesiae
221 4996 420 5059 satisfacere
442 4995 482 5055 de
504 5009 699 5064 commissis,
726 4992 760 5052 et
781 4990 891 5051 redire

96 5090 134 5153 ad
148 5093 414 5156 ecclesiasticam
428 5091 600 5161 unitatem,
614 5105 635 5151 a
650 5104 727 5167 qua,
741 5088 811 5149 suis
824 5087 893 5149 cul·
946 5066 1068 5125 Litteras
1087 5064 1286 5138 imperatoris,
1312 5078 1328 5120 fl
1354 5065 1464 5121 loanne
1489 5061 1628 5135 quodam,
1655 5060 1741 5118 acite

96 5188 145 5263 pis
169 5190 396 5268 exigentibus,
424 5188 487 5250 fuit
513 5187 689 5265 praecisus3
722 5185 781 5247 sed
802 5185 892 5246 certe
1036 5153 1167 5222 veritate,
1182 5152 1314 5209 obtentas
1329 5151 1423 5208 irritas
1437 5164 1500 5207 esse
1515 5148 1651 5206 declaret.

96 5284 197 5362 ipsius
212 5303 319 5365 opera
333 5285 444 5350 verbis
459 5284 649 5363 hujusmodi
662 5283 795 5360 penitus
811 5298 893 5344 con·
986 5279 1166 5350 Honorius,
1183 5280 1258 5349 eto,
1273 5274 1459 5339 venarabili
1484 5273 1616 5335 tratri...
1646 5272 1740 5349 epis-

96 5380 270 5446 tradicunt
303 5385 384 5445 Cum
408 5383 497 5444 enim
521 5385 625 5447 Deum
651 5382 685 5443 et
706 5378 891 5441 Ecclesiam
946 5393 1029 5455 copo
1057 5374 1280 5445 Atrebatausi,
1307 5372 1447 5434 salutem
1467 5371 1500 5432 et
1519 5369 1742 5446 apostolicam

96 5476 141 5541 sic
154 5480 373 5544 vehementer
387 5479 574 5548 offenderit,
588 5478 675 5556 quod
689 5476 824 5553 diguam
842 5492 893 5537 sa·
946 5472 1220 5535 benedictionem.
1245 5472 1247 5476 ’

130 5628 444 5705 (ltdslterocornuto.
985 5621 1027 5694 (a)
1042 5621 1178 5679 cannino.
