3930 6206
99 297 150 359 737

100 451 210 521 007010,
233 463 273 511 00
295 447 396 511 etiam
422 446 603 517 novalium,
629 461 702 523 quea
728 446 889 533 00000770

99 548 234 613 00071700
263 546 322 607 007
351 543 535 620 sumptibus
566 542 693 612 colitis,
725 544 796 605 sive
831 543 872 603 de

98 646 200 715 hortis,
213 644 245 704 et
258 641 423 717 virgultis,
440 644 474 702 et
488 640 726 716 piscationibus
739 640 871 711 vestris,

99 742 144 805 vel
162 741 199 801 de
220 738 432 800 nutrimentis
456 736 651 797 animalium
674 737 870 807 vestrorum,

97 838 195 899 nullus
209 853 229 897 a
242 835 337 898 vobis
352 834 497 896 decimas
519 835 665 909 exigere,
685 833 738 894 vel
760 834 874 894 extor-

98 951 186 1013 quere
204 933 392 1011 0000000707.
410 932 523 993 Liceat
542 947 672 1009 quoque
686 930 780 991 vobis
800 929 872 991 cle-

96 1030 263 1103 77000,701
287 1031 390 1091 laicos
418 1028 557 1100 liberos,
592 1030 626 1089 et
655 1026 825 1088 absolutos
855 1041 874 1086 e

97 1128 206 1190 000010
232 1126 408 1203 fugientes,
438 1125 480 1186 ad
508 1125 758 1186 conversionem
783 1122 872 1184 reci-

95 1240 165 1302 pere
187 1226 218 1286 et
239 1239 297 1285 eos
323 1223 448 1300 absque
476 1221 738 1284 contradictione
762 1220 875 1296 aliqua

95 1304 235 1382 retinere.
256 1319 474 1381 prohibemus
489 1319 626 1395 insuper
640 1319 676 1378 ut
693 1317 776 1379 nulli
800 1316 873 1377 fra-

95 1418 172 1477 trum
184 1415 380 1486 vestrorum,
398 1415 472 1491 post
488 1414 608 1475 factam
622 1413 657 1473 in
670 1410 874 1473 monasterio

94 1514 192 1574 vestro
210 1511 450 1589 professionem
468 1511 518 1571 100
537 1512 581 1572 077
599 1509 724 1587 absque
745 1508 874 1570 abbatis

74 1610 138 1691 ⁴sui
155 1609 298 1677 licentia,
314 1609 355 1669 de
370 1608 484 1669 eodem
507 1608 579 1669 loco
599 1607 788 1680 discedere;
805 1605 875 1666 dis-

94 1706 254 1767 cedentem
268 1720 348 1767 7000
362 1705 487 1782 absque
506 1704 728 1766 communium
742 1703 874 1763 littera·

93 1818 195 1863 rarum
219 1804 405 1864 vestrarum
427 1802 596 1873 cautione,
620 1800 733 1860 nullus
755 1799 875 1861 audeat

93 1900 243 1973 retinere,
263 1900 349 1977 quod
374 1899 497 1976 siquis
517 1897 600 1959 10070
619 1898 764 1958 00770000
783 1912 874 1974 0700-

93 1997 272 2073 sumpserit,
288 1997 416 2057 licitum
433 1996 477 2058 sit
490 1995 585 2057 vobis
601 1996 637 2055 in
652 1995 742 2073 ipsos
755 2010 874 2055 mona-

92 2092 173 2164 chos,
194 2092 247 2154 vel
265 2092 661 2175 0007000007000100070
677 2091 875 2153 sententiam

91 2189 302 2266 promulgare
321 2188 402 2250 illud
416 2189 600 2251 districtius
614 2189 817 2257 inhibentes,
833 2205 875 2249 ne

91 2288 205 2359 terras,
229 2302 290 2347 sen
313 2285 483 2363 quodlibet
503 2286 701 2347 beneficium
724 2285 875 2347 ecclesia

90 2384 201 2445 vestrm
222 2384 392 2456 collatum,
413 2374 513 2445 liceat
534 2384 637 2445 alicui
656 2384 876 2460 personaliter

90 2479 167 2552 dari,
188 2481 260 2543 sive
280 2481 346 2542 alio
365 2481 462 2542 modo
477 2480 629 2553 alienari,
647 2481 771 2557 absque
790 2497 874 2542 con-

89 2591 183 2638 sensu
200 2578 305 2641 totius
324 2577 471 2655 capituli,
490 2579 542 2639 vel
565 2578 713 2655 majoris,
735 2580 794 2639 007
816 2593 874 2638 00-

90 2675 187 2735 070070
197 2676 305 2753 partis
316 2675 433 2751 ipsius.
447 2675 481 2736 si
493 2691 565 2752 quae
576 2690 655 2737 vero
668 2675 874 2748 donationes,

89 2771 137 2830 vel
160 2772 394 2842 alienationes,
423 2771 522 2833 aliter
550 2786 650 2847 quam
675 2770 798 2833 dictum
827 2772 878 2832 est

90 2864 178 2929 iactae
201 2868 338 2940 luerint,
364 2868 478 2929 irritas
511 2883 585 2928 esse
615 2883 801 2929 censemus.
828 2867 876 2929 Ad

90 2961 156 3026 haec
183 2966 286 3027 etiam
307 2963 531 3041 prohibemus,
550 2981 592 3025 ne
614 2965 736 3041 aliquis
760 2980 878 3026 mona·

90 3058 176 3147 chus,
190 3062 264 3123 sive
276 3076 456 3123 conversus
467 3060 527 3121 sub
538 3060 745 3138 professione
757 3063 877 3123 vestrae

90 3155 195 3219 domui
217 3158 414 3230 adstrictus,
436 3159 509 3219 sine
541 3174 705 3219 consensu
725 3158 757 3219 et
777 3158 879 3219 licen·

89 3254 143 3327 tia,
158 3257 191 3317 07
205 3256 337 3317 abbatis
350 3258 382 3316 et
394 3256 530 3332 majoris
545 3255 650 3332 partis
665 3256 803 3333 capituli
818 3272 878 3333 pro

88 3350 196 3428 aliquo
218 3352 409 3429 fidejubeat,
429 3353 482 3413 vel
507 3352 548 3413 ab
573 3353 683 3429 aliquo
704 3354 878 3428 pecuniam

87 3447 196 3508 mutuo
238 3446 402 3523 accipiat,
438 3446 525 3506 01700
559 3447 701 3523 pretinm
741 3447 879 3524 capituli

88 3541 295 3616 providentia
318 3542 542 3613 constitutum,
560 3542 626 3602 nisi
647 3546 782 3620 propter
802 3560 877 3604 ma-

88 3637 240 3701 nifestam
261 3640 377 3701 domus
392 3640 513 3702 vestrae
532 3639 725 3714 utilitatem3
749 3641 879 3717 quodsi

87 3731 194 3796 facere
210 3737 472 3813 praesumpserit,
489 3752 556 3796 non
569 3736 722 3798 teneatur
741 3753 880 3799 conven-

88 3831 138 3892 tus
150 3849 212 3909 pro
223 3834 279 3895 his
291 3833 501 3910 aliquatenus
516 3833 727 3909 respondere.
738 3835 879 3896 Licitum

87 3931 251 4003 praterea
273 3930 317 3991 sit
334 3929 429 3990 vobis
447 3930 483 3990 in
505 3932 614 3992 causis
633 3932 786 4007 propriis,
809 3932 880 3993 sive

87 4025 230 4099 civilem,
248 4026 321 4088 sive
336 4027 543 4088 criminalem
560 4028 752 4089 contineant
766 4045 879 4105 quaes-

87 4120 220 4196 tionem,
237 4124 379 4185 fratrum
395 4126 581 4185 vestrorum
600 4124 799 4186 testimoniis
819 4127 878 4197 uti,

86 4233 127 4278 ne
140 4235 202 4295 pro
217 4219 351 4282 defectu
358 4221 491 4282 testium
497 4224 554 4297 jus
562 4221 756 4293 vestrumin
768 4222 880 4298 aliquo

86 4314 197 4377 valeat
216 4318 383 4393 deperire.
401 4319 505 4378 Porro
527 4317 557 4378 si
578 4317 735 4394 episcopi,
753 4318 804 4379 701
822 4318 881 4379 0177

84 4413 307 4474 ecclesiarum
325 4414 526 4476 7007000070
545 4414 746 4476 monasteria
758 4417 879 4487 vestra,

85 4509 136 4569 vel
147 4510 404 4586 personasinibi
415 4511 623 4582 constitutas,
640 4512 879 4588 suspensionis,

85 4606 455 4678 excommunicationis,
484 4607 652 4669 interdicti
683 4608 881 4669 sententiam

85 4703 386 4779 promulgaverint,
402 4703 474 4763 sive
488 4704 589 4764 etiam
607 4705 643 4763 70
658 4705 882 4766 mercenarios

84 4799 230 4870 vestros,
245 4815 305 4876 pro
327 4815 366 4860 eo
386 4799 472 4876 quod
487 4800 643 4871 decimas,
660 4802 746 4863 sicut
760 4801 882 4864 dictum

85 4897 237 4965 estnon
257 4897 457 4973 persolvitis,
479 4898 550 4959 sive
573 4898 685 4974 aliqua
709 4899 884 4960 occasione

85 5005 216 5065 eorum,
236 5008 310 5068 quae
331 4990 373 5053 ab
394 4994 583 5070 Apostolica
601 4993 806 5070 benignitate
826 4997 883 5056 in-

84 5086 178 5150 dulta
193 5089 285 5161 sunt,
299 5104 357 5150 seu
372 5082 600 5152 mnesactores
613 5094 752 5163 7007700,
769 5107 829 5169 000
844 5108 884 5153 00

83 5186 173 5261 qnod
184 5185 302 5262 aliqua
314 5186 408 5247 vobis
420 5185 594 5260 beneficia,
605 5189 659 5249 vel
671 5188 829 5266 obsequia
842 5205 886 5250 ex

84 5282 234 5343 caritate
264 5283 495 5358 praestiterint,
518 5284 570 5345 vel
594 5284 636 5344 ad
667 5285 885 5347 laborandum

82 5377 285 5455 adjuverint
298 5378 333 5439 in
349 5379 419 5439 71170
436 5378 564 5451 diebus,
581 5381 617 5440 in
632 5381 751 5458 quibus
763 5398 822 5443 vos
835 5383 887 5443 la-

82 5472 230 5544 boratis,
242 5474 343 5535 etalii
353 5474 528 5548 ferlantur,
539 5477 672 5538 tandem
686 5480 885 5541 sententiam

82 5569 305 5646 protulerint,
332 5571 438 5648 ipsam
470 5573 628 5649 tanquam
651 5575 767 5635 contra
791 5575 886 5637 Sedis

242 5714 357 5760 077007.
376 5702 515 5762 70770171.

691 287 921 348 EPISTOLAE.
945 288 1023 347 LIB.
1049 289 1104 347 IX.

1662 291 1722 350 738

926 445 1124 521 apostolicae
1147 445 1275 507 indulta
1305 447 1484 523 prolatam,
1511 446 1720 508 decernimus

928 546 1141 604 nontenere:
1157 559 1218 604 nec
1231 543 1352 605 litterae
1368 543 1443 605 01100
1459 544 1650 605 firmitatem
1664 544 1722 605 ha·

927 638 1037 711 beant,
1057 656 1139 717 quas
1154 641 1256 702 700770
1271 641 1405 702 nomine
1422 642 1651 703 cisterciensis
1665 657 1723 703 or-

927 736 1016 797 dinis
1030 738 1063 797 et
1077 740 1189 798 contra
1205 737 1353 798 tenorem
1368 740 1634 815 Apostolicorum
1651 739 1722 816 pri·

928 833 1125 909 vilegiorum
1151 834 1337 896 constiterit
1362 836 1544 912 impetrari.
1569 836 1720 896 Chrisma

927 944 1018 1000 vero,
1037 929 1148 989 oleum
1166 932 1327 999 sanctum,
1345 933 1612 993 consecrationes
1634 933 1722 993 alta-

928 1024 1026 1091 rium,
1043 1039 1103 1084 seu
1116 1024 1343 1098 basilicarum,
1366 1028 1593 1089 ordinationes
1615 1029 1719 1089 cleri-

929 1135 1054 1192 corum,
1071 1137 1129 1182 seu
1144 1122 1381 1183 monachorum
1394 1125 1591 1197 vestrorum,
1608 1126 1664 1202 qui
1678 1125 1719 1186 ad

929 1233 1042 1278 sacros
1059 1217 1193 1278 ordines
1211 1218 1335 1281 fuerint
1353 1222 1579 1295 promovendi,
1598 1239 1618 1283 a
1638 1239 1721 1300 quo-

929 1329 1068 1390 cumque
1078 1315 1264 1376 vicinorum
1278 1317 1508 1393 episcoporum
1522 1319 1719 1392 malueritis,

929 1410 1131 1488 suscipietis,
1153 1412 1183 1471 si
1201 1412 1333 1489 quidem
1352 1414 1536 1475 catholicus
1556 1416 1666 1487 fuerit,
1688 1420 1722 1479 et

929 1509 1193 1569 communionem
1206 1511 1240 1571 et
1253 1510 1394 1586 gratiam
1410 1510 1564 1573 babuerit
1575 1515 1719 1589 Aposto-

928 1605 1001 1666 licae
1032 1605 1141 1679 8007ος
1170 1606 1244 1682 0007
1272 1623 1401 1683 quoque
1428 1609 1461 1669 et
1485 1610 1721 1685 tranquillitati

929 1704 1048 1764 vestrae
1074 1704 1211 1779 paterna
1237 1702 1273 1763 in
1302 1706 1469 1780 posterum
1497 1706 1722 1768 sollicitudine

930 1799 1104 1875 providere
1127 1799 1287 1870 70100700,
1311 1802 1508 1864 auctoritate
1531 1804 1721 1879 Apostolica

930 1895 1160 1973 prohibemus,
1187 1896 1332 1958 0770170
1360 1898 1533 1959 0107700700
1557 1899 1718 1972 10000007,

931 2008 989 2054 seu
1004 1994 1220 2068 grangiarum
1228 1995 1425 2067 vestrarum,
1436 1996 1547 2056 nullus
1556 1998 1719 2074 rapinam,

930 2106 990 2151 seu
1013 2089 1136 2167 furtum
1160 2089 1282 2159 100000,
1305 2090 1415 2167 ignem
1439 2108 1615 2169 apponere,
1638 2106 1721 2155 san·

929 2187 1064 2261 guinem
1088 2186 1236 2260 fundere,
1255 2187 1422 2249 bominem
1441 2189 1565 2251 temere
1587 2206 1720 2268 capere,

929 2283 982 2345 vel
997 2284 1196 2356 70700710070,
1214 2300 1273 2345 000
1287 2284 1480 2346 violentiam
1496 2286 1617 2349 audeat
1630 2304 1723 2349 exer·

930 2395 1016 2441 cere.
1049 2380 1098 2441 hd
1124 2380 1196 2441 haec
1223 2380 1393 2444 libertates
1421 2383 1455 2443 et
1479 2383 1717 2456 immunitates,

930 2493 1013 2552 quas
1031 2476 1234 2549 Theodorus,
1253 2480 1400 2539 Joannes
1412 2480 1446 2540 07
1461 2480 1608 2541 Donatus
1625 2483 1719 2557 epis·

931 2573 1296 2650 copiSquillacensibus
1311 2575 1474 2646 ecclesiia,
1492 2580 1524 2638 07
1538 2577 1622 2638 10070
1632 2579 1721 2648 01770,

931 2687 1005 2749 quea
1019 2672 1055 2731 in
1072 2671 1264 2748 episcopatu
1284 2672 1504 2748 squillacensi
1524 2673 1663 2747 habetis,
1683 2675 1724 2736 de

932 2784 1070 2830 assensu
1083 2767 1220 2845 capituli
1235 2769 1299 2839 sui,
1312 2769 1364 2829 vel
1375 2770 1521 2847 majoris,
1535 2772 1568 2832 et
1578 2773 1723 2833 00070770

932 2865 1035 2941 007770
1051 2863 1231 2925 indulsisse
1245 2868 1438 2937 noscuntur,
1457 2867 1543 2927 sicut
1557 2868 1592 2928 in
1610 2884 1724 2929 eorum

932 2960 1065 3038 scriptis
1090 2960 1291 3021 authenticis
1312 2962 1510 3035 continetur,
1527 2966 1725 3026 auctoritate

932 3057 1120 3134 0000701700
1152 3057 1401 3130 confirmamus,
1426 3075 1549 3135 easque
1576 3060 1724 3136 integras

933 3154 1200 3230 omnitempore,
1228 3154 1261 3215 07
1284 3154 1429 3216 illibatas
1454 3171 1588 3217 7000000
1612 3158 1726 3218 sanci·

934 3268 1016 3312 mus.
1045 3251 1259 3312 Decernimus
1276 3238 1381 3327 =ergo,
1411 3254 1447 3314 ut
1474 3253 1559 3313 nulli
1588 3255 1723 3315 omnino

933 3349 1104 3410 hominum
1139 3348 1238 3410 liceat
1277 3348 1451 3424 praelatum
1486 3352 1724 3412 monasterium

933 3449 1057 3507 temere
1083 3444 1294 3522 perturbare,
1320 3447 1378 3507 aut
1403 3448 1475 3523 ejus
1498 3448 1725 3523 possessiones

934 3542 1077 3613 auferre,
1091 3542 1144 3602 701
1167 3540 1295 3604 01710700
1314 3543 1470 3615 00770070,
1487 3545 1648 3617 minuere,
1666 3562 1726 3606 seu

934 3637 1136 3716 quibuslibet
1146 3639 1378 3705 venationibus
1389 3640 1605 3716 fatigare,sed
1615 3643 1727 3703 omnia
1750 3670 1758 3679 ·

934 3737 1066 3812 integra
1086 3737 1327 3797 conserventur
1346 3752 1475 3808 eorum,
1502 3754 1560 3813 pro
1585 3754 1725 3814 quorum

933 3833 1193 3909 gubernatione,
1221 3848 1261 3893 ac
1294 3835 1534 3895 sustentatione
1566 3850 1725 3896 concessa

934 3930 1025 4001 sunt,
1050 3928 1164 3989 usibus
1191 3930 1388 3990 omnimodis
1417 3930 1599 4005 profutura,
1630 3932 1724 3993 00170

935 4026 1233 4101 sedisapostolicae
1244 4026 1450 4087 auctoritate.
1463 4028 1497 4087 Si
1507 4044 1570 4104 qua
1579 4029 1724 4103 igiturin

935 4122 1081 4184 10707070
1096 4123 1334 4195 0001007007700,
1348 4124 1561 4184 saecularisve
1570 4141 1723 4201 persona,

935 4220 1021 4280 hanc
1035 4221 1158 4281 nostrae
1173 4220 1417 4282 constitutionis
1433 4222 1588 4297 pagiuam
1604 4223 1725 4295 007000,

935 4318 1050 4378 000770
1072 4332 1145 4377 eam
1168 4318 1293 4378 temere
1317 4319 1431 4379 venire
1454 4320 1642 4391 tentaverit,
1668 4334 1726 4382 se-

936 4413 1043 4476 cundo
1075 4414 1216 4475 tertiove
1253 4415 1464 4487 commonita,
1500 4417 1567 4476 nisi
1599 4418 1728 4478 reatum

936 4500 1032 4572 suum
1045 4525 1192 4586 congrua
1210 4510 1436 4572 satisfactione
1451 4514 1646 4577 correxerit.
1663 4529 1726 4590 po-

936 4608 1081 4680 testatis,
1112 4607 1291 4668 honorisve
1319 4607 1371 4668 sui
1406 4607 1569 4684 dignitate
1603 4612 1726 4683 careat,

936 4719 1093 4781 reamque
1116 4718 1152 4764 se
1175 4704 1288 4765 divino
1302 4705 1431 4780 judicio
1455 4706 1601 4767 existere
1617 4721 1636 4766 a
1650 4723 1729 4783 per·

937 4802 1065 4877 0077070
1077 4801 1254 4877 iniquitate
1274 4804 1462 4877 cognoscat,
1480 4804 1513 4865 et
1531 4819 1550 4865 a
1570 4804 1730 4865 sacratis·

938 4898 1021 4957 simo
1036 4913 1186 4973 corpore,
1205 4913 1245 4958 ac
1263 4899 1426 4975 sanguine
1449 4900 1518 4971 Dei,
1542 4903 1575 4961 et
1597 4900 1730 4961 Domini

938 4995 1167 5070 Redemptoris
1183 4995 1288 5056 nostri
1302 4998 1383 5057 1000
1404 4996 1525 5058 Christi
1536 4997 1646 5058 aliena
1660 4999 1728 5068 liat,

939 5092 1037 5167 atque
1051 5091 1087 5151 in
1100 5093 1250 5152 extremo
1264 5094 1419 5154 examine
1441 5093 1599 5154 districtas
1616 5093 1732 5171 subja-

940 5189 1012 5248 ceat
1027 5188 1157 5249 ultioni.
1174 5190 1307 5250 Cunctis
1328 5191 1438 5251 autem
1453 5188 1560 5250 eidem
1582 5190 1654 5251 loco
1670 5207 1732 5253 sua

936 5286 1014 5361 jura
1047 5285 1277 5358 servantibus,
1309 5286 1353 5347 sit
1380 5302 1446 5362 pax
1486 5285 1618 5346 Domini
1651 5289 1732 5349 Jesu

940 5380 1074 5453 Christi,
1091 5384 1307 5467 quatenuset
1320 5383 1375 5444 hic
1389 5383 1533 5443 fructum
1555 5383 1649 5445 bonae
1671 5401 1731 5448 ac·

939 5476 1040 5539 770070
1050 5479 1245 5554 0070707007,
1255 5479 1288 5540 07
1298 5479 1384 5555 apud
1393 5479 1731 5557 districtumjudicem

941 5576 1078 5649 praemia
1113 5577 1246 5637 aeternae
1278 5576 1369 5651 pacis
1404 5576 1586 5640 inveniant.
1616 5581 1732 5642 Amen.

1509 5708 1544 5765 rt
