3972 6204
876 234 1051 299 HONORII
1074 237 1118 297 111
1140 234 1287 301 OPERA.
1843 246 1894 306 ddd

617 410 704 497 LXI

303 563 356 623 Ad
367 561 553 636 capitutum
564 561 598 622 et
612 565 807 636 episcopum
820 565 1014 637 spirenses.

530 690 694 748 nascens.
711 693 790 750 lars.
858 670 867 677 “

372 813 625 878 [windebergiscbes
635 814 706 872 ura,
719 816 761 873 m,
773 801 832 873 'acc
842 830 866 864 n.
881 816 947 881 na]

262 941 503 1012 compositionem
527 941 600 996 inter
625 942 818 1012 Bercngerum
841 941 1008 1013 episcopam
1027 948 1056 997 et

298 1029 452 1101 capitulum
473 1029 621 1100 spirenses
639 1043 674 1084 cx
692 1043 746 1085 una
762 1036 840 1101 parte
853 1036 882 1085 et
895 1029 1054 1087 conradum

297 1119 463 1190 episcopum
479 1126 506 1174 et
526 1117 680 1188 capitulum
702 1118 940 1175 constancienses
959 1132 993 1173 ex
1018 1117 1056 1174 al·

296 1213 367 1274 tera,
388 1205 423 1262 de
437 1206 561 1262 ecclesia
575 1203 610 1261 de
625 1205 795 1278 Ezzelingen
815 1203 930 1262 lacum.

300 1331 467 1392 Honorius
477 1331 663 1407 episcopus
676 1346 793 1391 servus
803 1346 974 1391 servorum
982 1330 1052 1403 Dei,

262 1427 446 1491 venerabili
469 1427 564 1489 tratri
589 1429 742 1505 episcopo
761 1429 793 1488 et
816 1428 945 1488 dilectis
963 1428 1051 1499 liliis,

262 1525 409 1602 capitulo
434 1524 594 1602 Spirensi,
617 1525 805 1586 salutemet
832 1525 1054 1601 Apostolicam

260 1622 533 1684 benedictionem.

301 1723 347 1780 Ea
363 1736 435 1797 quae
454 1718 581 1796 judicio
600 1719 653 1779 vel
675 1719 851 1781 concordia
866 1720 1051 1780 terminan-

260 1818 316 1880 tur
329 1817 423 1877 firma
440 1817 560 1877 debent
573 1818 605 1878 et
620 1816 747 1878 illibata
761 1816 938 1894 persistere
953 1818 996 1888 et,
1011 1832 1052 1876 ne

259 1915 294 1976 in
318 1914 473 1976 recidivae
491 1914 713 1975 contentionis
740 1915 931 1991 scrupulum
957 1915 1052 1974 rela-

259 2013 390 2083 bantur,
405 2012 595 2088 apostolico
610 2013 764 2073 convenit
789 2012 946 2088 praesidio
961 2028 1053 2071 com·

261 2110 395 2170 muniri.
415 2112 461 2169 Ea
482 2109 625 2185 propter,
648 2107 849 2169 venerabilis
866 2109 901 2168 in
921 2109 1051 2169 Christo

259 2207 362 2269 irater
386 2207 539 2283 episcope
563 2209 595 2268 et
623 2206 736 2267 dilecti
761 2206 795 2266 in
825 2206 963 2266 Domino
989 2205 1051 2265 lilii

259 2305 461 2381 capitulum,
499 2304 619 2365 vestris
648 2302 924 2379 postulationibus
956 2305 1051 2378 grato

260 2404 496 2463 concurrentes
519 2416 669 2468 assensu,
692 2401 1051 2476 compositionemque

258 2498 347 2559 inter
374 2513 444 2568 vos,
467 2513 511 2556 ex
530 2512 594 2556 una
623 2498 734 2573 parte,
761 2498 794 2557 et
823 2497 1049 2558 venerabilem

260 2594 395 2656 iratrem
430 2593 579 2654 nostrum
614 2594 805 2670 episcopum
843 2594 876 2654 et
914 2593 1050 2655 dilectos

259 2692 357 2763 illios,
381 2691 562 2768 capitulum
586 2691 843 2752 constanciense
867 2708 910 2752 ex
931 2690 1048 2761 altera,

259 2804 358 2865 super
388 2788 529 2849 ecclesia
565 2786 604 2848 de
642 2788 848 2863 Ezzelingen,
885 2789 1050 2850 mediante

257 2884 442 2949 venerabili
468 2884 570 2945 sratre
585 2886 698 2946 nostro
717 2888 751 2945 C.
768 2886 944 2946 Portuensi
967 2886 1052 2962 epis·

259 3000 352 3060 copo,
372 2981 568 3059 apostolice
585 2982 679 3042 Sedis
693 2982 812 3058 legato,
828 2983 1049 3045 amicabiliter

256 3081 446 3151 intervenit,
462 3079 547 3140 sicut
564 3079 628 3140 rite
644 3080 716 3140 sine
732 3080 895 3156 pravitate
913 3081 1050 3157 provide

256 3179 343 3240 iacta
354 3179 403 3239 est
417 3178 451 3239 et
465 3176 505 3237 ab
521 3177 659 3253 utraque
674 3181 768 3253 parte
786 3180 902 3254 sponte
916 3180 1048 3253 recepta

255 3277 288 3337 et
302 3276 462 3337 hacteuus
476 3273 613 3350 pacifice
628 3273 813 3346 observata,
826 3290 865 3335 ac
881 3276 916 3335 in
929 3274 1048 3336 litteris

256 3372 376 3434 exinde
396 3370 554 3433 consectis
577 3370 707 3447 plenius
732 3372 853 3433 dicitur
871 3372 1045 3444 contineri,

256 3471 453 3532 auctoritate
465 3469 657 3545 Apostolica
672 3469 906 3529 confirmamus
920 3471 952 3530 et
966 3485 1049 3546 pree·

257 3567 359 3629 sentis
375 3568 490 3642 scripti
501 3566 945 3643 patrociniocommunimus.
955 3566 1048 3627 Nulli

255 3681 335 3741 ergo
346 3664 481 3726 omnino
499 3663 670 3724 bominum
684 3662 781 3723 liceat
794 3664 881 3724 hanc
892 3665 1047 3740 paginam

230 3764 377 3824 'nostrae
399 3761 660 3822 confirmationis
698 3760 890 3835 intringere,
924 3761 977 3822 vel
1016 3761 1045 3821 ei

255 3876 340 3921 ausu
368 3859 545 3922 temerario
582 3858 758 3918 contraire.
788 3858 822 3917 Si
847 3859 920 3933 quis
937 3859 1046 3919 antem

255 3956 318 4018 hoc
333 3956 495 4017 attentare
510 3954 767 4030 praesumpserit,
782 3953 1046 4028 indignationem

255 4052 487 4129 omnipotentis
502 4051 561 4112 Dei
572 4053 605 4112 et
618 4050 790 4111 beatorum
799 4051 888 4111 Petri
903 4052 935 4111 et
948 4050 1044 4111 Pauli

255 4150 478 4227 apostolorum
507 4151 579 4224 ejus
608 4164 644 4208 se
668 4148 798 4209 noverit
819 4148 1042 4208 incursurum.

253 4250 372 4310 Datum
396 4248 509 4317 Reate,
535 4245 632 4306 nonis
657 4244 851 4316 decembris,
876 4245 1045 4321 pontifica-

253 4346 306 4407 tus
319 4344 424 4405 nostri
438 4358 525 4403 anno
541 4342 679 4403 docimo.

593 4563 700 4648 LXII

278 4711 329 4768 Ad
340 4710 517 4775 decultum,
533 4706 712 4764 certiorem
725 4704 758 4764 cl
776 4705 1015 4766 scholasticum

331 4807 536 4873 insulenses
556 4804 780 4861 Tornacensts
795 4804 960 4863 dioecesis.

513 4931 546 4988 18
559 4928 687 4986 decemb.
705 4929 784 4986 1225.

269 5060 390 5121 [negem
405 5054 450 5104 lib.
465 5053 509 5111 ιιι,
522 5051 596 5115 epist.
609 5051 662 5101 iao.
676 5051 732 5100 llss.
743 5052 780 5102 La
789 5051 867 5101 Porto
877 5051 912 5102 du
924 5053 1019 5119 rhen]

251 5174 368 5240 Mandat
378 5173 431 5236 eis,
441 5176 471 5226 ut
483 5168 674 5239 juramentum
687 5166 823 5235 relaxent,
840 5166 914 5239 quod
930 5184 1039 5241 praepo-

286 5267 357 5324 situs
371 5263 399 5319 S.
411 5255 666 5327 nodomariisuper
674 5254 845 5311 alienatione
855 5254 1041 5326 quarumdam

252 5372 255 5381 ⁴
287 5353 416 5411 villarum
429 5343 1040 5417 adpraeposituramspectantinmanteclec·

286 5443 392 5498 tionem
403 5447 485 5491 suam
503 5432 616 5489 incaute
630 5431 810 5502 prestiterat.

1112 404 1241 466 dilectis
1252 405 1690 479 dliis...decano...cantori,
1707 410 1890 473 etscbolas-

1111 503 1177 562 tico
1193 501 1428 574 insulensibus,
1442 504 1663 565 'bernacensis
1676 505 1837 578 dioecesis,
1849 524 1892 569 sa·

1111 598 1301 665 lutem,etc.

1152 696 1303 779 suscepti
1328 712 1408 757 cura
1433 697 1605 772 regiminis
1630 714 1692 759 uos
1714 699 1846 772 inducit,
1861 708 1890 765 ut

1111 808 1170 867 pro
1183 793 1273 854 statu
1298 792 1514 854 ecclesiarum
1530 796 1635 855 simus
1660 796 1807 867 solliciti,
1819 802 1849 860 et
1860 801 1890 860 at

1110 905 1176 949 non
1187 889 1437 951 diminutionem
1449 891 1609 963 incurrat,
1624 893 1681 953 sed
1693 895 1804 970 potius
1818 912 1890 971 aug-

1110 988 1888 1067 mentumsuscipiatdiligeatistudioprospicere

1109 1082 1297 1144 debeamus.
1327 1085 1421 1144 Unde
1448 1101 1522 1146 cum
1548 1086 1698 1147 Ecclesia
1735 1087 1795 1148 Dei
1824 1088 1886 1149 dis·

1110 1182 1215 1240 tracta
1230 1181 1274 1240 sit
1300 1181 1369 1241 suis
1385 1180 1612 1256 dignitatibus,
1642 1185 1676 1245 et
1699 1184 1831 1256 officiis,
1854 1201 1889 1245 ex

1111 1291 1250 1353 quorum
1264 1276 1359 1354 lapsu
1373 1280 1724 1355 ejuscontingitstatui
1732 1281 1887 1357 derogari,

1109 1373 1138 1433 si
1154 1374 1286 1450 quando
1300 1375 1562 1437 ecclesiasticum
1582 1377 1807 1438 ministerium
1816 1381 1891 1455 pati·

1108 1473 1164 1532 tur
1178 1471 1421 1543 detrimentum,
1440 1490 1540 1548 quum
1565 1489 1619 1534 res
1643 1476 1805 1545 animata,
1828 1493 1890 1552 que

1108 1584 1222 1628 casum
1238 1585 1333 1629 suum
1357 1586 1522 1646 exponere
1543 1571 1654 1633 valeat
1674 1587 1742 1632 nou
1764 1574 1889 1644 existat,

1108 1664 1199 1726 nullo
1213 1667 1313 1726 etiam
1340 1669 1562 1743 prosequente
1583 1669 1647 1728 sibi
1663 1671 1715 1730 est
1725 1685 1787 1745 per
1809 1671 1892 1731 Sedis

1107 1762 1303 1839 apostolicae
1317 1764 1558 1839 providentiam
1571 1766 1893 1827 succurrendumlld

1107 1861 1253 1921 nostram
1269 1876 1349 1921 sane
1369 1861 1572 1923 audientiam
1592 1864 1755 1924 noveritis
1780 1880 1892 1940 perve-

1107 1958 1207 2029 nisse,
1229 1959 1314 2034 quod
1351 1975 1490 2035 quum...
1514 1961 1714 2036 praepositus
1751 1962 1893 2023 ecclesie

1108 2056 1219 2115 Sancti
1231 2056 1421 2127 Auvlomari,
1436 2057 1599 2118 Morinen.
1623 2058 1893 2131 clamosissimi

1106 2152 1233 2213 scilicet
1262 2153 1411 2224 Escbam,
1452 2154 1693 2230 Abirmgbiem,
1726 2157 1893 2217 Eucbina

1107 2252 1253 2325 tempore
1277 2253 1373 2327 cujus
1387 2267 1453 2311 non
1476 2254 1568 2312 extat
1590 2254 1754 2313 memoria
1785 2270 1894 2330 posse-

1106 2348 1218 2420 disset,
1238 2352 1275 2408 G.
1298 2348 1444 2425 ejusdem
1460 2350 1611 2411 ecclesiae
1634 2353 1816 2427 preposito
1834 2368 1892 2412 aa·

1105 2446 1188 2506 turae
1202 2446 1346 2506 debitum
1362 2447 1582 2522 persolvente,
1600 2448 1786 2523 capitulum
1808 2452 1893 2525 ejus·

1106 2541 1179 2603 dem
1214 2543 1380 2615 ecclesiae,
1419 2544 1517 2605 villas
1557 2545 1691 2605 easdem
1734 2545 1776 2606 de
1815 2546 1893 2607 tecto
1971 2616 1972 2619 Ἴ

1105 2656 1179 2700 cum
1203 2640 1243 2702 de
1260 2643 1338 2719 jure
1360 2641 1545 2717 nequiverit
1566 2642 1799 2718 praepositurae
1816 2643 1891 2704 sub-

1104 2738 1216 2809 traxit,
1239 2737 1413 2799 statuendo
1434 2738 1475 2798 ad
1495 2738 1749 2815 praebendarum
1764 2757 1890 2802 suarum

1105 2835 1316 2910 augmentum
1359 2837 1396 2897 ut
1435 2853 1571 2897 censum
1619 2838 1754 2898 centum
1801 2854 1891 2899 sexa-

1103 2933 1197 3009 ginta
1233 2932 1394 2993 librarum
1430 2935 1596 2995 currentis
1636 2938 1781 2997 monetae
1819 2936 1890 3013 ipsis

1103 3031 1280 3091 redderent
1294 3031 1477 3101 annuatim,
1493 3032 1525 3091 et
1546 3031 1764 3107 astringendo
1781 3034 1891 3094 sevin-

1103 3128 1178 3188 culo
1189 3128 1384 3205 juramenti,
1402 3130 1438 3189 ut
1457 3128 1655 3206 quicumque
1668 3145 1730 3205 pro
1750 3132 1889 3207 tempore
1970 3162 1971 3215 ι

1103 3225 1189 3286 foret
1200 3226 1400 3302 praepositus
1411 3241 1546 3287 censum
1569 3227 1714 3288 solveret
1729 3229 1889 3306 supradic

1102 3324 1181 3384 tum.
1198 3324 1344 3398 Cumque
1371 3339 1456 3382 unus
1480 3339 1523 3383 ex
1547 3323 1607 3396 eis,
1629 3323 1886 3387 videlicetboua

1102 3420 1271 3480 memoriae
1282 3422 1335 3479 W.
1348 3420 1494 3481 decanus
1507 3420 1540 3481 iu
1552 3423 1770 3497 praepositum
1782 3422 1889 3484 inisset
1969 3428 1970 3455 ³

1102 3517 1238 3588 electus,
1250 3518 1282 3578 et
1294 3517 1452 3578 statutum
1463 3517 1655 3594 hujusmodi
1666 3521 1828 3597 tanquam
1840 3521 1890 3580 ini·

1102 3630 1201 3690 quum
1226 3629 1292 3673 non
1319 3613 1452 3675 duxerit
1480 3613 1739 3687 observandum,
1766 3618 1888 3678 tandem
1968 3620 1969 3661 ι

1101 3711 1214 3770 votum
1231 3710 1339 3770 crucis
1367 3726 1464 3787 quam
1487 3714 1674 3787 sumpserat
1699 3729 1770 3773 non
1786 3714 1890 3774 salem

1100 3807 1256 3883 prosequi
1270 3806 1423 3883 plurimis
1434 3806 1553 3867 debitis
1569 3808 1748 3884 obligatae,
1763 3811 1889 3886 utcepi·

1100 3905 1204 3966 tulum
1220 3904 1261 3964 ad
1284 3903 1531 3966 subventionem
1564 3905 1782 3968 induceretur
1796 3908 1890 3984 ipsius
1967 3886 1968 3921 ³

1101 4017 1212 4062 coram
1223 4001 1410 4061 dioecesano
1424 4001 1591 4079 episcope,
1612 4004 1644 4063 et
1660 4004 1734 4079 ipso
1750 4004 1885 4081 capitulo

1099 4098 1291 4174 recognovit
1303 4098 1408 4159 dictas
1422 4097 1530 4169 villas,
1547 4100 1580 4159 et
1595 4099 1885 4176 quamdamaliam,
1966 4168 1967 4177 ἶ

1099 4196 1139 4255 de
1152 4211 1216 4272 qua
1232 4195 1515 4272 capitulumprius
1537 4212 1603 4256 non
1623 4198 1840 4259 contenderat
1852 4197 1885 4257 ad
1966 4242 1967 4255 ,

1099 4291 1185 4353 idem
1197 4292 1378 4368 capitulum
1393 4294 1575 4369 pertinere;
1592 4295 1824 4368 recognitione
1835 4295 1886 4355 ita·

1100 4405 1162 4466 que
1175 4389 1235 4450 teli
1250 4388 1347 4460 lacte,
1365 4389 1538 4466 praefatum
1557 4390 1741 4466 capitulum
1757 4392 1798 4452 de
1812 4408 1883 4453 cou-

1098 4486 1260 4547 trahendo
1276 4488 1389 4548 mantuo
1401 4485 1618 4548 ducentarum
1631 4504 1821 4549 marcarum
1835 4490 1882 4548 lit·

1098 4587 1187 4645 teras
1206 4583 1269 4644 sibi
1289 4584 1484 4655 concedens,
1514 4585 1667 4661 quaedum
1694 4586 1763 4646 alia
1791 4601 1880 4663 snper

1098 4681 1288 4756 magisterio
1299 4681 1477 4752 scolarum,
1493 4680 1733 4757 etquibusdam
1749 4683 1826 4743 aliis
1839 4682 1883 4743 oi·
1964 4716 1965 4729 ι

1097 4777 1341 4855 ficiisejusdem
1368 4778 1518 4839 ecclesiae
1547 4794 1622 4838 cum
1650 4780 1769 4840 eodem
1790 4780 1883 4841 W.in

1098 4890 1231 4936 enorme
1243 4876 1472 4951 praepositurae
1485 4875 1694 4951 dispendium
1713 4877 1881 4945 ordinarit,
1963 4952 1964 4955 Ἴ

1096 4973 1130 5032 et
1139 4970 1391 5032 confirmatione
1405 4986 1505 5047 super
1517 4971 1579 5031 boc
1594 4986 1654 5046 per
1669 4971 1882 5049 dictumepis·

1097 5084 1224 5144 copum,
1239 5070 1272 5128 et
1281 5069 1504 5144 apostolicam
1518 5068 1636 5128 Sedem
1651 5068 1798 5141 obtenta,
1822 5070 1883 5146 post

1097 5163 1266 5225 decessum
1281 5166 1333 5224 W.
1347 5165 1495 5241 ejusdem
1505 5166 1540 5224 in
1557 5163 1708 5243 partibus
1722 5170 1881 5228 dancma-

1095 5260 1191 5332 rinis,
1203 5262 1344 5322 vacante
1356 5262 1590 5338 praepositura,
1606 5261 1706 5323 villas
1719 5262 1884 5339 occupavit
1961 5276 1962 5339 ι

1095 5357 1241 5429 easdem,
1251 5362 1284 5419 et
1294 5358 1579 5420 confirmationem
1590 5358 1785 5436 huiusmodi
1795 5374 1883 5438 quum

1095 5453 1137 5516 ad
1163 5454 1353 5530 eligendum
1380 5457 1593 5533 praepositum
1616 5457 1883 5528 convenissetis
1960 5478 1961 5495 ι

291 5547 647 5624 Honoriusepiscopus,
657 5562 774 5609 servus
786 5562 957 5609 servornm
967 5549 1038 5624 Dei,
1091 5552 1219 5629 juravit
1233 5555 1619 5629 perpetuoservaturum,
1635 5554 1803 5615 existente
1814 5556 1882 5616 tunc
