3916 6204
231 316 299 380 loe,

234 474 346 541 clasiae
370 472 594 555 apalstensls,
624 470 666 535 ad
699 472 893 551 petitionem
919 474 1027 553 ipsius

235 573 384 653 capituli,
396 587 515 633 munus
538 569 780 633 benedictionis
806 572 944 648 accepit,
961 587 1029 633 non

168 718 170 722 »
235 670 390 735 molestes
410 669 562 743 omnin03
582 668 661 746 quia
686 668 719 729 id
746 666 781 730 in
806 669 1028 746 contemptum

234 768 328 830 tuum
353 766 477 828 lactum
502 780 570 826 non
599 765 737 838 exstitit,
752 782 853 843 quum
875 766 964 828 circa
983 767 1026 839 te,

235 864 293 943 qul
307 863 394 941 apud
413 876 474 925 nos
496 876 624 924 moram
648 861 842 941 aliquandiu
862 866 1026 936 traxeras,

235 961 429 1023 crederetur
450 958 550 1022 aliter
563 975 639 1022 esse
658 962 779 1022 actum.
797 962 863 1022 Per
880 960 943 1023 hoc
962 977 1027 1023 au-

233 1056 312 1129 tem,
329 1058 409 1135 quin
429 1073 473 1118 ex
496 1057 563 1119 alia
587 1057 778 1120 rationabili
795 1073 896 1120 causa
913 1059 1029 1120 contra

236 1148 359 1215 dictum
385 1152 538 1216 abbatem
564 1168 666 1231 super
694 1156 900 1231 promotione
922 1154 1029 1232 ipsius

236 1264 336 1327 agere
350 1249 475 1324 valeas,
491 1266 558 1313 non
572 1267 744 1328 negamus.
760 1253 878 1339 Datum
892 1253 1026 1330 Signiae,

235 1347 280 1409 Vl
311 1347 473 1410 kalendas
501 1348 651 1425 augusti,
678 1348 891 1429 pontificatus
923 1349 1028 1413 nostri

235 1446 463 1508 anuooctavo.

600 1783 662 1871 ΙΙΙ

223 1908 288 1994 ‘nu
308 1932 462 1996 moulan
487 1934 590 1996 varta
611 1936 646 1996 s.
662 1934 764 1995 reta
788 1935 928 1997 cetere.
952 1934 1026 1997 orn.

275 2034 463 2093 coloniens.
480 2034 644 2105 dtoecests,
663 2034 831 2094 Moenum
849 2033 884 2094 et
896 2046 1030 2108 ρνωρο-

274 2128 382 2190 situm
397 2131 624 2191 Calontenses.

535 2259 570 2316 29
579 2257 643 2331 julli
655 2258 735 2317 122³.

404 2378 532 2445 [Sohatem
548 2381 617 2432 Anu.
630 2380 748 2441 paderb,
757 2380 777 2440 l,
789 2379 857 2445 bid]

234 2501 351 2563 Mandat
370 2511 411 2572 ut,
430 2502 505 2577 quod
523 2505 692 2562 mnouieum
717 2502 809 2574 luerit,
830 2503 866 2563 de
888 2504 1027 2563 electione

376 2593 492 2651 Hernici
506 2593 536 2649 in
550 2593 728 2665 episcopum,
748 2599 883 2655 statuant.

275 2717 443 2779 Honorius
475 2718 661 2795 episcopus,
699 2733 817 2779 servus
855 2734 1027 2781 servorum

235 2814 307 2882 Dei,
336 2814 467 2877 dilectis
496 2814 574 2876 liliis
600 2814 712 2877 abbati
740 2815 846 2877 Vallis
875 2819 909 2879 S.
936 2817 1027 2878 Petri

233 2911 463 2973 Cisteroiensis
482 2912 620 2984 ordinis,
637 2911 846 2974 coloniensis
860 2913 1024 2986 dioecesis,

232 3006 359 3070 decano
387 3010 421 3071 et
447 3010 624 3087 praeposito
651 3008 913 3083 coloniensibus,
935 3010 1027 3072 salu-

233 3105 865 3183 tametApostolicambenedictionem.

270 3202 320 3263 Ad
357 3203 562 3266 audientiam
591 3206 750 3276 nostram,
779 3203 909 3265 dilectis
947 3203 1027 3265 filiis

232 3300 410 3376 praeposito
431 3302 464 3362 et
483 3300 619 3372 decano,
635 3316 675 3361 ac
698 3300 896 3378 quibusdam
924 3316 1028 3363 cano

231 3395 317 3456 niuis
332 3396 617 3458 Pederburnensis
630 3397 780 3458 ecclesiae
801 3397 1024 3473 significanti·

226 3490 306 3564 bus,
335 3493 495 3555 novantis
521 3494 727 3569 pervenisse,
757 3494 844 3571 qnod
869 3494 971 3555 abbas
989 3496 1028 3557 et

109 3638 113 3645 .
232 3588 380 3652 decanus
402 3592 437 3652 et
464 3590 619 3652 canonici
642 3584 681 3652 S,
693 3591 784 3652 Petri
804 3590 1023 3665 Paderllurn„

231 3688 425 3759 wernerus,
442 3684 479 3748 B.
494 3687 527 3749 et
543 3689 585 3748 Η.
607 3682 727 3748 iratres
740 3687 963 3764 ejus,'rnilites
984 3688 1025 3749 de

227 3782 407 3856 Bracle,·et
421 3784 555 3862 qnidam
570 3780 630 3845 alii
642 3783 929 3847 paderburnensis
940 3785 1027 3847 civi·

229 3881 310 3943 tatis
336 3883 371 3944 et
388 3872 543 3944 dioecesis
568 3884 604 3943 in
630 3894 745 3944 eorum
771 3882 946 3945 ecclesiam
969 3884 1024 3945 te·

229 3994 321 4039 mere
335 3979 512 4051 irruentes,
529 3995 569 4040 ac
581 3979 755 4041 molientes
767 3979 876 4056 ipsius
888 3981 1023 4058 episco-

230 4077 342 4152 patum
359 4077 504 4137 Hernico
521 4075 670 4152 ejusdem
692 4076 843 4138 ecclesiae
863 4078 1024 4139 muenico

230 4187 291 4233 sua
316 4170 467 4232 conferre
492 4172 649 4249 potentia,
675 4172 782 4249 ipsum
808 4174 848 4234 de
876 4172 962 4236 iacto
988 4173 1024 4234 in

169 4262 173 4266 '
229 4268 420 4345 episcopum
444 4269 569 4344 eligere
593 4271 887 4347 praesumpserunt.
915 4273 1036 4342 Quare.

229 4366 397 4442 petierunt
415 4365 597 4439 humiliter,
615 4368 651 4429 ut
671 4382 746 4428 cum
769 4367 945 4429 occasione
960 4367 1025 4430 hu-

225 4462 372 4540 jusmodi
390 4463 508 4539 gravia
527 4463 648 4525 damna
669 4464 883 4538 incurrerint,
901 4482 957 4528 eos
981 4467 1023 4528 ad

229 4559 500 4622 satisfaciendum
516 4560 556 4622 de
571 4560 673 4622 tantae
687 4562 957 4639 praesumptionis
969 4563 1025 4624 iu-

222 4660 327 4736 juria,
353 4659 387 4721 et
413 4659 555 4732 damnis,
584 4672 659 4737 quae
680 4659 895 4722 incurrerunt
921 4675 1022 4722 occa·

227 4756 323 4819 sione
344 4756 517 4834 praedicta,
540 4771 660 4832 cogere
685 4756 910 4833 dignaremur.
939 4758 1023 4830 Quia

226 4870 306 4915 vero
321 4854 417 4915 nobis
432 4869 499 4915 nou
513 4853 662 4915 constitit
679 4853 724 4914 de
739 4854 934 4931 praemissis,
957 4855 1023 4916 dis·

226 4951 368 5015 crationi
379 4951 500 5012 vestrae
514 4965 574 5027 per
587 4950 776 5026 apostolica
792 4952 917 5029 scripta
932 4967 1023 5013 mau-

226 5049 355 5118 damus,
376 5048 540 5124 quatenus
563 5046 701 5121 vocatis,
722 5047 777 5125 qui
797 5046 921 5110 fuerint
941 5062 1023 5112 evo-

219 5146 336 5235 candi,
353 5146 386 5209 et
400 5142 523 5206 auditis
536 5142 615 5205 hinc
637 5144 714 5204 inde
729 5144 920 5222 propositis,
935 5146 1021 5223 quod

225 5455 401 5501 censuram
436 5435 697 5499 ecclesiasticam
726 5434 866 5497 tirmiter
900 5436 1020 5498 obser-

225 5536 310 5619 vari.
335 5536 451 5598 Testes
475 5535 597 5607 autem,
615 5534 672 5615 qui
700 5532 825 5596 fuerint
844 5533 1018 5608 nominati,

827 312 1024 377 nononn
1046 314 1092 375 nt
1113 313 1264 376 ornan.
1680 379 1685 387 ,
1750 304 1754 309 ’
1809 322 1856 383 aa

1083 473 1113 534 sl
1135 489 1172 535 se
1194 473 1314 551 gradu
1332 472 1408 535 odio
1431 471 1485 535 vel
1502 473 1623 536 timore
1637 468 1855 551 subtranerlnt

1082 586 1336 649 percensuram
1363 570 1523 643 eamdem,
1553 570 1773 648 appellatione
1793 590 1856 636 ces·

1083 668 1188 739 sante,
1205 668 1332 744 cogatis
1355 667 1489 729 veritati
1511 669 1738 730 testimoninm
1761 672 1858 746 perbi-

1082 763 1171 826 bere.
1189 764 1281 836 Quod
1297 765 1326 825 si
1352 779 1419 826 non
1441 780 1555 827 omnes
1579 764 1633 825 luis
1654 768 1857 842 exsequendis

1083 862 1258 939 potueritis
1283 862 1455 934 interesse,
1471 861 1536 923 duo
1553 863 1702 924 vestrum
1717 879 1754 924 ea
1766 863 1857 925 nillil·

1083 959 1214 1020 ominus
1225 960 1461 1037 exsequantur.
1474 961 1591 1021 Datum
1603 961 1739 1035 signia,
1753 963 1796 1022 Ill
1812 961 1859 1023 lra-

1081 1056 1198 1118 lendas
1239 1056 1383 1135 augusti,
1411 1056 1623 1135 pontificatus
1656 1058 1760 1119 nostri
1784 1074 1859 1119 anuo

1083 1154 1212 1216 octavo.

1451 1493 1508 1580 lv

1198 1653 1250 1713 Ad
1278 1654 1503 1714 Fredencm
1527 1655 1764 1717 Heluetiorum

1351 1750 1611 1824 tuapcrotorem.

1367 1888 1512 1963 tiamsi
1526 1889 1606 1947 lm.

1274 2008 1557 2076 wemno-nntium,
1569 2012 1602 2071 ιι,
1615 2010 1685 2077 ast]

1082 2133 1225 2192 Honorius
1246 2149 1320 2208 papa
1342 2134 1487 2194 Friderico
1499 2137 1694 2194 Romanorum
1711 2134 1860 2211 imperatori

1116 2222 1213 2279 scribit
1230 2238 1262 2280 se
1276 2223 1445 2281 auctoritate
1464 2225 1647 2299 praesentium
1662 2224 1826 2298 dispensare
1836 2232 1861 2282 ut

1116 2310 1265 2383 copuletur
1283 2325 1349 2368 cum
1365 2311 1485 2369 lsebella
1510 2311 1566 2369 lilia
1582 2312 1661 2385 regis
1673 2312 1861 2387 Hierosolyma

1116 2396 1187 2463 tant,
1201 2411 1265 2469 quae
1289 2397 1344 2470 ipsi
1363 2396 1394 2454 ln
1412 2403 1511 2469 quarta
1526 2399 1786 2471 conmoguinlmtts
1798 2399 1861 2455 inea

1117 2484 1238 2542 attinere
1249 2483 1361 2543 dicitur.

1121 2618 1288 2681 Honorius
1299 2619 1484 2696 episcopus,
1497 2635 1614 2681 servus
1622 2636 1794 2683 servorum
1801 2620 1861 2690 Dei,

1081 2713 1202 2777 dilecto
1218 2715 1287 2777 lilio
1302 2715 1492 2789 Frederico,
1509 2717 1631 2780 illustri
1648 2719 1862 2781 Romanorum

1080 2811 1284 2889 imperatori,
1301 2812 1441 2874 salutem
1467 2814 1501 2876 et
1524 2813 1752 2891 apostolicam
1771 2815 1863 2876 bene-

1081 2907 1271 2971 dictionem.

1121 3006 1204 3078 Quia
1224 3006 1411 3068 coelestia...
1437 3009 1517 3067 Cum
1537 3007 1609 3069 zelo
1623 3007 1703 3069 fidei
1718 3007 1864 3070 christia·

1081 3118 1133 3164 nae
1155 3118 1348 3176 succensus,
1365 3104 1398 3165 et
1412 3103 1598 3180 inspirante
1618 3106 1761 3167 Domino
1775 3104 1860 3182 aspi-

1080 3214 1159 3260 rans
1187 3200 1345 3262 ardenter
1371 3200 1413 3261 ad
1449 3200 1685 3262 vindicandam
1717 3203 1863 3279 injuriam

1079 3298 1159 3359 lesu
1174 3297 1297 3359 christi
1318 3296 1351 3359 et
1371 3298 1496 3359 terram
1520 3298 1649 3375 ejusde
1672 3298 1864 3376 perfidorum

1080 3393 1233 3456 manibus
1250 3394 1497 3465 vindicandam,
1509 3397 1645 3473 accepta
1665 3412 1778 3470 cruce,
1793 3397 1864 3458 illuc

1080 3490 1254 3554 devoveris
1285 3492 1524 3565 transfretare,
1552 3508 1592 3554 ac
1628 3498 1664 3556 ut
1697 3494 1863 3555 exhiberes

1080 3588 1169 3650 circa
1184 3589 1308 3651 Christi
1331 3605 1466 3651 causam
1486 3588 1699 3652 ferventioris
1724 3591 1865 3653 devotio-

1079 3685 1132 3747 nis
1156 3684 1311 3748 affectum
1332 3687 1366 3749 et
1394 3684 1435 3747 ad
1461 3688 1727 3765 persecutionem
1749 3687 1865 3766 ejuste

1079 3783 1205 3845 arctius
1228 3783 1378 3861 obligans
1396 3784 1482 3845 alios
1504 3782 1544 3845 ad
1567 3784 1602 3845 id
1624 3784 1795 3847 efficacius
1816 3800 1865 3847 ex·

1079 3881 1234 3954 horteris,
1260 3879 1431 3957 fastigium
1455 3881 1664 3944 excellentiae
1686 3881 1864 3961 imperialis

1079 3976 1235 4041 decenter
1259 3977 1440 4041 humilians
1464 3979 1505 4040 ad
1524 3978 1703 4041 consilium
1722 3981 1864 4042 nostrum

1078 4074 1111 4135 et
1132 4073 1272 4139 trabum
1300 4075 1489 4136 nostrorum
1519 4074 1664 4136 nobilem
1698 4076 1865 4138 mulierem

1078 4169 1255 4233 isabellam
1276 4171 1389 4233 natam
1413 4171 1581 4235 carissimi
1607 4172 1642 4233 in
1657 4172 1790 4235 OEiristo
1810 4170 1865 4233 dlii

1078 4268 1183 4339 nostri
1197 4270 1227 4330 J.
1241 4267 1383 4330 illustris
1395 4268 1485 4345 regis
1500 4269 1799 4347 Hierosolymitani
1814 4267 1864 4330 at·

1078 4360 1235 4426 ddaveris
1262 4363 1393 4442 publice
1419 4366 1455 4425 ln
1480 4378 1631 4439 uxorem,
1648 4383 1712 4427 nos
1734 4355 1865 4444 provide

1077 4460 1285 4524 attendentes
1303 4462 1392 4540 quod
1415 4460 1508 4524 tanta
1528 4478 1595 4536 res,
1619 4479 1693 4541 quae
1722 4462 1865 4525 noscitur

1077 4558 1309 4637 principaliter
1335 4560 1395 4629 Dei
1425 4574 1510 4632 esse,
1537 4576 1605 4621 non
1629 4562 1704 4622 erat
1727 4558 1865 4638 impedi·

1077 4657 1188 4717 mento
1203 4656 1313 4733 aliquo
1328 4655 1540 4728 retardanda,
1554 4656 1614 4719 sed
1630 4657 1741 4735 potius
1757 4658 1865 4719 lavore

1076 4746 1230 4815 benivolo
1245 4752 1485 4833 prosequenda,
1497 4753 1771 4831 impedimentum
1786 4770 1864 4817 con-

1077 4848 1312 4926 sanguinitatis
1326 4850 1380 4912 vel
1395 4850 1568 4912 affinitatis
1581 4852 1611 4912 si
1624 4852 1712 4930 qnod
1730 4851 1866 4913 obsiste-
1932 4932 1933 4935 Ἴ

1076 4948 1137 5020 ret,
1173 4947 1253 5009 tunc
1285 4947 1494 5009 decrevimus
1522 4944 1803 5022 submovendum,
1836 4947 1866 5009 et

1076 5059 1164 5106 nunc
1181 5046 1296 5107 utnon
1318 5044 1470 5107 obstante
1485 5046 1572 5122 quod
1592 5046 1628 5107 in
1648 5050 1767 5124 quarta
1790 5061 1866 5107 con·

1075 5140 1312 5218 sanguinitatis
1325 5141 1414 5204 linea
1428 5142 1543 5203 eadem
1561 5142 1703 5205 isabella
1715 5144 1776 5206 tibi
1792 5142 1866 5205 dici·
1932 5130 1933 5167 i

226 5244 423 5308 canonicum
445 5242 556 5314 luerit,
574 5240 799 5318 appellatione
824 5243 1019 5319 postposita,
1073 5240 1132 5301 tur
1155 5240 1308 5310 attinere,
1329 5238 1477 5316 legitime
1500 5240 1702 5318 copulemini
1728 5240 1866 5304 anctori-

225 5338 390 5414 statuatis,
423 5339 585 5402 iacientes
607 5338 694 5415 quod
719 5338 936 5401 decreveritis
961 5356 1022 5417 per
1074 5338 1141 5399 tate
1163 5337 1378 5414 praesentium
1404 5337 1648 5414 dispensamus.
1665 5340 1785 5401 Datum
1812 5339 1864 5399 Si-

1075 5435 1172 5511 gniae,
1207 5434 1306 5496 nonis
1343 5435 1487 5512 augusti,
1517 5435 1730 5513 pontificatus
1761 5436 1863 5499 nostri

1076 5546 1164 5595 uano
1180 5532 1307 5596 octavo.
