4014 6224
919 138 928 175 l

134 356 172 419 ss
206 408 214 417 ,
756 368 985 431 EPISTOLAE.
1009 373 1086 433 LIB.
1110 375 1165 435 VI.
1742 382 1784 442 42

134 531 276 595 quamn
299 517 398 582 nobis
420 520 462 583 ad
485 534 542 587 eos
566 523 799 587 exaltaremini
818 527 934 605 profli-

133 612 274 689 gandos,
291 631 369 677 cum
379 619 451 693 jam
465 619 524 680 rix
542 620 682 681 valeatis
702 622 742 683 de
761 623 854 685 tanta
873 639 934 686 ne-

132 711 299 789 gligentia
312 716 482 777 excusari.
498 718 578 778 (lum
593 719 709 793 igitur,
729 721 817 783 sicut
834 722 934 783 audi·

133 809 255 882 nimus,
273 811 476 889 inpartibus
493 814 624 876 Bosniae
638 817 798 892 tanquam
816 818 852 878 in
872 834 932 880 cu·

131 905 257 968 bilibus
279 909 516 982 struthionum,
540 916 615 985 ete,
642 913 678 975 ut
701 929 802 990 supra
825 930 932 989 usquc

133 1019 280 1077 errores,
307 1021 369 1083 per
394 1007 479 1085 quod
502 1024 606 1085 grave
627 1010 802 1075 imminere
823 1014 932 1089 potest

133 1103 313 1165 commisso
345 1104 442 1166 nobis
481 1106 574 1182 gregi
613 1107 786 1170 Dominico
826 1108 931 1171 detri-

132 1200 295 1272 mentum,
319 1200 563 1267 fraternitatem
585 1206 731 1267 vestram
758 1221 930 1267 monemus

131 1296 165 1359 et
182 1296 361 1359 hortamur
381 1299 517 1369 attentes
542 1317 602 1378 per
622 1302 809 1378 apostolica
835 1303 930 1367 vobis

131 1394 259 1470 scripta
286 1395 510 1472 praecipiendo
534 1398 741 1471 mandantes,
767 1401 929 1476 quatenus

131 1490 286 1552 universi
312 1492 346 1554 at
370 1492 495 1569 singuli
520 1493 563 1555 ad
586 1495 713 1571 pestem
738 1495 929 1573 hujusmodl

129 1587 331 1650 abolendam
345 1604 442 1652 omne
462 1591 618 1664 studium,
636 1608 832 1670 omnemque
847 1594 928 1655 dili-

128 1685 280 1762 gentiam
296 1686 504 1761 adhibentes,
525 1690 831 1755 commonefaciatis
850 1690 929 1752 sub-

128 1782 216 1844 ditos
230 1785 364 1846 vestros
378 1786 412 1847 et
430 1786 465 1846 in
484 1786 716 1849 remissionem
735 1787 784 1850 eis
805 1803 927 1865 pecca-

127 1880 258 1941 minum
280 1882 478 1960 injungatis,
505 1885 542 1945 ut
563 1900 639 1946 cum
663 1900 683 1946 a
714 1884 835 1948 dilecto
859 1886 928 1947 illio

127 1974 292 2053 magistro
307 1980 468 2043 Accontio
483 1981 687 2044 subdiacono
701 1986 735 2045 et
754 1983 928 2060 capellano

126 2075 256 2148 nostro,
280 2077 482 2154 apostolice
505 2079 600 2141 Sedis
619 2079 739 2155 legato,
766 2095 864 2157 quem
885 2080 927 2141 ed

126 2172 194 2235 hoc
227 2173 421 2250 specialiter
453 2175 658 2252 providimus
690 2177 925 2253 deputandum,

126 2269 255 2333 fuerint
281 2272 436 2349 requisiti
473 2274 589 2334 contra
621 2273 798 2335 haereticos
823 2275 926 2352 ipsos,

126 2383 191 2429 nec
203 2384 273 2430 non
287 2371 511 2446 receptatores
525 2371 559 2433 et
573 2370 719 2432 fautores
730 2387 857 2444 eorum,
866 2387 928 2433 ex-

127 2467 269 2542 surgant
288 2467 433 2529 viriliter
446 2471 479 2529 et
496 2460 658 2545 potenter,
672 2469 823 2547 aliasque
839 2484 928 2547 prae·

127 2562 216 2625 dicto
237 2564 348 2640 legato
368 2565 568 2641 impendatis
586 2566 628 2626 ad
647 2565 679 2627 id
696 2566 873 2628 consilium
893 2569 928 2629 et

126 2661 295 2723 auxilium
314 2664 548 2740 opportunum,
566 2663 673 2725 acturi
693 2663 742 2726 sio
757 2680 801 2725 ex
814 2663 926 2727 animo

126 2773 266 2820 causam
281 2759 357 2834 Dei,
378 2760 464 2838 quod
484 2760 595 2833 Pater,
611 2761 668 2838 qui
681 2762 773 2824 ridet
793 2762 829 2823 in
848 2761 928 2823 ahs·

126 2854 275 2928 condito,
289 2855 407 2920 reddat
417 2858 525 2929 vobis,
539 2859 573 2919 et
585 2875 645 2920 nos
659 2858 767 2920 zelum
779 2862 925 2921 restrum

126 2949 238 3025 dignis
257 2950 439 3013 debeamus
453 2952 489 3013 in
504 2955 644 3015 Domino
658 2952 814 3015 laudibus
829 2969 925 3015 com-

124 3047 297 3110 mendare.
315 3049 437 3112 Sciatis
456 3050 578 3123 autem,
595 3050 681 3128 quod
701 3052 826 3129 siquos
841 3051 925 3114 forte

123 3144 368 3218 inveniremus,
392 3147 479 3224 quod
502 3163 569 3209 non
594 3148 772 3220 credimus,
795 3148 925 3226 tepidos

123 3241 179 3303 rel
214 3241 387 3315 remissos,
420 3259 482 3305 nos
513 3260 724 3323 nequaquam
751 3261 924 3322 possemus

125 3339 362 3416 equanimiter
391 3341 558 3403 sustinere
581 3343 661 3419 quin
686 3358 744 3403 eos
775 3343 924 3404 severius

124 3436 332 3512 puniremus.
344 3440 465 3501 batum
473 3439 640 3514 Laterani,
650 3440 749 3509 nonis
761 3439 922 3514 decemb„

124 3548 214 3595 anno
227 3535 334 3597 sexto.

454 3785 602 3874 XLVII

219 3929 274 3989 Ad
287 3928 487 4002 episcopum
499 3931 827 3992 Borcbtnoncnsem.

384 4058 400 4116 7
415 4056 576 4116 decembris
591 4058 669 4117 lael.

233 4181 352 4247 fflipoffi,
364 4182 461 4233 Bullar.
477 4182 619 4243 Praedicat,
635 4183 654 4244 I,
671 4182 709 4242 m,
725 4197 751 4233 n.
761 4182 814 4248 22]

115 4286 160 4357 'Ut
173 4300 289 4357 Fratres
302 4298 413 4356 ordiale
426 4297 646 4356 praedicatorum
661 4297 766 4358 habeat
780 4313 924 4356 commen·

388 4385 470 4445 datos
484 4386 659 4445 exhortatur.

161 4514 920 4591 Honoriusepiscopus,serrasservorum-Dei,

987 548 1078 611 dare.
1095 552 1214 612 Datum
1234 552 1401 627 Laterani,
1419 556 1478 637 Yli
1490 555 1565 617 idus
1583 555 1779 630 decembris,

987 647 1197 723 pontificatus
1210 650 1317 712 nostri
1332 666 1419 713 anno
1432 655 1539 715 sexto.

1297 927 1463 1015 XLVIII
1516 969 1520 976 ·

1013 1066 1065 1132 Ab
1077 1075 1233 1137 abbatem
1244 1077 1362 1139 senen
1376 1081 1543 1141 Geranoart
1555 1082 1596 1143 dc
1610 1082 1742 1143 Prclts.

1238 1207 1428 1267 idecembris
1443 1211 1521 1269 liat.
1580 1236 1583 1243 ⁴

1007 1327 1127 1393 [aegest.
1138 1330 1184 1381 lib.
1195 1331 1239 1391 vl,
1250 1333 1324 1397 epist.
1338 1333 1393 1383 lab.
1406 1337 1464 1385 lise.
1479 1334 1514 1386 Le
1524 1334 1600 1386 Porle
1612 1335 1646 1386 dn
1658 1337 1753 1402 Theil]

982 1443 1114 1518 Indulget
1125 1454 1155 1503 ut
1173 1446 1261 1505 abbas
1279 1449 1375 1507 Sancti
1394 1450 1527 1508 Germani
1545 1459 1574 1509 et
1589 1466 1776 1513 successores

1016 1531 1078 1678 ciens
1092 1534 1182 1606 pallas
1194 1537 1291 1595 altaris
1303 1545 1331 1595 et
1343 1538 1529 1597 sacerdotalia
1543 1539 1709 1598 indumenta
1723 1541 1774 1599 bc·

1017 1635 1035 1677 n
1073 1622 1160 1679 icant.

1021 1750 1199 1823 Honorius,
1217 1753 1292 1826 etc,
1317 1753 1437 1817 dilecto
1453 1753 1521 1817 filio
1536 1755 1647 1820 abbati
1664 1758 1777 1821 Sancti

982 1847 1137 1909 Germani
1153 1847 1193 1909 de
1208 1851 1330 1911 Pralis.

1021 1944 1102 2004 Cum
1113 1960 1133 2005 a
1143 1945 1238 2007 nobis
1250 1949 1383 2024 petitur,
1399 1950 1474 2022 etc,
1488 1965 1595 2025 usquc
1608 1951 1774 2015 effectum.

981 2042 1027 2101 Ea
1039 2042 1174 2120 proptor
1191 2060 1299 2119 usque
1317 2060 1468 2119 assensu,
1490 2050 1526 2109 ut
1544 2047 1644 2111 liceat
1661 2049 1722 2110 tibi
1743 2052 1778 2114 et

981 2139 1228 2203 successoribus
1249 2143 1316 2205 tuis
1338 2144 1490 2206 ecclesiae
1509 2146 1574 2208 tuae
1598 2147 1704 2224 pallas
1719 2147 1775 2209 al-

980 2235 1063 2297 taris
1078 2238 1111 2299 et
1123 2239 1344 2302 sacerdotalia
1357 2241 1556 2305 benedicere
1568 2242 1774 2318 indumenta,

980 2334 1177 2397 arroteritate
1192 2338 1406 2412 praesentium
1419 2339 1641 2415 indulgemus.
1657 2342 1776 2403 Datum

980 2432 1149 2505 Laterani,
1170 2436 1230 2495 Vll
1251 2434 1326 2496 idus
1348 2435 1776 2515 decembris,.pontificatus

980 2528 1087 2591 nostri
1102 2545 1191 2593 anno
1203 2532 1310 2595 sexto·

1315 2812 1440 2899 XLIX

979 2962 1031 3021 Ad
1044 2962 1200 3024 abbatem
1210 2962 1245 3025 et
1254 2965 1462 3025 conventum
1476 2965 1596 3027 Sancti
1609 2967 1776 3028 damnant

1166 3062 1208 3122 de
1221 3061 1344 3123 Protts
1358 3064 1586 3125 Pcrtstcosls.

1232 3189 1250 3248 8
1264 3188 1425 3251 decembris
1440 3192 1519 3250 liar.

1009 3310 1129 3375 [Regast.,
1140 3311 1185 3363 lib.
1196 3313 1239 3371 VI,
1250 3313 1325 3378 epist.
1335 3313 1375 3366 38.
1392 3315 1448 3366 Iiss.
1465 3317 1501 3367 La
1514 3316 1590 3366 Poris
1604 3314 1638 3365 dn
1649 3316 1743 3382 rarii]

978 3427 1003 3485 Α
1016 3428 1159 3501 regimine
1169 3428 1290 3487 abbatias
1301 3430 1396 3488 Sancti
1409 3431 1544 3491 Germani
1555 3433 1677 3490 remotio
1687 3434 1735 3504 Η.,
1745 3439 1775 3492 ct

1185 3520 1361 3576 successoris
1374 3517 1437 3590 ejus
1451 3521 1563 3579 electio.

1016 3634 1196 3706 Honorius,
1222 3636 1300 3708 etc,
1331 3635 1462 3699 dilectis
1487 3634 1567 3698 filiIs
1599 3637 1712 3703 abbati
1740 3638 1774 3702 et

977 3732 1157 3795 conventui
1171 3733 1286 3795 Sancti
1307 3733 1463 3797 Germani
1482 3733 1524 3795 de
1542 3735 1652 3797 Pratis
1672 3735 1773 3797 Pari-

977 3843 1147 3990 SleIluditis
1161 3926 1241 3989 olim
1255 3929 1289 3990 et
1303 3926 1482 3990 intellectis
1497 3944 1570 4005 quas
1583 3928 1700 3991 contra
1715 3929 1772 3991 di·

977 4023 1103 4086 lectum
1114 4023 1224 4087 illium
1234 4026 1290 4097 Η.,
1302 4028 1382 4087 tunc
1398 4024 1551 4087 abbatem
1566 4028 1725 4099 vestrum,
1740 4028 1774 4091 et

977 4120 1019 4181 ab
1031 4137 1071 4182 eo
1084 4121 1126 4182 ad
1138 4120 1364 4184 defensionem
1382 4138 1488 4192 suam,
1500 4122 1636 4186 fuerunt
1649 4140 1773 4202 propo-
1862 4162 1867 4173 ι

977 4219 1042 4280 sita
1053 4234 1166 4280 coram
1177 4218 1285 4291 nobis,
1294 4219 1335 4281 de
1346 4218 1484 4281 fratrum
1497 4223 1685 4282 nostrorum
1698 4239 1774 4284 con·

976 4316 1053 4377 silio
1075 4316 1291 4378 decernentes
1309 4317 1419 4394 ipsum
1441 4334 1516 4379 esse
1538 4334 1558 4379 a
1578 4320 1773 4382 monasterii

976 4413 1080 4475 vestri
1095 4414 1257 4489 regimine
1269 4414 1688 4489 amovendum,venerabiii
1702 4417 1774 4479 fra-

975 4511 1020 4573 tri
1050 4514 1201 4573 nostro...
1237 4513 1374 4573 Trecen.
1403 4512 1558 4590 episcopo
1592 4516 1627 4576 et
1651 4514 1773 4578 dilecto

123 4611 310 4674 venerabili
343 4610 440 4672 fratri
474 4611 630 4687 episcopo
662 4611 920 4685 Barchinonen.,
976 4609 1083 4670 filio...
1106 4608 1211 4686 priori
1228 4609 1340 4673 Sancti
1355 4610 1500 4672 VictoriS
1516 4610 1681 4674 Parisien.
1700 4612 1772 4674 dis·

123 4709 266 4771 salutem
281 4709 317 4769 et
330 4707 548 4785 apostolicam
561 4707 837 4770 benedictionem.
976 4706 1073 4768 triete
1094 4705 1245 4767 dedimus
1271 4707 1307 4767 in
1329 4708 1514 4785 praeceptis,
1544 4709 1580 4770 ut
1599 4708 1640 4770 ad
1662 4710 1772 4786 ipsum

159 4805 421 4869 Fraternitatem
438 4804 531 4867 tuam
546 4820 714 4881 rogamus,
736 4821 919 4878 monemus,
976 4803 1215 4865 monasterium
1230 4805 1437 4877 aecedentes,
1452 4805 1627 4882 praefatum
1642 4809 1682 4866 Η.
1694 4807 1772 4867 dili-

121 4905 154 4966 et
170 4903 394 4966 exhortamur
411 4901 584 4973 attentius,
599 4905 763 4980 quatenus
782 4902 921 4964 dilectos
975 4901 1092 4976 genter
1110 4900 1307 4963 inducerent
1331 4901 1373 4963 ad
1397 4903 1591 4964 cedendum.
1614 4903 1771 4981 Alioquin

121 5002 221 5073 filios,
242 4999 367 5062 fratres
401 4999 530 5061 ordinIs
562 5000 834 5072 praedicatorum,
865 5000 921 5078 qui
976 4998 1127 5059 eumdem
1162 4998 1204 5059 ab
1235 4998 1342 5076 ipsius
1379 5001 1576 5065 monasterii
1608 5001 1773 5078 regimine

120 5099 238 5161 saeculi
251 5097 460 5160 vanitatibus
474 5096 648 5169 abdicatis,
658 5096 922 5160 obtuleruntDo·
975 5098 1179 5169 amoventes,
1218 5112 1395 5173 personam
1432 5098 1599 5171 idoneam,
1630 5098 1670 5159 de
1707 5114 1772 5175 qua

120 5196 212 5258 mino
239 5194 351 5256 laudis
378 5194 581 5256 sacrificium
611 5195 824 5272 semetipsos,
849 5196 922 5272 pie-
975 5192 1109 5269 dignam
1133 5196 1202 5255 Deo
1223 5195 1360 5271 possent
1383 5195 1523 5257 reddere
1548 5195 1715 5257 rationem
1736 5196 1773 5257 in

120 5294 200 5356 tatis
212 5293 351 5363 intuitu,
367 5307 569 5369 precumque
581 5291 769 5354 nostrarum
785 5291 920 5354 obtentu
975 5289 1126 5352 abbatem
1144 5290 1353 5368 praeticerent
1373 5288 1570 5354 monasterii
1590 5292 1771 5369 saepedicti,

121 5389 248 5452 habere
267 5389 403 5450 studeas
417 5388 532 5451 taliter
552 5389 810 5461 commendatos,
834 5389 921 5466 quod
975 5387 1063 5449 idem
1076 5386 1212 5459 ,facturi
1225 5389 1256 5449 si
1275 5388 1360 5451 forte
1372 5388 1479 5451 dictus
1497 5389 1599 5451 abbas
1618 5390 1706 5452 ultra
1720 5392 1774 5454 vi·

122 5488 224 5550 iidem
238 5502 357 5564 preces
378 5486 511 5546 nostras
529 5485 616 5562 apud
637 5486 670 5546 te
693 5484 757 5546 sibi
777 5485 922 5548 sentiant
975 5484 1060 5558 gintl
1073 5485 1146 5546 dies
1165 5485 1315 5548 differret
1336 5486 1450 5547 redire
1466 5485 1508 5547 ad
1531 5490 1773 5553 monasterium

121 5584 323 5656 fructuosas,
350 5584 385 5644 et
407 5597 471 5644 nos
491 5581 701 5644 devotionem
724 5584 816 5644 tuam
843 5598 922 5659 pos-
976 5584 1207 5645 memoratum.
1222 5585 1338 5661 Nuper
1352 5585 1462 5644 autem
1477 5599 1521 5645 en
1535 5584 1772 5660 praedIctorum

123 5682 225 5743 simus
242 5680 381 5759 propter
394 5679 459 5741 hoc
477 5695 544 5740 non
566 5678 732 5741 immerito
753 5695 921 5742 commen·
975 5680 1121 5758 episcopi
1137 5682 1170 5743 et
1183 5681 1316 5757 priorIs,
1334 5695 1373 5741 ac
1389 5681 1511 5743 vestris
1525 5678 1648 5746 litteris
1667 5684 1772 5747 intel·
