3916 6204
685 340 914 405 EPISTOLAE.
937 342 1017 406 LIB.
1040 345 1125 406 VIII.

102 681 354 743 Abolitionem
369 682 620 742 Terdoneusem
634 681 841 755 episcopum.

382 822 398 878 7
415 819 571 879 1331313.

195 946 276 1012 raro,
289 945 353 997 331.
367 944 689 1005 nemausiacas.
702 945 756 1011 3.]

75 1073 110 1132 Εἰ
130 1071 232 1131 scribit
255 1071 292 1128 13
303 1071 496 1129 3333313313
511 1072 586 1128 13133
605 1069 737 1129 31131313
754 1071 783 1129 S.
804 1070 874 1130 Sinti

109 1160 309 1221 Placentinum
316 1160 875 1219 etcommunitatemcremonensemver·

109 1257 201 1319 13313,
217 1250 301 1321 cique
313 1248 431 1306 mandat
444 1248 514 1305 utin
529 1247 631 1305 eodem
642 1248 759 1322 negotio
772 1263 872 1321 proce·

110 1337 161 1396 131
171 1338 253 1411 iuxta
267 1337 424 1394 litterarum
434 1342 564 1394 tenorem
580 1335 615 1394 ad
627 1337 794 1411 episcopum
806 1336 871 1396 Pia·

109 1427 260 1484 cautinum
273 1424 455 1483 directarum.

114 1561 285 1623 Honorius
294 1561 482 1638 eplscopns,
493 1575 609 1622 333133
618 1560 871 1634 servorumDei,

71 1658 263 1723 1333331111
276 1658 372 1720 133131
381 1658 587 1719 Terdonensi
598 1657 766 1734 episcopo,
780 1658 875 1720 salu-

71 1758 188 1820 temet
200 1755 424 1833 apostolicam
435 1754 712 1817 benedictionem.

114 1855 197 1916 0313
224 1852 347 1915 dudum
375 1852 463 1914 inter
490 1854 760 1915 communitatem
788 1854 873 1915 Gre-

71 1967 211 2014 monen.
238 1950 399 2027 exparte
417 1964 496 2021 una,
522 1950 555 2012 31
582 1949 739 2020 dilectum
767 1949 873 2017 fllium

72 2048 230 2111 abbatem
241 2050 275 2109 S.
290 2047 375 2109 Sinti
390 2046 574 2108 Placentin.
586 2063 630 2107 ex
641 2047 759 2121 altera,
774 2062 874 2124 super

72 2146 207 2209 duabus
216 2144 366 2223 partibus
379 2144 492 2217 castri,
509 2144 543 2206 et
567 2144 661 2205 curte
681 2144 870 2219 Guastallae,

72 2260 115 2306 ac
140 2243 238 2305 33313
263 2241 428 2304 13313313
465 2240 659 2318 quaestione,
686 2240 819 2303 tandem
837 2242 874 2304 ut

71 2340 198 2412 media,
236 2354 377 2417 quorum
410 2339 460 2401 est
492 2338 593 2415 longa
622 2338 712 2401 33133
747 2338 870 2413 333133,

75 2434 591 2513 omittamus,dictu1nabbatem
610 2436 763 2512 exigente
782 2436 875 2514 ipso-

72 2533 873 2610 rumGremonen.contumaciaverumpetitorem

73 2631 314 2695 constituimus
328 2645 565 2707 possessorem,
581 2629 766 2693 venerabili
777 2631 873 2693 fratri

73 2728 192 2791 nostro
208 2729 376 2806 33133333,
393 2726 751 2791 3111133111111311311
767 2730 800 2789 S.
811 2729 874 2789 Sa-

72 2826 208 2889 113131
235 2825 413 2902 praeposito
443 2826 477 2886 S.
505 2823 665 2888 1131333113
686 2825 871 2888 Ρ13333113.

73 2921 304 3001 precipiendo
325 2921 532 2995 mandantes,
553 2922 589 2984 nt
610 2923 646 2983 in
668 2923 873 2999 corporalem

72 3019 325 3099 possessionem
335 3033 449 3082 eorum
458 3019 652 3082 inducentes
664 3020 828 3092 eumdem,
841 3020 874 3082 31

73 3117 294 3181 defendentes
323 3117 509 3193 inductum,
542 3117 818 3190 contradictores,
844 3117 873 3178 si

73 3216 132 3294 qni
150 3214 277 3284 forent,
298 3215 373 3289 313,
401 3214 651 3293 compescendo,
675 3214 708 3276 et
734 3230 873 3277 excom-

73 3311 316 3374 municationis
334 3310 369 3372 et
393 3309 563 3372 interdicti
591 3310 783 3383 sententias,
800 3327 874 3388 333

73 3409 111 3470 13
138 3409 356 3487 3313313133,
383 3408 417 3470 31
437 3407 648 3469 consiliarios
677 3408 872 3469 Cremonen.

74 3505 219 3568 fuerunt
231 3505 311 3566 olim
322 3503 433 3566 13313
444 3520 545 3566 33333
560 3504 709 3582 prolatae,
720 3490 873 3582 3331333,

74 3604 111 3665 13
144 3601 271 3681 quibus
303 3590 460 3680 enpedire
488 3600 649 3675 viderint,
682 3600 876 3664 solemniter

73 3701 290 3778 publicantes
300 3700 333 3763 31
352 3699 549 3761 innovantes
566 3698 711 3771 easdem,
727 3697 874 3760 1113313-

73 3800 195 3861 cerent
209 3813 316 3875 usque
334 3797 376 3858 ad
397 3795 658 3858 satisfactionem
677 3795 875 3872 condignam

74 3895 223 3958 firmiter
245 3893 426 3965 313331331,
450 3896 483 3956 31
496 3892 691 3955 inhiberent
705 3909 872 3970 expressa,

73 4009 118 4056 ne
132 3992 252 4070 aliqua
267 3991 384 4053 civitas
397 4004 593 4069 quemquam
615 3990 721 4053 ciram
740 3991 876 4052 Cremo-

74 4106 155 4153 nen.
169 4090 209 4151 in
223 4088 418 4167 potestatem
433 4088 629 4161 assumeret,
645 4087 698 4149 131
722 4103 875 4165 assump-

72 4187 149 4250 tum
180 4186 400 4264 praesumeret
427 4184 587 4247 13113333.
618 4186 733 4263 Nuper
765 4185 875 4247 autem

74 4285 168 4347 idem
182 4281 402 4346 3113333113
423 4281 597 4344 insinuare
620 4282 760 4354 curavit,
788 4282 875 4360 quod

72 4380 240 4461 praefatus
255 4380 430 4457 episcopus
443 4379 477 4442 et
499 4378 634 4455 mllegae
645 4380 699 4440 sui
710 4378 873 4451 videntes,

74 4478 180 4558 quod,
197 4478 228 4538 si
239 4476 501 4554 exsequerentur
514 4476 684 4553 praedicta,
698 4490 800 4552 grave
815 4490 876 4552 33-

71 4576 291 4639 terateorum
302 4572 453 4635 ecclesiis
466 4571 675 4649 dispendium
687 4571 873 4645 imminere,

72 4672 268 4753 pracsertim
283 4686 383 4749 quum
404 4685 466 4747 per
486 4670 637 4731 cremon.
665 4672 802 4745 regatur
827 4670 877 4731 ci-

71 4772 168 4834 vitas
183 4767 382 4839 Placentin,
399 4766 471 4844 ipso
491 4764 609 4827 abbate
632 4766 668 4827 in
687 4766 875 4843 possessio-

72 4883 158 4931 nem
170 4865 320 4937 indncto,
345 4862 537 4925 mandatum
551 4864 700 4925 nostrum
717 4878 784 4923 non
803 4862 877 4925 iue-

71 4965 160 5028 3331
183 4962 344 5041 quantum
370 4960 412 5023 ad
436 4959 522 5021 alios
543 4959 702 5022 articulos
728 4960 874 5035 executi,

71 5059 302 5147 quarepetiit,
318 5056 446 5120 utillud
457 5057 646 5119 executioni
656 5055 808 5118 mandari
818 5072 878 5133 per

69 5160 165 5223 alios
193 5156 392 5219 faceremus.
422 5153 564 5231 Ideoque
585 5152 785 5215 fraternitati
810 5155 877 5215 tuae

69 5272 140 5336 333
158 5249 877 5332 1333131133333131313331133333331313313

69 5352 291 5422 mandamus,
308 5350 473 5427 quatenus
492 5346 714 5424 appellatione
736 5346 876 5421 remota,

69 5455 112 5515 in
122 5449 264 5527 negotio
273 5446 435 5526 procedas
443 5444 571 5518 eodem,
583 5447 682 5522 Juxta
691 5444 878 5507 litterarum

68 5553 231 5613 tenorem
256 5544 298 5606 ad
324 5542 498 5622 praefatum
524 5542 727 5620 episcopum,
750 5542 783 5604 et
805 5544 878 5619 ejus

70 5643 277 5723 conjudices
292 5640 504 5712 directarum,
515 5640 715 5717 3333331333
726 5642 878 5701 nostrum

1604 320 1609 333 ¹
1665 349 1725 410 114

929 501 1134 566 itascilicite
1153 502 1360 580 impleturus,
1380 504 1467 583 quod
1488 503 1597 568 dictus
1620 504 1724 570 abbas

928 613 990 677 pro
1005 599 1208 663 1313313133
1223 602 1266 662 31
1285 616 1346 663 333
1370 615 1547 664 recurrere
1571 618 1639 664 non
1662 618 1724 665 33-

929 696 1038 773 gatur.
1055 697 1174 760 Datum
1182 698 1350 770 Laterani,
1363 700 1424 760 Vll
1436 699 1512 761 idus
1527 700 1723 774 decembris

929 794 1156 856 3333331313.

1293 991 1361 1078 LV

978 1141 1030 1200 Ad
1043 1142 1340 1216 archepiscopum
1353 1144 1670 1220 1131133333333331.

1229 1270 1323 1329 9133.
1345 1272 1426 1331 itis.

944 1390 1284 1458 [33333331131331
1298 1394 1352 1444 ria.
1365 1395 1424 1445 blse.
1437 1396 1475 1446 La
1485 1397 1559 1447 Porta
1569 1397 1603 1447 dn
1612 1396 1709 1463 nisit]

947 1552 951 1559 -
978 1514 1094 1574 1133131
1106 1524 1136 1574 31
1154 1516 1295 1590 aliquibus
1309 1518 1504 1578 sacerdotibus
1518 1527 1548 1578 31
1562 1520 1675 1579 clericis
1733 1580 1737 1591 ,

1043 1605 1230 1664 absolutionis
1244 1605 1417 1664 beneficium
1427 1608 1603 1681 impendant.

967 1730 1147 1803 Honorius,
1164 1731 1588 1804 313.,1333331111133131...
1607 1734 1723 1797 archi·
1839 1742 1841 1749 ’

928 1828 1082 1904 33133333
1095 1826 1348 1906 Rothomagen„
1361 1830 1513 1900 salutem,
1523 1832 1585 1893 313.

968 1926 1120 2002 Experto
1133 1925 1191 1988 133
1204 1925 1479 2003 131133333311333
1489 1943 1602 1989 coram
1612 1928 1720 2003 33113,

928 2022 1013 2097 quod
1037 2022 1074 2083 in
1093 2024 1150 2085 tua
1165 2023 1302 2085 dioecesi
1327 2024 1479 2086 33333111
1501 2026 1580 2088 sunt
1605 2042 1721 2088 sacer·

927 2117 1031 2192 dotes,
1046 2119 1079 2181 et
1089 2120 1204 2181 clerici
1215 2120 1271 2197 qui
1284 2121 1637 2198 proptermanifestam
1647 2139 1723 2186 mu·

927 2215 1048 2277 1133333
1065 2216 1344 2279 cohabitationem
1358 2218 1521 2294 prolatam
1538 2236 1638 2296 snper
1659 2219 1722 2282 hoc

927 2328 988 2390 per
1002 2313 1149 2389 legatum
1163 2314 1362 2391 Apostolicae
1379 2315 1474 2377 Sedis
1488 2317 1720 2378 excommuni-

928 2410 1069 2472 cationis
1083 2411 1284 2474 sententiam
1300 2412 1524 2487 incurrerunt,
1536 2428 1603 2475 non
1617 2413 1723 2476 absti-

927 2509 1056 2582 nentes,
1075 2507 1155 2570 licet
1175 2524 1243 2570 non
1268 2508 1474 2573 obtinuerint
1503 2509 1724 2573 absolutionis

926 2604 1136 2678 beneficium,
1147 2605 1311 2675 31111313,
1321 2607 1455 2684 quidam
1463 2610 1574 2669 autem
1587 2622 1725 2669 excom-

927 2702 1157 2780 municatipro
1183 2702 1300 2765 133313
1322 2704 1358 2764 13
1381 2705 1541 2766 vicesima
1563 2704 1722 2768 33113313

927 2799 1105 2860 commissa
1137 2800 1359 2863 irreverenter
1387 2802 1592 2878 praesumant
1609 2800 1723 2864 111133

928 2895 1039 2957 officia
1059 2895 1240 2958 celebrare.
1258 2898 1364 2969 Quum
1385 2912 1465 2960 1333
1488 2898 1574 2960 13133
1588 2901 1724 2976 3333133

927 2992 992 3054 133
1003 2993 1286 3069 irregularitatem
1302 2994 1516 3066 incurrerint,
1533 2995 1672 3058 ettanta
1685 2996 1723 3057 in

928 3104 1030 3151 causa
1047 3090 1092 3151 sit
1104 3090 1292 3164 multitudo,
1307 3089 1393 3170 qnod
1415 3090 1512 3152 valde
1526 3092 1722 3169 dispendio·-

928 3202 1002 3248 sum
1012 3187 1100 3249 esset
1113 3186 1174 3248 hos
1188 3201 1302 3248 omnes
1312 3187 1354 3249 31
1370 3188 1488 3249 sedern
1497 3188 1722 3266 Apostolicam

928 3283 1093 3356 laborare,
1122 3283 1291 3360 provideri
1319 3284 1369 3345 eis
1402 3284 1665 3348 misericorditer
1689 3287 1723 3349 31

927 3380 1097 3443 remittere
1123 3381 1165 3442 31
1185 3396 1247 3443 333
1270 3380 1427 3443 13313311
1448 3381 1607 3456 laborem,
1626 3398 1668 3444 ne
1686 3384 1723 3444 in

928 3477 1073 3556 33333113
1103 3477 1291 3541 moriuntur
1315 3478 1517 3555 hujusmodi,
1534 3480 1722 3556 postulasti.

928 3575 998 3636 Nos
1010 3577 1120 3637 autem
1144 3575 1202 3654 qui
1228 3575 1427 3637 solutionem
1448 3576 1639 3653 quaerimus,
1655 3592 1723 3639 non

928 3671 1098 3733 vinculum
1120 3672 1319 3744 animarum,
1346 3673 1387 3734 de
1409 3674 1475 3735 tuae
1502 3672 1723 3736 fraternitatis

928 3768 1104 3846 prudentia
1131 3768 1345 3841 confidentes,
1370 3784 1431 3846 333
1450 3770 1640 3846 1333131133
1662 3769 1725 3831 1111

929 3866 1054 3944 3331313
1067 3865 1274 3939 mandamus,
1285 3866 1448 3942 quatenus
1461 3863 1725 3946 133[1133]133·

927 3962 1023 4025 taxat
1036 3962 1332 4025 excommunicatis
1342 3960 1533 4038 hujusmodi
1543 3963 1642 4039 juxta
1654 3961 1726 4024 for·

929 4075 1017 4122 mam
1030 4059 1189 4122 Ecclesiae
1204 4058 1378 4131 absolutis,
1395 4057 1575 4120 sufficienti
1594 4074 1725 4138 quoqne

929 4156 971 4218 ab
993 4157 1043 4218 eis
1069 4172 1129 4234 pro
1150 4154 1311 4218 vicesima
1332 4154 1559 4218 satiriactione
1576 4158 1723 4234 3333313,

930 4269 1031 4330 33333
1041 4253 1118 4314 31113
1130 4253 1246 4327 133133,
1259 4252 1345 4330 quod
1357 4251 1506 4330 ipsorum
1521 4252 1621 4314 saluti
1630 4253 1727 4316 1113-

931 4350 979 4412 313
989 4349 1160 4427 expedire,
1170 4349 1266 4410 nobis
1274 4350 1505 4427 quantitatem,
1514 4365 1614 4428 qnam
1624 4366 1726 4427 snper

928 4447 1097 4510 vicesimae
1127 4445 1353 4508 satisfactione
1387 4447 1567 4523 receperis,
1601 4446 1726 4524 absque

929 4559 1033 4606 morae
1054 4543 1226 4621 dispendio
1242 4542 1386 4605 fideliter
1407 4558 1636 4619 expressurus.
1653 4546 1725 4605 Da-

929 4641 999 4704 tum
1016 4640 1185 4713 Laterani,
1200 4639 1315 4718 quinto
1335 4638 1412 4699 idus
1424 4638 1619 4712 decembris,
1636 4653 1724 4700 anno

930 4737 1059 4800 331313.

1284 4894 1373 4981 LVI

1210 5046 1263 5106 Ad
1283 5047 1454 5107 eumdem.

1202 5174 1220 5232 t
1233 5173 1363 5233 decemb.
1383 5175 1463 5234 1123.

933 5300 1053 5366 [11333313
1067 5297 1115 5349 lib.
1127 5297 1193 5357 viil,
1207 5295 1347 5362 epictiti.
1362 5297 1420 5348 lias.
1436 5297 1472 5348 La
1490 5297 1568 5348 Porta
1581 5298 1616 5349 du
1629 5300 1725 5366 11311]

966 5422 1083 5484 Mandat
1104 5429 1136 5480 ut
1160 5423 1270 5480 13333
1292 5420 1410 5480 dioemsi
1437 5428 1541 5479 statuta
1571 5423 1689 5483 Concilii

1058 5510 1204 5589 generalis
1218 5509 1336 5567 firmiter
1347 5508 1493 5566 observari
1508 5508 1603 5568 faciat.

973 5640 1079 5710 Quum
1089 5636 1138 5697 311
1150 5636 1260 5699 131331
1272 5613 1579 5711 sacra'prolongare
1587 5636 1723 5727 statuta,
