3916 6204
206 295 268 358 595
825 299 1000 362 ttoitosii
1021 300 1067 359 111
1089 300 1236 362 OPERA.
1798 304 1855 363 596

247 456 447 521 Praedictum
463 472 542 535 ergo
555 457 702 535 legatum
716 457 758 519 ad
772 458 893 519 tecum
907 457 1002 519 iesti—
1055 458 1181 521 caciter
1194 457 1352 519 inducere
1367 459 1500 520 studeas
1513 459 1554 520 ad
1567 475 1684 537 pacem
1699 474 1778 520 cum
1791 460 1854 522 Deo

208 556 324 618 nantia
342 556 534 633 dirigentes,
552 558 618 618 tuae
634 554 830 618 serenitatis
847 554 999 617 devotio·
1055 555 1087 616 et
1115 557 1187 632 ejus
1211 554 1362 616 Ecclesia
1383 555 1547 617 veraciter
1570 555 1762 617 taciendam
1781 578 1790 616 :
1810 557 1854 619 iia

187 720 191 729 ,
208 669 283 715 nem
300 655 334 715 et
347 652 628 729 magnificentiam
645 668 812 729 rogamus,
830 667 1001 713 monemus
1056 651 1141 728 quod
1151 654 1185 712 et
1196 652 1286 714 terra
1297 653 1457 729 purgetur
1466 651 1645 724 hereticis,
1659 656 1694 714 et
1704 653 1854 714 ecclesiis

209 752 243 811 et
263 750 474 812 obsecramus
497 765 556 827 per
578 750 804 826 aspersionem
826 748 1000 824 sanguinis
1056 764 1095 811 ac
1118 748 1201 809 viris
1223 748 1460 810 ecclesiasticis
1480 764 1627 824 congrue
1649 750 1855 812 satisdatio

207 848 287 908 Jesu
302 846 435 916 Christi,
448 847 505 923 qui
518 861 578 922 pro
590 845 622 906 te
635 845 734 906 morti
746 844 856 906 crucis
865 843 1003 906 tradidit
1056 845 1186 907 damnis
1210 847 1243 907 et
1267 846 1401 923 injuriis
1431 845 1592 908 haetenus
1625 847 1803 923 irrogatis,
1825 848 1855 909 et

208 942 432 1019 semetipsum,
449 943 622 1019 quatenus,
644 956 793 1018 cumpro
809 942 900 1002 certo
923 955 1000 1000 cre·
1056 942 1271 1018 provideatur
1283 942 1430 1004 libertati
1449 942 1686 1005 ecclesiasticae
1710 944 1745 1003 in
1767 944 1855 1006 intu-

208 1039 308 1101 datur
333 1039 420 1116 quod
442 1037 563 1099 nobilis
577 1040 631 1100 vir
645 1041 703 1111 R„
725 1038 813 1099 iliius
836 1036 1002 1114 quondam
1055 1054 1141 1111 rum,
1151 1041 1184 1101 et
1194 1040 1312 1101 honori
1330 1040 1442 1101 dilecti
1452 1040 1514 1101 filii
1529 1039 1651 1102 nobilis
1661 1041 1728 1101 riri
1742 1042 1856 1101 Amai-

210 1136 391 1199 R.comitis
407 1136 574 1207 Tolosani,
597 1135 835 1212 magnitudinis
851 1137 917 1197 tuae
937 1149 1001 1210 pc·
1056 1137 1118 1197 rici
1146 1136 1277 1198 comitis
1296 1137 1462 1208 Tolosani,
1492 1137 1559 1214 qui,
1587 1137 1674 1199 siout
1697 1138 1732 1198 et
1754 1137 1854 1199 eiarae

207 1233 345 1296 tentiam
356 1233 440 1294 adeo
449 1232 654 1305 reformidat,
664 1232 762 1311 quod,
772 1232 801 1292 si
811 1230 1003 1308 cognoverit
1057 1233 1224 1295 memorie
1239 1235 1352 1295 Simon
1366 1235 1462 1310 pater
1475 1237 1547 1311 ejus
1561 1249 1622 1311 pro
1634 1234 1776 1296 servitio
1796 1234 1855 1295 Dei

207 1330 241 1392 te
259 1331 375 1392 contra
391 1345 467 1391 eum
489 1345 531 1391 ex
546 1329 657 1393 animo
676 1329 762 1392 reite
776 1329 855 1391 totis
874 1327 1002 1390 viribus
1057 1331 1090 1392 et
1112 1331 1311 1409 apostoncae
1332 1330 1426 1392 Sedis
1448 1331 1602 1408 exposuit
1624 1332 1887 1409 semetipsum>

208 1427 268 1499 uti,
282 1441 339 1488 eas
351 1428 546 1503 exspectare
555 1427 765 1504 aliquatenus
778 1441 844 1486 non
855 1423 1000 1495 audebit,
1056 1430 1191 1503 propter
1222 1428 1307 1503 quod
1342 1427 1405 1488 sibi
1434 1444 1501 1490 non
1534 1443 1712 1504 possumus
1741 1427 1854 1504 aliqua

209 1523 267 1585 sed
292 1524 456 1586 mandatis
481 1523 637 1585 Ecclesiae
665 1521 797 1603 [quibus
817 1524 851 1583 et
874 1521 1001 1583 utinam
1056 1523 1185 1585 ratione
1204 1524 1332 1592 deesse,
1348 1524 1384 1586 in
1398 1523 1470 1601 ipsa
1485 1540 1579 1600 paee,
1594 1528 1758 1602 quantum
1782 1525 1853 1587 fieri

208 1636 287 1683 vera
305 1620 479 1682 devotione
496 1637 532 1682 se
547 1620 645 1682 offert
660 1619 706 1699 (i)
716 1619 742 1700 i]
766 1618 895 1698 parebit
904 1619 1001 1694 juxta
1056 1622 1187 1698 poterit,
1204 1619 1373 1683 deteratur
1391 1642 1399 1680 ε
1415 1622 1502 1698 quod
1517 1637 1618 1698 super
1631 1621 1696 1684 hoc
1714 1622 1853 1684 invene-

208 1719 274 1779 tuae
295 1716 538 1794 heneplacitum
557 1717 748 1789 voluntatis,
770 1717 878 1794 ipsum
899 1714 1002 1791 regiis
1057 1719 1115 1789 ris,
1127 1717 1223 1780 nobis
1235 1717 1388 1779 celeriter
1400 1718 1623 1795 rescripturus
1636 1716 1697 1797 (2).
1716 1719 1754 1780 Si
1763 1720 1850 1780 enim

206 1814 519 1876 commonitionibus
540 1816 573 1876 et
596 1813 907 1876 comminationibus
929 1810 1004 1874 eifl-
1057 1812 1120 1875 hoc
1142 1812 1262 1875 feceris
1285 1811 1336 1892 (ut
1354 1812 1395 1875 de
1415 1829 1528 1875 rerum
1542 1814 1718 1891 dispendio
1737 1818 1851 1877 taoea-

208 2018 328 2076 muitum
363 2018 440 2091 eiora
452 2018 605 2102 prioribus,
621 2018 689 2075 dum
705 2031 770 2076 arca
787 2016 899 2074 Domini
918 2021 1001 2088 capta
1057 2030 1114 2072 non
1126 2021 1268 2088 poterunt,
1283 2014 1375 2072 donee
1389 2016 1467 2088 prius
1480 2013 1658 2074 satisfactum
1675 2015 1760 2074 inerit
1776 2031 1849 2074 com·

207 2090 245 2145 sit
263 2088 298 2146 ab
317 2034 475 2170 Aflophyits
490 2087 682 2171 [Phi¹istinis],
698 2096 727 2145 et
741 2103 799 2145 non
813 2087 906 2170 solum
922 2086 1002 2158 juxta
1057 2092 1196 2158 petenter.
1544 2155 1551 2167 ο
1826 2159 1832 2169 ι

208 2158 287 2228 Seth,
302 2157 453 2218 sedetiam
474 2159 526 2216 sub
546 2158 665 2241 pedihus
684 2162 785 2232 Dagon
801 2173 886 2214 nimis
899 2163 1000 2214 contu·
1091 2157 1117 2213 li.
1136 2158 1207 2212 item
1215 2154 1251 2211 de
1259 2162 1359 2227 treuga
1375 2168 1460 2226 quam
1475 2153 1608 2212 dominus
1623 2157 1701 2227 Papa
1716 2165 1746 2214 et
1758 2156 1846 2213 domt-

208 2231 326 2286 meiiose
341 2236 470 2287 teneatur
484 2237 606 2301 captiva.
619 2227 740 2286 Proinde
756 2227 1002 2300 magnificentiam
1057 2241 1111 2283 nus
1124 2240 1173 2282 rex
1184 2227 1437 2296 ierosolymitanus
1451 2232 1536 2282 etrex
1547 2225 1662 2297 anglie
1674 2234 1776 2298 petunt
1787 2242 1848 2299 pro·

209 2307 344 2364 vestram,
372 2300 555 2356 serenissime
581 2299 730 2371 princeps,
760 2298 924 2370 adjuramus
952 2310 1003 2368 per
1057 2297 1163 2369 rogari,
1179 2296 1239 2353 vuit
1253 2294 1385 2352 dominus
1400 2302 1483 2352 reret
1497 2294 1566 2367 petit
1580 2295 1657 2368 quod
1672 2296 1709 2353 ah
1733 2298 1849 2354 instanti

207 2370 306 2426 iesum
321 2368 472 2433 Christum,
488 2376 625 2441 quantum
637 2383 798 2440 possumus,
808 2381 878 2424 voca
892 2367 1002 2438 singui-
1051 2367 1086 2422 in
1100 2365 1201 2422 decem
1229 2380 1320 2422 annos
1341 2372 1510 2438 prorogetur
1528 2366 1601 2422 iuter
1620 2381 1652 2422 se
1674 2374 1703 2423 et
1723 2366 1850 2423 haeredes

210 2444 272 2495 tusa
285 2445 313 2494 et
324 2437 500 2512 lacrymabili
512 2438 714 2511 supplicantes,
730 2444 882 2509 odoenus,
897 2451 1000 2493 secun·
1057 2451 1124 2493 suos
1138 2451 1174 2492 ex
1187 2449 1242 2492 una
1259 2444 1348 2508 parte,
1365 2442 1393 2492 et
1405 2450 1504 2508 regem
1527 2436 1638 2508 hugiie
1662 2452 1698 2493 ex
1713 2438 1814 2506 altera,
1824 2445 1851 2494 et

208 2508 277 2564 dum
307 2509 462 2581 potentiam
486 2523 502 2565 a
527 2511 586 2565 ileo
609 2508 690 2564 vobis
714 2506 858 2576 traditam,
884 2507 1002 2563 excitari
1057 2506 1184 2564 firmetur
1197 2506 1344 2577 utriusque
1362 2505 1540 2577 iuramento3
1565 2506 1602 2562 ita
1625 2506 1702 2578 quod
1717 2506 1850 2565 dominus

209 2577 369 2650 dignemini
382 2593 448 2635 eum
463 2579 568 2634 auxilio
579 2578 655 2634 iiiius
671 2578 719 2649 qui
735 2579 855 2650 imperat
869 2577 962 2633 ventis
974 2584 1004 2632 et
1057 2590 1107 2632 rex
1120 2584 1149 2634 et
1158 2575 1286 2632 heredes
1296 2576 1350 2644 sui,
1361 2576 1691 2647 etimprisiiremaneant
1705 2577 1736 2633 in
1750 2576 1851 2633 eadem

108 2682 109 2691 ,
209 2648 292 2716 mari,
306 2657 335 2706 et
349 2647 499 2706 ostendere
512 2663 563 2720 per
577 2648 708 2705 eiieotum
730 2649 826 2720 operis
843 2645 1002 2715 evidenter,
1057 2654 1174 2704 teneura
1189 2654 1217 2703 et
1231 2646 1336 2702 saisina
1358 2646 1387 2701 in
1409 2661 1465 2717 oua
1491 2653 1557 2703 sunt
1580 2645 1666 2703 modo
1687 2655 1717 2703 et
1737 2646 1850 2704 inerunt

209 2726 332 2791 quarum
344 2718 425 2777 dolor
437 2719 472 2775 sit
485 2719 513 2774 in
525 2725 638 2790 pectore
655 2725 748 2776 vestro
762 2717 798 2775 de
812 2724 890 2775 tanta
900 2723 1000 2774 contu·
1057 2724 1185 2789 tempore
1213 2716 1328 2772 alterius
1350 2722 1474 2789 treuge3
1498 2723 1526 2772 et
1546 2722 1654 2773 tantam
1667 2718 1729 2774 ruit
1747 2717 1852 2775 habere

209 2788 294 2845 melia
318 2791 343 2846 J.
368 2790 397 2847 C.
422 2802 479 2844 non
510 2788 695 2860 desperantes
720 2789 789 2860 quin
812 2796 886 2844 terra
914 2788 1004 2859 possit
1058 2786 1298 2860 prorogationem,
1320 2800 1370 2856 pro
1382 2800 1417 2842 eo
1438 2785 1514 2857 quod
1537 2787 1628 2843 nescit
1644 2795 1786 2858 quantum
1800 2787 1850 2845 du·

209 2859 317 2930 acquiri
336 2873 387 2932 per
402 2867 527 2915 vestrum
543 2860 730 2915 ministerium
747 2866 776 2914 et
795 2858 914 2914 aliorum
932 2856 1000 2913 ilde·
1058 2857 1130 2915 rabit
1143 2857 1301 2929 negotium,
1316 2864 1344 2913 et
1367 2856 1397 2912 in
1411 2856 1473 2927 ipso
1496 2857 1614 2939 negotio
1632 2857 1753 2914 nudabit
1774 2873 1807 2915 se
1823 2866 1852 2916 et

208 2929 290 2997 lium,
305 2936 334 2986 et
345 2927 441 2986 reduci
454 2928 489 2985 ad
502 2930 724 2987 eeclesiasticam
739 2929 888 2986 unitatem.
899 2929 1002 2986 ilatum
1057 2941 1179 3053 regnum
1192 2940 1275 2984 suum
1289 2927 1410 2997 pecunia
1421 2933 1450 2983 et
1464 2924 1637 2984 hominihus.

209 3000 314 3057 Montis
335 2998 507 3068 essuiani,ll
521 2998 577 3055 itai.
594 2998 737 3056 februarii.
1112 3039 1118 3054 .
1135 2999 1206 3054 item
1222 2997 1292 3069 petit
1310 2994 1385 3068 quod
1400 2994 1504 3053 haheat
1520 2997 1627 3054 litteras
1639 2996 1749 3054 domini
1764 3000 1848 3070 rape

229 3070 273 3136 lii
307 3016 464 3140 fereadum
477 3068 588 3126 otierat.
1058 3074 1188 3149 patentes
1204 3065 1240 3123 de
1258 3066 1466 3148 abjudicatione
1484 3068 1636 3123 comitatus
1658 3067 1770 3125 i'oiose
1784 3084 1849 3126 oum

245 3140 275 3212 (2
303 3140 390 3212 Regis
404 3141 571 3222 rescriptum
584 3138 769 3210 intelligimus
782 3152 818 3195 ox
831 3137 931 3195 litteris
943 3139 1000 3195 lio·
1058 3136 1190 3193 omnihus
1209 3137 1388 3209 pertinentiis
1400 3151 1469 3204 suis,
1487 3135 1522 3192 ah
1538 3144 1659 3208 utroque
1678 3138 1852 3208 iiaimundo,

211 3212 292 3267 norio
305 3224 340 3266 ex
353 3217 432 3282 parte
444 3225 522 3282 regis
536 3209 647 3275 oblatis,
662 3224 734 3279 quas
744 3210 873 3280 vulgavit
887 3209 1000 3267 vaisse·
1057 3207 1165 3264 scilicet
1177 3214 1256 3278 patre
1277 3215 1305 3262 et
1318 3206 1384 3269 titio,
1401 3214 1541 3263 eteorum
1561 3206 1725 3264 heredibus
1738 3209 1769 3264 in
1785 3224 1851 3281 per·

210 3282 276 3346 tius,
291 3286 312 3337 t.
328 3282 380 3348 ili,
396 3280 517 3352 prohat,
529 3280 583 3336 coi.
600 3279 662 3346 292,
677 3292 742 3335 eum
754 3276 810 3335 hoe
822 3278 921 3335 titulo:
1059 3285 1184 3349 petuum,
1196 3284 1235 3360 et·
1245 3278 1330 3333 totius
1346 3284 1428 3358 terrae
1446 3276 1480 3333 de
1495 3291 1549 3349 qua
1568 3277 1661 3333 dietus
1676 3279 1854 3336 iiaimundus

210 3393 362 3450 reiron
379 3393 706 3474 laearoredum
724 3391 1004 3463 misticum
1058 3344 1854 3490 i'ffigh‘oRithilissssss's'ffiisiss'ni'?diffisum

473 3467 572 3519 ‘mm‘
583 3464 736 3519 mmm·
1058 3489 1194 3544 terrensis
1203 3496 1231 3544 et
1242 3460 1550 3545 camamdnensisoum
1562 3487 1696 3545 omnihus
1708 3489 1851 3560 pertinen·

246 3560 271 3615 i.
288 3560 363 3616 Petit
376 3557 508 3615 dominus
531 3572 592 3623 rex,
616 3558 691 3630 quod
711 3558 772 3631 ipse
795 3566 824 3616 et
844 3572 946 3616 omnes
964 3558 1004 3615 iiii
1058 3559 1104 3614 tiis
1116 3558 1144 3613 in
1159 3556 1367 3629 regnodomiui
1379 3557 1466 3629 regis,
1485 3564 1513 3613 et
1527 3557 1656 3614 omnium
1669 3566 1811 3615 terrarum
1822 3561 1853 3616 in

210 3629 258 3705 qui
273 3644 338 3686 oum
354 3643 388 3685 eo
403 3628 483 3685 ibunt
506 3630 536 3685 in
556 3629 744 3701 Aibigesium,
768 3627 890 3686 habeant
909 3628 1001 3686 indui·

163 3732 165 3735 -
209 3701 336 3773 gentiam
352 3705 380 3756 et
395 3699 592 3756 remissionem
608 3706 788 3771 peccatorum
802 3713 887 3770 quam
898 3698 1004 3756 hahent

208 3770 400 3847 crucesignati
412 3768 447 3826 de
462 3768 588 3841 partibus
598 3768 804 3826 transmarinis.

243 3842 270 3898 2.
292 3844 362 3898 item
387 3842 455 3913 petit
478 3839 553 3913 quod
578 3839 783 3911 archiepiscopi
807 3839 1002 3909 Bituricensrs,

201 3912 368 3979 dianiensis,
392 3911 576 3978 senonensis,
598 3917 628 3966 et
651 3909 767 3982 quilibet
782 3923 891 3978 eorum,
907 3924 1002 3982 perse

208 3980 333 4039 habeant
351 3988 520 4054 potestatem
537 3978 803 4037 excommunicandi
823 3994 960 4052 personas
974 3987 1003 4036 et

208 4049 393 4108 interdicendi
402 4059 492 4109 terras
503 4052 632 4107 omnium
642 4050 753 4107 iiioruin
762 4050 809 4122 qui
819 4064 865 4105 res
876 4050 1002 4106 Francie

208 4122 406 4192 inquietabunt
416 4123 461 4178 voi
471 4119 631 4187 turbabunt,
644 4135 695 4177 seu
708 4134 845 4191 personas
856 4121 903 4176 vei
913 4128 1003 4177 terras

208 4205 307 4247 eorum
334 4191 382 4263 qui
410 4206 475 4249 cum
504 4205 538 4247 eo
566 4190 661 4259 ibunt,
686 4191 747 4247 sive
773 4190 830 4247 sint
853 4189 889 4246 de
911 4204 1002 4262 regno

208 4261 345 4327 Francia,
370 4262 431 4318 sire
457 4269 534 4318 extra
558 4275 696 4334 regnum,
720 4260 765 4317 vei
789 4260 837 4333 qui
859 4261 887 4316 ln
911 4275 1002 4333 regno

208 4332 335 4388 Franoite
350 4331 423 4387 inter
438 4333 622 4389 removerint
636 4345 782 4404 guerram,
800 4331 854 4387 nisi
870 4329 905 4386 ad
919 4345 1000 4387 man·

208 4401 304 4458 datum
321 4399 430 4457 domini
445 4402 522 4474 regis
537 4417 636 4474 pacem
659 4401 777 4457 iecerint
794 4402 837 4457 vei
857 4408 1000 4483 treugam.

242 4473 269 4528 3.
284 4474 354 4529 item
369 4473 437 4544 petit
451 4471 584 4528 dominus
599 4488 648 4529 rex
662 4471 747 4544 quod,
761 4471 785 4527 si
798 4472 845 4543 qui
860 4479 999 4527 astrinxe-

207 4543 265 4599 rint
278 4557 309 4599 se
322 4542 357 4599 ad
375 4542 499 4599 eundum
513 4558 577 4599 cum
591 4558 625 4599 eo
640 4544 668 4599 in
686 4550 790 4598 terram
807 4541 945 4613 Aibigesii
956 4541 1002 4597 vei

208 4613 243 4671 ad
258 4612 427 4670 morandum
440 4612 556 4681 ibidem,
568 4612 643 4685 quod
658 4611 784 4686 predicti
795 4611 1001 4685 archiepiscopi

207 4684 332 4741 habeant
346 4690 513 4757 potestatem
536 4684 686 4740 coercendi
703 4697 753 4738 eos
771 4697 820 4753 per
834 4697 999 4738 excommu-

207 4756 380 4812 nicationem
403 4762 433 4811 et
451 4753 641 4823 interdictum,
665 4753 700 4809 ad
723 4750 891 4810 solvendum
913 4751 942 4808 id
966 4751 1000 4808 ad

207 4825 282 4899 quod
293 4842 325 4882 se
338 4826 539 4884 astrinxerunt.

241 4897 268 4953 i.
286 4899 356 4954 item
379 4897 448 4969 petit
467 4894 543 4969 quod
561 4893 685 4951 habeant
699 4899 867 4966 potestatem
883 4907 998 4949 excom·

208 4966 372 5024 municandi
386 4981 523 5038 personas
532 4973 560 5022 et
570 4963 756 5021 interdicendi
765 4963 1001 5019 terrasharouum

208 5039 345 5105 Francia,
361 5044 389 5093 et
403 5037 522 5094 aliorum
532 5036 681 5092 homiuum
697 5049 813 5091 suorum
829 5033 918 5114 quiin
934 5048 997 5113 pro·

208 5109 277 5182 priis
292 5108 494 5180 personiscum
508 5108 571 5178 ipso
586 5119 641 5162 non
656 5105 831 5177 perrexerint
839 5119 867 5159 in
882 5104 999 5176 albige-

208 5181 299 5252 gium,
311 5178 364 5247 vei,
380 5178 404 5233 si
420 5178 460 5233 ire
475 5192 532 5232 non
540 5177 667 5303 (possint,
683 5177 731 5247 qui
747 5181 914 5246 competens
932 5173 998 5231 sub·

207 5249 310 5306 sidium
321 5263 378 5307 non
391 5247 510 5303 iecerint
522 5262 537 5303 a
569 5245 785 5318 expurgandum
796 5243 1001 5301 hostesiideiet

208 5321 288 5401 regni
302 5320 331 5376 iu
346 5318 541 5391 dihigesiurn3
554 5318 679 5372 maxime
693 5330 757 5372 curn
769 5330 820 5386 per
835 5313 1001 5386 homagium

208 5383 1001 5463 etrurameniumteneanturdominoregiaderpugnan·

207 5460 274 5516 dum
285 5463 502 5532 impugnatores
516 5457 609 5530 regni,
621 5464 649 5513 et
664 5456 739 5513 nulia
752 5455 787 5511 sit
802 5454 893 5527 major
907 5456 999 5526 impu·

207 5531 305 5612 gratio
316 5530 396 5603 regni
410 5544 495 5600 quam
510 5529 563 5585 ista
576 5543 639 5600 que
654 5536 697 5584 est
709 5526 745 5583 de
757 5526 886 5582 hostibus
901 5524 1002 5581 ildeiet

208 5614 236 5656 m
252 5615 352 5671 regno,
369 5607 398 5657 ot
412 5614 513 5657 omnes
526 5597 695 5670 supradicte
710 5596 858 5655 sententie
876 5595 1002 5652 'relaxari

1057 3627 1158 3684 eodem
1169 3641 1259 3700 regno
1274 3627 1454 3684 existentium
1469 3641 1568 3683 eorum
1621 3628 1853 3700 iguerraverunt

1058 3703 1155 3769 aperte
1165 3712 1229 3754 oum
1245 3698 1287 3753 eis
1301 3704 1329 3753 et
1343 3712 1393 3769 pro
1405 3697 1462 3767 eis;
1477 3705 1506 3753 et
1520 3697 1649 3754 simliter
1665 3700 1796 3755 omnium
1808 3713 1853 3756 eo

1058 3767 1178 3839 rumoni
1193 3767 1259 3823 huic
1272 3766 1432 3840 negotiose
1453 3774 1600 3849 opponunt
1620 3767 1666 3823 vei
1689 3768 1727 3825 de
1748 3777 1852 3827 caetero

1057 3845 1210 3921 opponent,
1237 3837 1283 3893 rei
1302 3850 1436 3909 guerram
1452 3835 1557 3893 iaciunt
1575 3851 1627 3893 seu
1638 3836 1675 3894 de
1686 3847 1794 3897 cetero
1806 3838 1848 3896 ia·

1057 3915 1142 3968 erent.
1163 3916 1192 3965 et
1208 3922 1259 3980 per
1280 3906 1431 3979 predictos
1452 3907 1683 3980 archiepiscopos
1702 3909 1753 3966 ilat
1772 3910 1853 3966 dictae

1058 3976 1274 4050 abjudicationis
1291 3976 1482 4034 denunciatio.
1510 3979 1545 4033 Et
1561 3978 1630 4049 petit
1651 3977 1788 4036 dominus
1801 3994 1851 4036 rex

1057 4048 1132 4119 quod
1143 4061 1245 4104 omnes
1258 4055 1341 4103 terre
1356 4046 1497 4119 predicte
1506 4046 1560 4103 sihi
1575 4054 1603 4103 et
1616 4046 1782 4107 heredibus
1792 4051 1852 4107 suis

1057 4119 1085 4173 in
1100 4125 1268 4191 perpetuum
1282 4116 1494 4184 confirmentur,
1510 4124 1539 4174 et
1549 4117 1603 4173 iilis
1616 4118 1721 4201 quihus
1735 4135 1786 4177 eas
1799 4119 1849 4176 da·

1057 4188 1106 4255 hit,
1125 4188 1149 4244 si
1164 4202 1213 4244 eas
1230 4186 1298 4244 dare
1314 4187 1443 4256 voluerit,
1456 4194 1567 4243 retento
1581 4186 1635 4243 sibi
1646 4195 1676 4245 et
1689 4188 1850 4247 heredibus

1057 4259 1116 4314 suis
1129 4257 1266 4325 hominio,
1280 4264 1425 4340 tamquam
1440 4256 1556 4314 domino
1568 4257 1731 4330 principali.

1092 4328 1118 4385 i.
1130 4330 1201 4385 item
1216 4329 1285 4398 petit
1296 4328 1351 4383 siin
1361 4326 1421 4383 dari
1432 4327 1678 4399 arehiepiscopum
1692 4331 1847 4387 Biturioen·

1056 4413 1117 4455 sem
1137 4399 1145 4455 i
1186 4405 1274 4466 atum,
1288 4398 1336 4469 qui
1350 4398 1422 4453 inter
1436 4404 1537 4453 cetera
1551 4397 1654 4454 haheat
1679 4408 1849 4469 potestatem

1056 4469 1168 4525 recono'
1182 4466 1258 4524 iandi
1273 4481 1374 4525 omnes
1389 4467 1451 4524 iiios
1487 4467 1516 4523 ui
1531 4466 1565 4523 ad
1580 4467 1706 4524 debitam
1722 4472 1848 4527 ecclesie

1056 4538 1279 4595 satisiaotionem
1287 4539 1426 4605 venerint,
1436 4481 1761 4610 at‘irabeatiegauonem
1769 4554 1848 4597 snam

1056 4623 1255 4680 superomnes
1282 4607 1513 4689 archiepiscopos
1541 4614 1569 4663 et
1592 4609 1746 4681 episcopos
1762 4611 1845 4668 totius

1056 4687 1213 4751 terreque
1228 4694 1260 4734 se
1283 4686 1401 4750 opponit
1421 4677 1570 4735 catholicae
1590 4677 1655 4733 iidei
1680 4679 1847 4752 inpartibus

1055 4750 1120 4819 iilis,
1134 4757 1163 4806 et
1181 4749 1311 4805 omnium
1336 4758 1474 4804 terrarum
1496 4747 1689 4820 adjacentium
1703 4764 1767 4876 gne
1782 4765 1842 4822 pos·

1056 4828 1120 4876 sunt
1130 4818 1232 4876 cedere
1248 4820 1275 4875 in
1291 4819 1440 4876 utilitatem
1453 4819 1533 4874 istius
1548 4820 1657 4891 negotii
1672 4834 1708 4875 ve
1734 4818 1846 4891 impedi·

1056 4897 1183 4946 mentum
1192 4903 1201 4960 3
1230 4889 1376 4945 ethabeat
1401 4886 1532 4944 eamdem
1562 4889 1739 4960 legationem
1761 4903 1842 4962 quam

1056 4960 1154 5016 habuit
1168 4958 1313 5018 conradus
1327 4977 1342 5015 e
1364 4959 1477 5030 isoopus
1493 4958 1656 5015 Portuensis
1673 4960 1784 5032 legatus
1797 4959 1842 5015 iii·

1055 5031 1166 5104 bigesii‚
1184 5036 1212 5086 et
1226 4973 1444 5112 ilatproegieatio
1460 5042 1510 5099 per
1523 5036 1612 5084 totum
1624 5042 1748 5100 regnum
1763 5032 1845 5086 Fran·

1055 5102 1107 5158 ciae
1122 5116 1172 5172 pro
1180 5098 1306 5157 subsidio
1318 5106 1400 5155 terre
1413 5098 1565 5171 hihigesii:
1577 5099 1674 5155 omniu
1687 5099 1843 5172 supradicta

1056 5172 1134 5235 ilani,
1153 5170 1343 5243 appellatione
1356 5175 1475 5225 remota.

1090 5241 1117 5298 8.
1139 5243 1209 5298 item
1226 5242 1293 5312 petit
1313 5238 1446 5296 dominus
1461 5252 1510 5294 rex
1528 5237 1613 5309 quod,
1629 5253 1697 5295 oum
1712 5251 1840 5310 expense

1055 5311 1242 5368 sintiniinitae
1269 5317 1297 5367 et
1322 5308 1536 5366 inestimabiles
1566 5309 1694 5366 llooiesia
1720 5311 1841 5365 Romana

1057 5381 1203 5454 provideat
1222 5381 1247 5437 ei
1262 5382 1291 5436 in
1311 5380 1463 5459 sexaginta¹
1477 5349 1551 5453 [iiiii
1569 5379 1694 5435 millibus
1712 5379 1841 5434 librarum

1056 5451 1254 5523 parisiensium
1267 5451 1389 5523 singuiis
1399 5463 1482 5505 annis
1490 5447 1623 5521 usquead
1635 5447 1841 5513 decamannoe,

1056 5536 1120 5594 que
1134 5528 1336 5578 convertentur
1357 5520 1385 5576 in
1401 5533 1470 5575 usus
1489 5519 1564 5575 iilius
1577 5526 1669 5576 terre.

1091 5592 1119 5648 9.
1136 5595 1206 5650 item
1223 5591 1292 5663 petit
1307 5589 1381 5663 quod
1395 5588 1529 5646 dominus
1541 5590 1617 5660 Papa
1630 5593 1760 5661 procuret
1773 5598 1839 5656 erga
