3916 6204
187 296 249 364 sos
803 300 979 365 uonoan
1000 304 1047 364 ιιι
1067 305 1216 367 ornan.
1604 274 1608 285 '
1770 312 1841 372 sol

188 458 231 520 ad
245 458 366 521 tecum
391 459 498 535 gratia
522 458 637 521 nostra
658 459 858 522 remittimus
876 463 912 525 et
929 461 983 524 fa·
1035 464 1171 543 aliquos
1185 465 1277 528 viros
1291 464 1449 529 honestos
1458 469 1497 529 'et
1508 466 1551 529 ad
1564 467 1630 529 boc
1643 467 1783 530 idoneos
1799 468 1841 529 in

188 571 281 628 vore,
295 555 497 618 fraternitati
509 556 575 618 tuoe
590 558 848 635 perdpostolica
858 560 981 638 scripta
1036 560 1164 635 partem
1184 560 1370 623 mmmmsae
1395 561 1490 624 vobis
1512 560 1747 624 sollicitudinis
1771 578 1844 625 va-

189 653 397 725 mandantes‚
419 654 583 731 quatenus
606 653 833 717 difficultatem
855 657 981 717 nullam
1035 656 1132 719 leatis
1157 657 1332 729 advocare,
1355 674 1457 734 quum
1483 658 1636 721 videritis
1652 659 1840 737 expedire,

188 749 356 825 ingerens,
372 750 429 811 sed
446 752 588 826 gratiam
603 767 845 827 recognoscens
857 752 981 830 absque
1036 755 1093 830 qui
1104 754 1182 814 dum
1196 754 1231 815 in
1244 754 1433 832 hujusmodi
1455 755 1701 833 predicationis
1718 756 1842 818 officio

189 862 292 908 morae
305 847 480 923 dispendio
500 849 763 910 consecrationis
783 849 847 910 sibi
861 867 981 911 munus
1036 849 1236 912 laborabunt
1258 850 1495 913 beneficiorum
1521 867 1657 913 suorum
1681 853 1842 914 redditus

188 943 373 1020 impendas,
388 944 434 1006 ita
448 945 532 1022 quod
546 948 604 1007 tua
616 946 693 1007 inde
707 947 812 1022 possit
826 947 981 1009 discretio
1036 961 1101 1009 non
1112 947 1276 1020 amittant,
1291 947 1349 1009 sed
1363 949 1493 1024 integre
1504 948 1582 1010 illos
1592 949 1781 1026 percipiant
1794 965 1843 1010 ac

187 1041 424 1114 commendari,
455 1043 605 1119 alioquin
633 1059 675 1104 ne
698 1044 790 1119 gregi
810 1044 982 1106 Dominico
1036 1043 1065 1104 si
1080 1043 1115 1104 iu
1126 1044 1196 1105 suis
1206 1046 1356 1109 ecclesiis
1368 1047 1563 1118 residerent,
1576 1049 1844 1123 provisotamen

188 1138 247 1198 diu
265 1138 351 1200 desit
376 1155 456 1200 cura
481 1141 640 1216 pastoris,
669 1140 853 1202 venerabili
886 1141 982 1202 fratri
1036 1155 1078 1201 ne
1105 1141 1140 1201 in
1176 1157 1315 1205 numero
1342 1144 1618 1205 assumendorum
1646 1144 1842 1213 excedatis,

189 1237 304 1297 nostro
316 1236 568 1313 archiepiscopo
579 1237 761 1298 Viennensi
776 1253 837 1299 nos
848 1239 982 1299 noveris
1037 1252 1121 1300 neve
1136 1240 1314 1302 assumatis
1334 1240 1374 1301 de
1394 1255 1462 1301 nna
1484 1240 1626 1303 eccesia
1638 1241 1710 1317 plns
1727 1256 1842 1318 quam

188 1333 449 1409 injunxissent
474 1334 640 1411 adJunctis
665 1333 729 1395 sibi
748 1334 877 1396 duobus
891 1336 983 1412 epis·
1037 1350 1150 1397 unum.
1159 1336 1580 1414 illosquoquequicruoem
1589 1339 1846 1414 assumpserint

189 1430 281 1505 copis
293 1446 367 1490 eum
391 1430 589 1493 auctoritate
612 1434 727 1493 nostra
746 1431 902 1492 suffultus
915 1448 982 1493 non
1036 1431 1098 1491 sub
1113 1431 1202 1494 beati
1215 1435 1306 1495 Petri
1320 1436 1354 1496 et
1368 1437 1483 1497 nostra
1502 1435 1705 1512 protectione
1720 1437 1846 1496 susci-

188 1524 331 1598 differat,
346 1527 438 1588 nullo
454 1543 497 1588 ex
522 1528 585 1589 hoc
608 1527 669 1589 tibi
686 1529 738 1589 vel
752 1527 903 1590 ecclesiae
916 1530 981 1590 tuae
1036 1528 1165 1603 pientes
1180 1546 1255 1591 cum
1270 1530 1423 1592 omuibus
1439 1531 1535 1593 bonis
1550 1532 1631 1604 suis,
1643 1532 1845 1595 statuentes

188 1624 224 1683 in
255 1623 422 1700 posterum
445 1625 639 1701 praejudicio
662 1627 833 1709 generato,
864 1628 981 1687 Datum
1037 1625 1073 1686 ut
1096 1630 1269 1703 postquam
1293 1627 1419 1691 fuerint
1457 1629 1525 1690 iter
1550 1629 1845 1705 peregrinationis

189 1721 358 1792 Laterani,
372 1723 417 1782 vl
431 1722 669 1795 nonasmartii,
683 1722 894 1799 pontificatus
908 1739 983 1785 nos·
1036 1725 1197 1798 aggressi,
1221 1739 1262 1786 ea
1285 1725 1397 1786 omnia
1421 1724 1483 1786 sub
1509 1725 1648 1803 speciali
1671 1726 1845 1788 Ecclesiae

193 1817 239 1879 tri
253 1832 341 1879 anno
355 1819 483 1882 octavo.
1036 1817 1228 1882 defensione
1257 1822 1452 1893 consistant,
1477 1823 1582 1883 donec
1601 1824 1642 1884 de
1655 1823 1767 1883 reditu
1781 1823 1846 1899 ip-

1036 1934 1149 1981 sorum
1174 1917 1228 1978 vel
1265 1917 1357 1980 obitu
1383 1919 1567 1981 certissime
1593 1921 1843 1995 cognoscatur;

1037 2016 1168 2077 clericis
1182 2014 1398 2076 nihilominus
1412 2016 1634 2084 concedendo,
1650 2018 1686 2078 ut
1695 2018 1847 2093 propter

557 2120 618 2206 CL
1037 2113 1101 2174 boc
1114 2112 1243 2189 possint
1255 2111 1491 2174 beneficiorum
1502 2128 1637 2173 suorum
1648 2116 1845 2190 proventus

1036 2225 1143 2287 usque
1168 2209 1210 2270 ad
1232 2210 1413 2272 triennium
1441 2210 1573 2287 pignori
1603 2209 1756 2285 obh‘garo
1781 2212 1846 2273 vel

1036 2307 1206 2383 percipere
1220 2306 1377 2383 quamdiu
1400 2306 1553 2369 absentes
1570 2307 1693 2368 fuerint
1706 2307 1777 2368 hac
1796 2308 1846 2371 de

1036 2420 1149 2476 causa,
1162 2404 1229 2464 illis
1242 2403 1362 2481 quibus
1374 2419 1432 2466 eos
1459 2404 1589 2482 pignori
1608 2402 1848 2479 obligaverint

1037 2502 1090 2563 vel
1110 2501 1316 2576 colligendos
1339 2502 1566 2563 commiserint
1591 2501 1663 2562 sine
1682 2501 1847 2563 diminu-

188 2275 242 2334 Ac
267 2272 463 2332 contradunt
496 2273 692 2345 episcopum
719 2273 982 2333 Jtdeocmemem

228 2369 263 2429 et
285 2367 495 2445 magistrum
527 2370 756 2437 Solommccm,
779 2371 983 2429 consociorum

227 2467 520 2539 Herbipolenscm.

471 2604 487 2660 7
503 2603 596 2660 martit
610 2603 690 2661 lats.
1036 2598 1127 2659 tione
1141 2598 1288 2674 qualibet
1301 2597 1517 2669 exhibendos,
1541 2597 1587 2659 ita
1605 2598 1729 2670 tamen,
1743 2599 1844 2675 quod

319 2733 497 2800 [Wurutwein
509 2734 581 2787 nova
590 2734 713 2793 subsidia,
727 2735 770 2795 Ν,
786 2734 853 2800 m]
1036 2695 1285 2772 parochialibus
1309 2694 1460 2756 ecclesiis
1473 2709 1532 2772 per
1548 2693 1724 2755 honestum
1736 2695 1846 2756 vica-

1036 2793 1124 2852 rium
1146 2792 1280 2854 iuterim
1309 2792 1485 2863 serviatur,
1502 2806 1563 2852 nec
1575 2791 1695 2867 aliquis
1710 2807 1844 2868 proce-

203 2910 211 2937 ,
241 2869 290 2927 Eis
303 2867 493 2942 predicanda
504 2868 598 2926 crucis
607 2867 733 2925 cilicium
744 2868 773 2926 in
783 2867 928 2941 provincia
1036 2889 1115 2951 dere
1128 2890 1307 2965 praesumat
1319 2889 1360 2950 ad
1375 2887 1610 2965 obligationem
1624 2888 1843 2965 hujusmodi,

413 2957 582 3030 mmmm
593 2957 753 3014 ⁰⁰¹¹¹¹¹¹¹¹²⁵²·
1037 2986 1101 3046 nisi
1113 3002 1213 3062 quum
1228 2986 1438 3061 iterarripiet
1449 2985 1697 3053 transfretandi,
1717 2987 1846 3063 totque

225 3084 405 3155 Honorius,
420 3085 495 3155 etc„
508 3083 695 3144 venerabili
705 3082 811 3154 fratri,
826 3083 981 3160 episcopo
1035 3083 1133 3144 anuis
1146 3082 1286 3160 quilibet
1299 3083 1334 3143 iu
1344 3083 1451 3159 ipsius
1464 3085 1562 3144 terrae
1575 3081 1723 3143 subsidio
1736 3099 1843 3145 com-

186 3180 402 3243 Ildesemensi
421 3183 454 3241 et
477 3180 597 3243 dilecto
624 3180 693 3240 tilio
709 3180 868 3255 magistro
881 3180 980 3241 Salo·
1036 3182 1194 3252 moretur,
1205 3196 1265 3257 per
1285 3196 1367 3257 quos
1389 3196 1467 3241 suos
1486 3179 1634 3241 redditus
1653 3177 1843 3257 obligarit;

185 3280 287 3350 moni,
309 3278 471 3339 canonico
502 3276 750 3353 Herbipolensi,
781 3278 982 3338 salutemet
1035 3278 1166 3354 quodsi
1185 3276 1297 3338 forsan
1324 3279 1401 3338 ante
1427 3275 1725 3349 redierit'serviet
1748 3277 1843 3339 dili-

185 3375 410 3452 Apostolioam
422 3373 696 3435 benedictionem.
1036 3376 1152 3449 genter
1163 3374 1313 3435 ecclesiae
1328 3375 1424 3449 cujus
1440 3372 1588 3434 redditus
1601 3372 1740 3449 obligati
1754 3373 1841 3438 fue-

227 3475 331 3543 Quum
349 3470 982 3547 pnaedicandaecruoisofficiuminpro-
1036 3472 1103 3532 rint
1115 3470 1156 3532 ab
1183 3470 1300 3532 eodem
1329 3472 1365 3532 ut
1383 3470 1432 3531 sic
1455 3471 1673 3546 quorumdam
1692 3471 1842 3534 malitiae

185 3569 297 3631 vincia
310 3568 507 3642 Maguutina
519 3567 612 3628 vobis
623 3567 816 3628 duxerimus
827 3568 982 3629 commit·
1036 3568 1196 3639 obvietur,
1212 3568 1269 3645 qui
1293 3566 1529 3629 beneficiorum
1550 3582 1686 3628 suorum
1713 3568 1843 3629 fructi-

185 3665 331 3737 tendum,
357 3664 393 3725 ut
407 3664 571 3725 inoffense
587 3668 723 3741 possent
746 3680 882 3726 currere
905 3679 981 3727 ser·
1035 3665 1096 3725 bus
1111 3665 1265 3739 obligatis
1290 3663 1560 3726 solentsalutare
1586 3663 1703 3725 limina
1717 3667 1842 3728 uemae

187 3778 303 3824 mones
326 3763 429 3823 vestri
456 3763 488 3823 et
513 3761 608 3823 labor
629 3759 769 3823 fructum
795 3761 981 3823 uberiorem
1038 3763 1167 3824 Sanctae
1193 3777 1233 3822 ac
1256 3763 1416 3823 continuo
1440 3760 1707 3833 redeuntes,tam
1725 3763 1842 3838 ipsam

186 3861 321 3933 afferre,
338 3860 551 3938 praesentium
565 3859 660 3920 vobis
680 3860 877 3922 auctoritate
891 3876 983 3920 com·
1036 3862 1173 3921 Terram
1194 3859 1351 3920 Sanctam
1366 3873 1464 3935 quam
1485 3859 1646 3919 ecclesias
1674 3874 1754 3920 suas
1776 3876 1843 3922 suo

186 3959 348 4020 mittimus
365 3957 410 4029 ut,
429 3973 529 4034 quum
544 3956 585 4016 ad
602 3957 675 4017 loca
692 3957 853 4018 veneritis
872 3957 981 4018 inter·
1037 3957 1176 4018 servitio
1212 3954 1421 4017 defraudare.
1450 3955 1533 4027 Quia
1568 3971 1649 4017 vero
1680 3957 1843 4018 nonnulli

187 4056 287 4127 diota,
309 4054 410 4116 liceat
423 4054 518 4115 vobis
535 4054 571 4114 in
594 4069 709 4114 eorum
725 4054 866 4129 singulis
883 4069 983 4115 unam
1038 4071 1169 4116 crucem
1185 4054 1387 4130 assumptam
1396 4053 1844 4132 temeritatepropriadepo-

187 4152 290 4214 semel
301 4152 476 4213 ecclesiam
503 4151 634 4227 aperire
660 4151 692 4212 et
708 4150 829 4212 ibidem
848 4167 984 4212 excom·
1037 4151 1367 4229 suissedicunturvel
1387 4151 1540 4227 incoeptae
1552 4151 1842 4227 peregrinationis

187 4248 366 4310 manicatis
377 4249 411 4309 et
422 4248 617 4309 nominatim
628 4248 815 4309 interdictis
836 4248 982 4309 exclusis
1037 4250 1158 4311 iduare
1173 4265 1238 4310 non
1267 4248 1439 4337 expletpa
1466 4248 1627 4324 portubus
1649 4264 1841 4322 remeasse,

187 4346 358 4408 celebrare
382 4345 506 4413 divina,
538 4347 574 4407 ut
597 4345 645 4405 sic
664 4344 833 4407 efficacius
848 4346 982 4421 possitis
1038 4347 1191 4408 volumus
1207 4346 1240 4407 et
1261 4345 1458 4406 mandamus
1480 4347 1517 4406 ut
1532 4360 1590 4405 eos
1605 4345 1647 4405 ad
1661 4361 1844 4407 resumen-

187 4443 234 4505 ibi
250 4458 436 4520 proponere
461 4441 598 4503 verbum
619 4442 741 4511 crucis,
766 4442 983 4509 nihilominus
1037 4444 1113 4505 dam
1135 4459 1267 4505 crucem
1288 4445 1321 4504 et
1344 4442 1385 4504 ad
1413 4441 1619 4503 reddendum
1642 4445 1754 4505 votum
1776 4447 1843 4506 Do·

186 4541 419 4612 concedentes,
444 4541 479 4602 ut
500 4541 714 4610 eorumvota,
730 4556 803 4617 quae
818 4543 984 4601 voverunt
1038 4543 1129 4603 mino
1148 4541 1234 4618 quod
1259 4540 1422 4602 voverunt
1443 4540 1606 4600 canonica
1627 4539 1842 4603 districtione

189 4639 278 4701 beati
291 4637 407 4702 iacobi
421 4637 474 4699 vel
501 4637 643 4698 aliorum
656 4640 846 4699 sanctorum
867 4637 983 4698 limina
1038 4638 1264 4715 compellatis.;
1279 4636 1320 4697 ad
1336 4636 1398 4698 boc
1413 4638 1450 4697 ut
1470 4635 1619 4696 fidelium
1641 4636 1776 4698 devotio
1796 4638 1840 4699 ad

137 4758 145 4765 ·
186 4736 342 4808 visitare,
379 4736 414 4795 in
440 4735 675 4796 transmarinae
703 4735 984 4810 peregrinationis
1037 4731 1841 4813 ipsiusTerraeSanctaesubsidiummeliuspmvo·

187 4834 324 4912 possitis
337 4833 540 4895 commutare
552 4831 712 4903 laborem,
724 4831 818 4894 ethis
832 4832 888 4908 qui
899 4847 985 4893 com·
1038 4835 1141 4903 cetur,
1157 4832 1317 4895 ordinetis
1332 4831 1497 4892 solemnes
1515 4830 1745 4906 processiones
1759 4829 1840 4893 fleri

188 4932 352 4993 miserunt
377 4929 551 5000 incendia,
591 4929 713 5005 quique
750 4944 811 5005 pro
838 4929 983 4990 violenta
1039 4929 1156 4992 saltem
1173 4928 1314 5004 singulis
1334 4925 1502 4988 mensibus
1528 4927 1563 4986 in
1582 4926 1735 4988 omnibus
1749 4926 1839 4989 locis

186 5044 346 5091 manuum
362 5028 538 5106 injectione
552 5028 588 5086 in
603 5041 764 5087 canonem
784 5026 982 5098 inciderunt,
1039 5027 1096 5105 qui
1114 5026 1155 5087 ad
1169 5027 1232 5087 hoo
1246 5025 1359 5086 idonei
1372 5023 1614 5086 videbunturet
1626 5023 1789 5101 psalmum
1801 5025 1840 5085 il·

188 5126 364 5189 dummodo
377 5141 444 5187 non
459 5125 503 5185 sit
515 5125 661 5185 enormis
686 5140 854 5196 excessus,
877 5125 986 5185 valea·
1039 5126 1107 5184 lum
1121 5126 1246 5185 Omoes
1260 5121 1432 5183 vacarunt
1451 5122 1572 5196 peotes
1595 5136 1655 5197 per
1675 5120 1838 5183 ecclesias

187 5225 231 5288 tis
240 5227 339 5302 juxta
348 5222 489 5285 formam
504 5222 662 5283 Ecclesiae
676 5221 874 5282 beneficium
887 5221 986 5282 abso-
1040 5219 1428 5294 omnesdiebussingulis
1437 5233 1528 5279 more
1538 5216 1638 5278 solito
1650 5218 1836 5291 decantari,

187 5322 325 5384 lutionis
344 5320 538 5397 impendere
558 5319 632 5381 vice
655 5318 825 5387 nostrast
853 5319 985 5396 quidem
1040 5319 1173 5396 proviso
1188 5317 1273 5394 quod
1297 5316 1326 5376 si
1339 5316 1424 5379 forte
1438 5314 1493 5374 bis
1511 5314 1569 5390 qui
1584 5313 1626 5374 ad
1644 5314 1839 5392 hujusmodi

188 5422 300 5497 passis
336 5419 495 5496 injuriam
522 5415 746 5478 satisfecerint
762 5415 987 5493 competenter
1040 5416 1271 5494 processiones
1295 5429 1354 5474 seu
1389 5412 1431 5473 ad
1457 5411 1542 5472 alias
1580 5411 1839 5474 convocationes

188 5518 221 5578 el
234 5517 350 5579 devote
361 5515 568 5593 susceperint
582 5515 713 5590 signum
724 5514 834 5575 crucis
847 5513 987 5590 prosub·
1041 5512 1268 5584 convenerint,
1278 5510 1424 5587 aliquam
1439 5508 1650 5584 peccatorum
1663 5509 1840 5571 remissio-

191 5613 276 5673 sidio
295 5617 406 5675 Terrae
422 5614 572 5685 Sanctae;
599 5611 812 5674 concedimus
836 5611 935 5673 etiam
952 5612 987 5674 ut
1041 5628 1118 5673 nem
1130 5609 1292 5672 duxeritis
1305 5605 1761 5678 faciendamdecemdiemm
1772 5622 1841 5667 nu·
