3930 6206
599 354 602 359 “
680 373 909 433 aeternnm.
933 372 1011 433 nm.
1035 374 1090 433 tx.

388 534 545 629 LXXIX

125 688 179 749 Ad
198 686 419 756 Lemovicum,
435 688 656 745 Francorum
671 695 799 757 repam.

323 814 357 872 {5
371 811 506 871 februarii
524 813 602 871 tant.
667 798 669 801 ⁵

96 941 239 1006 fflouquet,
251 938 311 991 Rea.
323 934 530 1065 dcsHist.,X131‚
541 936 599 995 Ἰθθς
615 936 722 998 Regnat,
732 932 778 984 lib.
786 932 829 992 tx,

389 1015 463 1080 epist.
480 1017 492 1064 l
510 1016 548 1080 8.]

67 1130 228 1186 Romanum
254 1124 348 1183 Sancti
373 1122 478 1197 Angeli
506 1121 657 1179 diaconum
674 1118 859 1189 cardinalem,

98 1215 135 1272 Α.
153 1214 182 1272 S.
194 1213 333 1286 legatum,
349 1211 481 1285 impense
495 1207 678 1267 commendat
690 1206 752 1280 regi
766 1206 858 1265 Ludo·

98 1303 165 1360 vico
178 1300 331 1360 Honorius.

103 1436 273 1499 Honorius
282 1435 495 1512 episeopus„
506 1431 679 1494 carissimo
688 1429 861 1491 inchrislo

65 1535 134 1595 tilio
150 1533 330 1604 Ludovico,
347 1531 419 1608 regi
435 1532 637 1591 Francorum
655 1524 788 1599 illustri,
806 1542 862 1587 sa-

64 1632 181 1702 lutem,
198 1631 261 1692 etc.

102 1729 197 1790 Inter
224 1728 362 1789 caeteros
388 1724 509 1787 tratres
542 1725 674 1785 nostros
709 1723 858 1793 dilectos,
882 1778 883 1781 ,

63 1827 154 1886 illius
178 1825 291 1887 noster
310 1827 480 1885 Romanus
504 1821 617 1883 Sancti
638 1821 757 1896 Angeli
783 1821 859 1880 dia·

62 1939 168 1985 conus
190 1920 386 1993 cardinalis,
412 1920 571 1981 honorem
600 1919 694 1980 tuum
721 1916 860 1994 speciali

63 2020 242 2083 affectione
255 2019 391 2089 zelatur,
409 2018 496 2079 sicut
516 2018 550 2078 et
569 2032 630 2077 nos
652 2016 715 2092 ipsi
738 2015 859 2076 certis-

63 2119 148 2178 sime
173 2117 339 2186 novimus,
356 2115 389 2176 et
403 2113 516 2175 nuncii
531 2113 580 2175 tui
595 2114 673 2174 sunt
694 2111 806 2173 multis
829 2112 862 2173 et

63 2213 277 2275 evidentibus
316 2211 521 2287 argumentis
557 2212 627 2287 jam
672 2209 862 2286 frequenter

62 2311 207 2388 experti.
225 2314 261 2371 ln
274 2310 367 2371 tuum
380 2308 485 2384 igitur
495 2323 634 2384 regnum
651 2307 684 2368 et
699 2307 860 2368 circums-

62 2410 173 2470 tantes
186 2409 298 2485 parles
311 2406 467 2481 legatum,
480 2407 618 2481 urgente
629 2403 860 2480 multiplicium

64 2505 278 2582 negotiorum
314 2503 523 2574 necessitate,
559 2502 706 2570 missuri,
738 2501 861 2562 dictum

62 2602 272 2665 cardinalem
288 2601 369 2662 illuc
392 2599 597 2679 providimus
617 2598 858 2669 destinandum,

62 2703 98 2764 ut
110 2702 147 2761 in
162 2701 228 2761 hoc
243 2714 373 2776 quoque
387 2712 569 2775 cognoscas
584 2696 736 2774 quemad
751 2699 784 2757 te
799 2696 862 2756 ba-

62 2798 204 2860 beamus
238 2796 475 2857 abundantiam
509 2795 670 2857 caritatis.
720 2793 861 2870 Ideoque

61 2895 288 2957 serenitatem
301 2895 392 2954 tuam
405 2908 561 2968 rogamus
573 2892 733 2953 attentius
745 2892 777 2951 et
786 2890 862 2950 bor·

61 2986 860 3068 emur,quatenusipsumtamquamxpostottcae

63 3090 157 3150 Sedis
187 3088 345 3163 legatum,
374 3086 474 3147 immo
501 3086 615 3147 verius
638 3100 699 3145 nos
727 3085 761 3144 in
788 3084 861 3160 ipso

59 3201 183 3248 sereno
197 3184 290 3245 vultu
311 3184 466 3260 recipias,
485 3184 583 3260 eique
599 3182 733 3257 dignam
748 3181 860 3241 bono-

60 3282 266 3344 rificentiam
281 3280 442 3342 exhibens
464 3281 497 3341 et
517 3297 537 3341 a
557 3279 624 3342 tuis
639 3279 765 3340 taciens
781 3277 861 3338 suh-

60 3381 138 3442 dilis
164 3378 332 3449 exhiberi,
353 3381 426 3455 ejus
452 3376 641 3438 salubribus
668 3377 802 3438 monitis
828 3378 861 3437 et

59 3477 219 3539 consiliis
232 3476 281 3536 sic
291 3475 485 3536 reverenter
497 3475 661 3546 intendas,
673 3473 759 3551 quod
773 3474 860 3534 idem

61 3576 94 3636 in
121 3573 306 3635 dilectione
327 3574 385 3634 tua
407 3572 446 3633 de
469 3572 522 3633 die
543 3573 579 3632 in
600 3571 688 3632 diem
710 3586 861 3634 crescere

61 3716 223 3782 moverint,
249 3729 303 3771 nec
333 3721 463 3787 treugam
488 3713 535 3771 vel
562 3728 661 3786 pacem
685 3710 802 3769 iecerint
825 3710 860 3768 ad

60 3787 235 3844 mandatum
245 3783 311 3841 dieti
324 3786 412 3857 regis.
424 3784 494 3852 Quia
508 3798 576 3841 vero
586 3798 707 3857 regnum
722 3797 861 3856 magnum

59 3866 103 3915 est
122 3867 152 3915 et
175 3869 300 3929 magnos
318 3863 450 3926 sumptus
467 3856 557 3927 exigit
575 3862 604 3911 et
622 3868 774 3927 expensas,
793 3868 858 3925 pro·

59 3929 213 3994 misimus,
243 3939 325 3983 sacro
365 3925 541 3998 approbante
577 3926 698 3982 concilio
731 3924 861 3983 bituricis

58 4004 261 4071 congregato,
283 3995 377 4052 eidem
401 3996 463 4078 regi
486 3994 554 4051 dare
572 3995 714 4051 decimam
733 3995 860 4052 omnium

60 4076 256 4140 proventuum
287 4066 547 4123 ecclesiasticorum
576 4066 729 4148 legationis
757 4071 861 4121 nostrae

59 4154 153 4211 usque
175 4137 213 4194 ed
248 4137 463 4208 uiriquennimn.
478 4137 502 4192 si
520 4144 667 4208 negotium
683 4143 790 4193 tantum
806 4134 858 4192 du·

58 4206 214 4277 reverit,d
253 4208 324 4265 uctis
339 4208 473 4278 expensis
489 4207 622 4278 illisque
641 4206 811 4278 proveniunt
825 4220 860 4261 ex

58 4281 175 4337 cultura
202 4278 349 4335 vinearum
373 4284 402 4334 et
426 4291 570 4350 agrorum.
599 4277 744 4333 Decimam
764 4284 860 4333 autem

59 4351 140 4406 illam
162 4349 274 4422 praelati
294 4362 350 4404 non
370 4348 490 4415 solvent,
510 4362 566 4405 nec
584 4347 679 4404 clerici
697 4347 733 4403 de
753 4346 858 4403 tamilla

58 4436 121 4487 sua,
144 4421 199 4492 qui
219 4418 404 4491 personaliter
423 4418 450 4474 in
471 4417 526 4474 hoc
545 4419 661 4490 negotio
680 4417 857 4483 laborabunt,

57 4507 113 4549 nec
128 4491 184 4547 alii
200 4503 273 4560 quos
288 4504 340 4545 nos
354 4495 383 4545 et
399 4502 448 4544 rex
461 4487 613 4560 praedictus
631 4487 805 4560 elegerimus
816 4486 860 4544 ad

56 4560 255 4634 personaliter
280 4556 464 4615 laborandum
490 4560 518 4614 in
544 4574 580 4614 ne
603 4557 661 4614 otio
684 4556 857 4629 supradicto,

57 4635 120 4690 Fiet
141 4636 242 4689 eutem
262 4630 364 4686 solutio
383 4629 502 4685 decimes
527 4628 564 4685 du
604 4644 638 4685 us
660 4627 789 4685 terminis
809 4643 859 4699 per

55 4717 184 4768 anuum,
201 4699 334 4756 videlicet
352 4699 380 4754 in
402 4698 473 4756 testo
492 4699 626 4756 Omnium
649 4700 815 4756 Sanctorum
830 4707 859 4756 et

56 4775 84 4830 in
114 4770 249 4838 Pascha,
275 4778 303 4827 et
326 4769 424 4841 incipit
448 4770 537 4841 prima
561 4769 663 4826 solutio
687 4770 715 4826 in
742 4769 858 4827 instanti

55 4845 130 4902 testo
147 4842 286 4900 Omnium
300 4842 479 4898 Sanctorum.

93 4937 105 4965 s
133 4913 279 4981 Quocirca
303 4911 504 4967 paternitatem
526 4916 649 4966 vestrum
672 4924 809 4982 rogamus
830 4916 859 4966 ct

54 4996 217 5043 monemus
244 4981 395 5047 attentius,
429 4995 484 5052 qua
514 4979 660 5052 fungimur
692 4981 858 5037 auctoritate

53 5054 249 5119 mandantes,
280 5057 430 5122 quatenus,
459 5049 763 5123 excommunicationis
790 5065 855 5107 sen-

52 5126 167 5182 tentias
194 5119 345 5194 predictas
365 5134 415 5191 per
438 5129 561 5177 vestram
577 5122 753 5247 {revinctam
767 5119 854 5177 deno·

51 5195 165 5252 minari
203 5191 316 5263 publice
348 5189 504 5259 lactentes,
533 5204 583 5246 ver
603 5206 651 5247 um
683 5191 776 5249 crucis
808 5206 858 5263 per

50 5278 203 5338 personas
220 5261 358 5318 discretas
373 5267 403 5316 et
419 5260 565 5327 litteratas,
579 5275 633 5318 nec
643 5262 773 5318 ecclesiis
786 5276 855 5318 one·

49 5351 150 5401 rosas,
170 5333 199 5388 iu
221 5331 322 5388 eudem
345 5329 491 5403 praedicari
513 5329 625 5387 sociatis
643 5348 649 5388 :
668 5330 857 5388 concedentes

50 5408 109 5464 illis
124 5402 281 5463 catholicis
293 5402 352 5473 qui,
366 5402 458 5458 crucis
473 5409 619 5474 assumpto
633 5400 806 5469 charactere,
821 5402 856 5459 ad

49 5473 263 5534 exterminium
289 5470 454 5530 eorumdem
485 5486 570 5543 supra
600 5471 797 5531 baereticorum
825 5487 856 5530 sc

49 5544 249 5609 accinxerint,
270 5550 298 5599 et
318 5542 346 5599 in
362 5542 493 5668 personis
512 5542 633 5614 propriis
656 5541 854 5611 laboraverint,

49 5627 78 5675 ct
91 5627 246 5693 expensas
261 5609 359 5684 [contu
371 5613 470 5685 minti,
483 5627 593 5669 necnon
605 5620 633 5668 et
643 5611 697 5669 illis
729 5615 755 5696 ui
770 5612 853 5687 [non]

47 5691 78 5746 iu
101 5697 242 5762 [termera
257 5684 378 5755 propriis
393 5683 458 5741 illuc
473 5683 654 5747 accesserint,
749 5699 776 5741 m
796 5685 856 5742 suis

1646 375 1706 436 786

914 532 1077 602 teneatur,
1094 532 1127 593 et
1138 546 1210 602 uos,
1225 530 1282 608 qui
1294 547 1369 593 eum
1383 532 1523 609 quadam
1539 547 1708 610 praeroga-

915 628 982 689 tiva
1005 628 1190 703 diligimus,
1212 629 1360 692 caritatis
1383 629 1589 693 devotionem
1610 647 1705 693 com-

915 725 1073 787 mendare
1090 726 1127 786 in
1144 726 1283 787 homino
1298 726 1487 789 debeamus.
1504 730 1623 791 Datum
1642 730 1708 792 La·

915 822 1035 894 terant,
1051 825 1110 884 XV
1125 822 1192 884 kal.
1210 824 1332 895 martii,
1350 840 1437 886 anno
1449 841 1548 888 nono.

954 957 1101 1030 Scripsit
1122 959 1158 1017 tn
1178 961 1334 1019 cromnam
1348 960 1423 1031 scre
1437 964 1576 1021 enemim
1590 962 1706 1023 Hono·

914 1053 987 1113 rius
1005 1053 1266 1133 archiepiscopis
1280 1054 1312 1115 ei
1327 1056 1501 1132 episcopis,
1518 1057 1703 1130 abbatibus,

915 1149 1081 1227 prioribus
1091 1151 1123 1212 et
1137 1150 1213 1211 aliis
1227 1152 1443 1213 ecclesiarum
1454 1155 1612 1230 praelatis,
1624 1155 1703 1216 ibid.

915 1248 1010 1325 episi.
1027 1249 1194 1321 CLXXVI,
1211 1248 1266 1310 die
1282 1251 1320 1310 12
1333 1249 1506 1312 februarii.

954 1384 1044 1443 Itcrn
1067 1382 1272 1459 principibus
1299 1383 1414 1445 Galliae
1436 1384 1533 1457 viris,
1554 1384 1704 1459 ducibus,

916 1478 1103 1553 comitibus,
1115 1479 1306 1552 baronibus,
1320 1496 1448 1543 necnon
1471 1484 1504 1544 et
1522 1482 1706 1545 rectoribus

914 1579 948 1640 et
973 1577 1183 1638 comitatibus
1210 1578 1379 1640 civitatum
1406 1582 1438 1641 et
1466 1581 1650 1642 castrorum
1671 1581 1707 1641 in

915 1690 1018 1751 regno
1041 1675 1193 1736 Francius
1217 1690 1257 1736 ac
1276 1675 1311 1735 in
1331 1676 1519 1749 Provincia,
1536 1678 1612 1749 eie,
1627 1677 1706 1738 ibid.

915 1772 1011 1850 epist.
1025 1772 1208 1833 CLXXVII.

1008 2113 1059 2187 Ad
1075 2114 1261 2183 asturcone,
1275 2126 1395 2188 regern
1408 2115 1613 2188 Hieraporice.

1175 2241 1208 2299 lb
1222 2240 1355 2299 februarii
1372 2242 1450 2300 tate.

1023 2365 1152 2430 intrasset,
1163 2366 1230 2417 Mon.
1247 2366 1478 2430 ilungariae,1‚bl,
1492 2381 1518 2419 n.
1535 2368 1601 2434 rte]

916 2483 1057 2539 Honorius
1073 2497 1105 2540 se
1120 2497 1220 2555 preces
1236 2482 1367 2553 Andreae,
1383 2485 1462 2556 regis
1476 2485 1640 2557 Hungarioe,
1656 2499 1707 2542 ex·

951 2570 1112 2630 auditurum
1119 2571 1301 2644 promittit,et
1313 2575 1344 2629 F.
1355 2572 1502 2630 custodem
1508 2573 1707 2644 Orodiensem,

952 2666 1164 2729 procuratorem
1179 2660 1304 2732 regium,
1318 2659 1371 2732 ipsi
1386 2659 1578 2718 commendet.

955 2794 1623 2871 Honoriusepiseopus‚servussarvorum
1635 2797 1706 2869 Dei,

915 2891 1037 2952 illustri
1052 2892 1124 2966 regi
1136 2892 1329 2967 Hungnriee,
1355 2893 1495 2953 salutem
1515 2895 1549 2954 et
1562 2893 1706 2970 Aposto-

915 2986 1298 3048 licambenedictionem.

955 3084 1116 3145 Dilectum
1132 3083 1237 3144 tilium
1256 3083 1452 3159 magistrum
1467 3087 1516 3151 F„
1537 3085 1708 3146 custodem'

915 3181 1707 3257 Orodiensem,clertcumetprocuraloremtunm

914 3279 1023 3341 virum
1038 3278 1338 3356 utiqueprovidum
1364 3280 1397 3340 et
1420 3278 1609 3351 discretum,
1632 3294 1708 3340 cum

916 3376 1104 3438 serenitatis
1118 3383 1184 3438 tuae
1198 3375 1317 3436 litteris
1332 3376 1374 3437 ad
1399 3376 1515 3437 Sedem
1535 3377 1707 3454 Apostoli-

916 3491 987 3536 cam
999 3473 1221 3547 accedentem,
1233 3473 1579 3551 benignerecipimus3
1595 3474 1706 3547 ethis,

916 3572 1083 3650 quaeidem
1097 3587 1210 3634 coram
1231 3571 1328 3633 nobis
1346 3587 1389 3633 ex
1405 3573 1566 3649 partetua
1582 3587 1708 3650 propo·

915 3713 1062 3771 dumtaxat
1076 3713 1219 3795 expensis,
1239 3712 1319 3785 juxta
1335 3712 1496 3771 facultatem
1517 3721 1546 3771 et
1564 3713 1706 3786 quantita·

914 3793 972 3842 tem
990 3799 1082 3852 suam,
1098 3798 1174 3840 viros
1190 3782 1310 3839 idoneos
1323 3782 1591 3851 demonstraverint,
1606 3790 1636 3840 ut
1653 3784 1708 3841 illis

913 3856 1044 3912 similiter
1058 3856 1116 3925 qui,
1135 3855 1200 3911 licet
1218 3854 1248 3909 in
1266 3854 1367 3911 alienis
1382 3869 1526 3926 expensis,
1542 3854 1708 3936 inpropriis

915 3933 1010 3983 temen
1043 3925 1153 3981 arsonis
1167 3924 1351 3992 accesserint,
1363 3932 1394 3981 ut
1408 3925 1453 3981 illa
1468 3923 1613 3997 gaudeant
1626 3924 1708 3981 liber·

915 4004 982 4058 tate,
1000 3941 1105 4122 ianpue
1123 3994 1272 4067 privilegio
1289 3994 1346 4052 sint
1363 3992 1473 4063 muniti,
1488 4008 1551 4067 quae
1566 3993 1705 4052 acceden-

914 4066 989 4123 tibus
1008 4066 1036 4123 in
1078 4080 1149 4122 errae
1168 4067 1279 4121 Sanctae
1303 4064 1458 4122 subsidium
1483 4065 1705 4123 conceduntur:

914 4136 1000 4220 hujus
1016 4151 1128 4209 quoque
1142 4136 1319 4193 remissionis
1335 4136 1541 4194 denunciantes
1560 4151 1625 4193 esse
1639 4151 1704 4208 par·

914 4209 1024 4279 ticrpes,
1047 4206 1126 4280 juxta
1152 4207 1339 4278 quantitatem
1364 4205 1481 4264 subsidii
1499 4214 1528 4264 et
1546 4206 1707 4264 devotionis

915 4278 1059 4345 allectum,
1081 4278 1129 4349 qui
1152 4275 1186 4333 ad
1209 4277 1427 4334 subventionem
1450 4276 1573 4349 praedicti
1596 4277 1707 4350 negotii

913 4351 980 4407 icen
993 4348 1094 4406 Christi
1115 4346 1151 4403 de
1170 4346 1253 4403 bonis
1270 4348 1330 4404 suis
1348 4362 1475 4419 congrue
1494 4348 1705 4417 ministrabunt,

914 4428 962 4475 eut
975 4419 1051 4475 circa
1066 4418 1200 4500 praedicta
1215 4418 1365 4475 consilium
1388 4425 1418 4475 et
1441 4418 1577 4476 auxilium
1591 4419 1703 4492 impen-

913 4490 1168 4561 derintopttmum.

951 4561 1126 4617 »Mouemus
1138 4559 1223 4615 etiam
1240 4556 1438 4616 discretionem
1452 4568 1575 4617 vestram
1592 4568 1620 4618 et
1636 4560 1703 4617 bor·

913 4639 1007 4687 tamur
1023 4631 1052 4687 in
1074 4630 1195 4687 Domino
1215 4632 1283 4687 lesu
1301 4629 1422 4697 Christo,
1442 4639 1582 4702 quatenus
1600 4632 1703 4689 salira·

912 4715 1024 4783 ganeos
1043 4708 1153 4758 vestros
1172 4699 1208 4757 ad
1227 4699 1387 4772 hujusmodi
1411 4701 1512 4759 Christi
1536 4702 1703 4784 obsequium

913 4772 1048 4837 invitetis,
1061 4778 1091 4827 ut
1102 4772 1217 4843 signum
1233 4771 1325 4827 crucis
1341 4778 1397 4827 tem
1412 4786 1464 4828 voa
1478 4786 1563 4844 quam
1578 4773 1705 4855 episcopi

913 4842 1068 4913 accipiatis.
1086 4856 1247 4913 praemere
1263 4842 1338 4897 illius
1353 4842 1401 4912 qtti
1421 4857 1471 4913 pro
1486 4843 1567 4899 vobis
1581 4858 1701 4915 saugm-

913 4927 978 4968 nem
998 4928 1081 4968 suurn
1102 4911 1181 4969 ludit.
1198 4912 1244 4968 Sic
1258 4911 1334 4968 enim
1353 4911 1490 4971 studeatis
1505 4914 1532 4968 in
1549 4913 1604 4970 boc
1617 4928 1704 4985 opere

912 4983 1060 5039 sollicitius
1079 4983 1214 5055 vigilare,
1235 4981 1311 5052 quod
1331 4982 1474 5053 proximos
1493 4984 1554 5055 ipse
1577 4983 1704 5040 caritatis

913 5059 1014 5109 vestrae
1025 5051 1108 5109 ardor
1122 5050 1269 5119 accendat,
1281 5066 1399 5124 vosque,
1411 5061 1512 5125 praeter
1526 5052 1608 5110 bonae
1621 5052 1705 5110 samm

913 5121 1232 5191 mercedetn,aeternum
1248 5123 1348 5194 positis
1359 5125 1505 5194 premium
1516 5131 1703 5195 exspectare:

911 5195 1035 5251 scientes
1075 5192 1128 5249 uod
1151 5192 1285 5266 praelatus
1309 5208 1369 5260 rex,
1392 5202 1454 5265 post
1476 5193 1577 5250 testum
1602 5196 1702 5251 llesur-

912 5264 1046 5320 rectionis
1054 5210 1219 5321 Xlominlcae
1232 5264 1400 5335 proximum,
1418 5265 1472 5321 erit
1487 5265 1590 5322 Bituris
1605 5279 1701 5336 perso·

911 5334 1013 5391 naliter
1026 5349 1090 5391 cum
1103 5335 1229 5392 exercitu
1242 5349 1304 5401 suo,
1318 5334 1492 5390 concedente
1505 5336 1575 5402 Deo,
1592 5333 1702 5406 prolec-

911 5412 992 5462 turus
1021 5403 1138 5461 viriliter
1174 5412 1203 5461 et
1237 5404 1389 5476 prudenter
1421 5413 1519 5461 contre
1556 5405 1706 5462 haereticos

910 5474 1099 5546 supradictos,
1118 5488 1227 5546 uosque
1249 5475 1378 5531 similiter
1397 5482 1463 5532 tuuc
1480 5474 1583 5532 ibidem
1605 5490 1702 5548 persn-

911 5546 1011 5602 nnliter
1026 5546 1134 5602 erimus
1146 5559 1212 5601 cum
1226 5544 1337 5609 eodem.
1353 5547 1454 5603 Datum
1470 5546 1604 5620 Perlsius,
1622 5546 1706 5604 nortis

910 5615 1043 5673 februarii
1062 5614 1151 5688 [nuno
1167 5614 1260 5688 tarot
1280 5636 1290 5663 r
