3916 6204
139 316 200 375 603

424 478 647 566 CLXXXIX

82 681 93 697 .
142 633 194 693 Act
209 632 392 692 universos
412 630 541 693 Christi
563 630 679 701 fideles
693 642 760 703 per
776 628 933 703 annto-

261 740 403 790 nensem
417 729 591 788 dioecesim
606 724 820 787 constitutos.

425 857 443 914 n
460 856 557 929 apum
574 856 653 913 issi.

142 982 260 1046 [licent.
281 981 327 1031 lin.
338 981 405 1042 VIII,
416 979 561 1053 epistflbss.
580 980 637 1029 Ilus.
652 979 689 1029 Im
700 979 776 1031 Porto
788 977 824 1028 <Iu
840 976 933 1042 rnen]

159 1105 355 1179 Indulgentiae
370 1104 425 1174 bis,
438 1105 486 1177 qul
496 1103 532 1161 ad
547 1104 698 1161 ecclesiam
713 1103 804 1160 beate
821 1102 918 1161 ilarius

304 1192 340 1250 de
355 1193 460 1251 Salutis
473 1191 620 1262 anement,
634 1190 775 1248 concedit.

181 1316 361 1391 HouorIus,
396 1319 475 1389 etc,
504 1317 634 1379 dilectis
663 1316 741 1378 liliis
769 1315 935 1379 universis

142 1414 417 1479 christifidelibus
450 1428 509 1492 per
542 1414 813 1491 Magalonensem
847 1413 934 1473 dioe-

143 1515 245 1576 cesim
269 1510 468 1585 constitutls,
492 1511 633 1573 salutem
657 1512 691 1572 et
711 1508 936 1589 Apostolicam

141 1610 417 1673 benedictionem.

182 1708 355 1780 Quoniam,
379 1707 416 1769 ut
438 1706 486 1767 ait
509 1704 701 1782 Apostolus,
728 1706 804 1776 etc,
829 1718 937 1777 usone

141 1804 244 1867 uitam
255 1807 425 1866 aeternam.
440 1805 547 1875 Quum
560 1802 675 1877 igitur,
692 1801 778 1862 sicut
792 1817 836 1862 ex
847 1800 938 1862 rela-

143 1902 231 1965 tione
244 1901 440 1962 dilectorum
462 1899 608 1960 liliorum
628 1897 801 1960 consulum
825 1897 858 1960 et
877 1914 938 1974 po-

141 1998 212 2076 puli
237 1997 530 2074 montispessulani
556 1994 651 2057 noble
677 1994 842 2067 innotuit,
876 2010 936 2056 eo·

142 2094 245 2157 clesia
265 2096 375 2156 Beatae
398 2093 514 2155 Mariae
530 2092 570 2152 de
586 2092 721 2181 Salutis,
738 2107 810 2169 quae
830 2093 865 2152 in
880 2107 939 2152 eo-

141 2206 216 2253 rum
230 2190 311 2254 tilla
331 2190 493 2263 consistit,
512 2190 548 2249 in
566 2204 685 2265 magne
705 2189 880 2250 devotione
895 2188 937 2249 ab

143 2287 296 2350 omnibus
324 2280 497 2357 habeatur,
521 2301 582 2346 nos
607 2284 757 2346 volentes
786 2286 823 2346 ut
857 2300 937 2360 erga

144 2384 293 2447 eamdem
315 2382 491 2444 ecclesiam
514 2381 786 2443 christifideIIum
810 2382 938 2443 crescat

145 2481 287 2551 devotio,
304 2480 337 2541 et
356 2494 416 2556 per
433 2479 497 2539 hoc
520 2478 621 2539 etiam
643 2478 797 2539 meritum
812 2493 939 2554 augea-

143 2580 209 2651 tur,
239 2574 489 2638 universitatem
521 2576 666 2635 vestram
701 2589 872 2635 monemus
905 2577 938 2635 et

144 2674 318 2735 hortamur
334 2672 368 2732 in
388 2673 539 2743 Domino,
556 2671 728 2748 quatenus,
739 2670 775 2731 ut
791 2670 939 2732 interve-

144 2770 257 2833 nlente
279 2769 376 2830 beata
390 2769 539 2844 Virgine,
556 2768 591 2827 in
605 2769 700 2845 cujus
724 2768 850 2828 bonore
865 2766 937 2844 ipsa

145 2868 287 2930 ecclesia
321 2866 372 2927 est
395 2864 733 2933 constructa‚t1ienm
760 2864 937 2941 propitium

145 2964 269 3026 habere
283 2963 428 3040 possitis,
442 2961 590 3038 Virginis
604 2960 707 3038 ipsine
723 2962 937 3038 implorantes

145 3060 328 3122 subsidium
352 3059 469 3120 deuote
493 3058 534 3118 ad
550 3057 740 3134 praedictam
763 3058 936 3119 ecclesiam

145 3157 321 3220 accedatis.
342 3158 411 3217 Nos
435 3155 524 3216 enim
553 3156 594 3216 de
619 3154 851 3232 omnipotentis
877 3156 936 3217 Dei

145 3252 375 3317 misericordia
401 3254 434 3314 et
459 3251 632 3314 beatorum
659 3252 749 3313 Petri
782 3253 815 3313 et
840 3252 936 3314 Pauli

143 3350 376 3428 Apostolorum
389 3352 461 3425 ejus
476 3348 673 3409 auctoritate
689 3347 815 3419 contisi,
829 3349 938 3409 omni·

746 310 920 371 HONORII
942 309 986 370 III
1008 310 1156 371 OPERA.

1724 310 1785 369 604

988 484 1061 528 rum
1069 470 1221 531 tenemur
1235 466 1505 530 indemnitatibus
1519 466 1705 529 salubriter
1712 482 1789 544 pro·

988 566 1162 637 sidereae
1177 581 1216 627 eo
1231 566 1338 642 magis
1350 565 1391 626 ad
1403 565 1478 627 illos
1491 567 1615 626 nostras
1629 564 1789 625 dilectio-

988 662 1042 723 nIs
1063 662 1203 724 affectus
1222 662 1393 734 exuberat,
1409 678 1474 739 quo
1495 662 1678 739 specialius
1696 662 1790 723 Inter

989 759 1074 820 alios
1093 759 1242 835 regionis
1264 759 1355 820 illius
1384 775 1458 821 esse
1476 760 1664 821 noscuntur
1681 774 1788 834 supra

990 856 1118 917 firmam
1134 858 1260 933 petram
1275 857 1448 918 catholioae
1464 857 1539 917 ildei
1555 855 1790 926 stabiliti,ira·

989 954 1136 1014 ternitnti
1152 954 1218 1014 tuae
1233 970 1293 1030 per
1305 953 1493 1029 Apostolica
1506 953 1630 1029 scripta
1643 952 1789 1014 manda-

989 1066 1074 1122 mus,
1089 1052 1252 1127 quatenus
1264 1066 1322 1111 eos
1337 1066 1412 1111 cum
1429 1052 1530 1122 terra,
1547 1050 1580 1111 et
1592 1050 1671 1111 allis
1687 1049 1788 1110 bonis

991 1163 1116 1219 eorum,
1143 1147 1268 1209 babeas
1294 1149 1492 1225 propensius
1520 1147 1784 1218 commendatos,

990 1259 1073 1321 qnos
1094 1245 1204 1305 tamen
1229 1244 1376 1322 ipsorum
1404 1244 1556 1315 fidelitas,
1580 1246 1615 1305 et
1651 1243 1787 1306 devotio

990 1341 1071 1402 satis
1090 1341 1150 1403 tibi
1170 1342 1203 1403 et
1219 1342 1296 1403 aiiIs
1315 1340 1609 1403 recommendant:
1633 1341 1684 1401 ita
1706 1356 1787 1402 tero

990 1439 1248 1500 recommendati
1262 1440 1328 1500 sint
1342 1438 1404 1500 tibi
1416 1438 1581 1509 consules,
1595 1439 1631 1499 et
1642 1437 1787 1515 populns

991 1535 1211 1612 supradictus,
1228 1536 1315 1613 qnod
1330 1536 1430 1597 iidem
1453 1538 1623 1612 speratum
1636 1536 1791 1596 sentiant

991 1632 1031 1693 de
1050 1633 1239 1709 hujusmodi
1261 1632 1544 1695 commendatione
1571 1631 1784 1708 suffragium,

991 1730 1024 1791 et
1037 1730 1073 1790 tu
1087 1728 1164 1790 inde
1187 1729 1294 1805 possis
1320 1745 1340 1790 a
1360 1728 1456 1789 nobis
1475 1730 1511 1789 iu
1532 1729 1674 1790 Domino
1693 1744 1789 1790 com-

991 1825 1158 1887 mendare.
1175 1827 1294 1887 Datum
1314 1827 1481 1898 Laterani,
1503 1828 1532 1889 V
1555 1825 1631 1887 idus
1654 1826 1786 1902 aprilis,

992 1939 1080 1985 anno
1093 1924 1221 1984 octavo.

1239 2270 1243 2277 ’
1327 2280 1442 2367 dxdl

991 2430 1044 2490 Ad
1068 2429 1318 2491 cathanensem
1344 2433 1541 2504 episcopum
1567 2432 1603 2493 et
1629 2434 1786 2494 abbatem

1031 2529 1073 2587 de
1092 2529 1219 2599 Ktnlos,
1237 2529 1469 2589 Morontensts
1489 2531 1659 2595 dtoecesis,
1677 2531 1712 2591 et
1726 2533 1788 2591 de·

1031 2637 1157 2684 cantum
1170 2625 1524 2686 mitiorcbinensem.

1275 2771 1306 2827 lt
1319 2771 1416 2843 apri1is
1426 2772 1505 2829 1223.

993 2901 1121 2963 pssimi,
1131 2903 1222 2954 Vetera
1233 2903 1345 2956 nonum.
1357 2902 1526 2954 sinemurum
1536 2909 1562 2954 ct
1573 2904 1684 2963 Scolon,
1693 2921 1720 2971 p.
1733 2906 1787 2970 ἢ]

991 3032 1148 3091 llandstut
1162 3033 1259 3091 sedern
1281 3035 1470 3093 llorariensis
1489 3037 1618 3109 episcopi
1637 3036 1675 3094 ad
1689 3039 1786 3096 locum

1202 3119 1370 3178 habiliorem
1390 3121 1570 3180 transierant.

1030 3263 1197 3325 Honorius
1207 3264 1392 3342 episcopus,
1403 3280 1519 3327 servus
1527 3271 1783 3341 serrorumDei,

990 3360 1173 3423 venerabili
1184 3360 1280 3422 fratri
1290 3363 1445 3439 episcopo
1456 3363 1673 3436 Cathanensi,
1688 3366 1722 3428 et
1733 3365 1788 3426 di·

144 3447 205 3508 bus
230 3445 346 3507 devote
371 3461 430 3522 p1‘0
447 3444 553 3521 IPSIUS
578 3444 765 3505 191016111ῑᾶ
788 3445 935 3521 Virginis
991 3456 1086 3519 lectis
1102 3457 1218 3518 liliis...
1233 3457 1345 3519 abbati
1360 3459 1400 3519 de
1414 3458 1543 3532 Kinlos,
1561 3460 1787 3523 Moraviensis

145 3543 242 3603 annis
264 3540 405 3616 singulte
430 3556 451 3601 a
471 3540 536 3611 dle,
562 3556 627 3618 qua
653 3539 768 3601 eadem
793 3541 935 3602 ecclesia
991 3554 1156 3627 dioecesis,
1173 3554 1242 3615 ee„
1262 3554 1387 3616 decano
1403 3556 1785 3628 Rosmarehjnensjffl.

145 3635 396 3700 consecrabitur
409 3651 514 3713 usque
529 3636 570 3697 ad
586 3638 736 3697 octavam
758 3637 874 3713 ipsius,
894 3638 936 3698 ed
990 3650 1092 3712 lutem
1107 3654 1141 3719 et
1154 3652 1377 3729 Apostolicem
1391 3650 1669 3715 benedictionem,

145 3735 267 3797 dictam
288 3734 464 3796 ecclesiam
484 3732 717 3794 accedentibus
731 3733 850 3808 viginti
865 3734 936 3795 dies
1029 3747 1227 3809 veniensad
1246 3749 1459 3825 praesentiam
1473 3751 1623 3811 mmm
1639 3766 1784 3813 venera.

145 3833 186 3893 de
199 3833 349 3909 injuncta
373 3830 437 3892 sibi
460 3830 654 3908 poenitentia
678 3830 937 3893 mIsericorditer
990 3842 1067 3904 bilis
1081 3843 1185 3906 frater
1200 3846 1347 3906 noster...
1370 3847 1591 3908 Moraviensis
1606 3849 1785 3926 episcopus

144 3929 345 3990 relaxamus.
360 3930 478 3990 Datum
491 3927 659 3999 Laterani,
676 3926 791 3989 Vidus
806 3929 933 4005 aprilis,
991 3956 1080 4017 saepe
1096 3940 1193 4002 noble
1212 3942 1375 4018 exposuit,
1392 3944 1426 4005 et
1442 3943 1565 4004 nostris
1591 3943 1785 4021 frequentor

145 4040 233 4086 anno
248 4026 376 4086 octavo.
990 4034 1127 4096 auribus
1142 4037 1333 4110 inculcavit,
1356 4038 1442 4116 quod
1460 4039 1566 4117 ipsius
1584 4040 1684 4102 sedes
1699 4058 1786 4119 pre·

989 4133 1041 4193 ter
1050 4132 1094 4204 id,
1112 4133 1198 4210 quod
1214 4136 1264 4195 est
1284 4133 1320 4195 in
1335 4133 1407 4196 loco
1428 4136 1560 4212 guerris
1577 4136 1786 4201 imminenti-

989 4227 1051 4288 bus
1068 4229 1178 4290 minus
1193 4230 1275 4302 tuto,
1293 4230 1327 4290 in
1348 4231 1417 4291 tam
1436 4231 1589 4293 solitario
1606 4233 1682 4296 loco
1701 4250 1784 4297 con-

990 4325 1089 4397 sistit,
1108 4328 1144 4387 ut
1161 4327 1253 4387 nulle
1268 4326 1315 4387 ibi
1328 4328 1522 4403 contingant
1535 4330 1671 4392 venalia
1686 4347 1783 4409 repe-

989 4422 1062 4494 riri,
1095 4421 1182 4483 unde
1214 4423 1408 4501 plerumque
1433 4424 1480 4496 fit,
1505 4426 1541 4486 ut
1564 4426 1699 4488 clericis
1725 4443 1782 4504 pro

989 4519 1138 4579 emendis
1152 4518 1215 4580 sibi
1231 4520 1431 4581 neccssariIs
1446 4521 1578 4597 longius
1596 4523 1783 4585 accedenti·

989 4614 1061 4686 bus,
1078 4614 1266 4676 divinorum
1289 4616 1397 4683 cultus
1421 4616 1607 4679 ciliciorum
1624 4636 1691 4681 non
1712 4635 1782 4681 rno-

990 4712 1099 4773 dicum
1122 4712 1328 4788 impeditur:
1357 4730 1459 4791 quare
1485 4714 1572 4776 idem
1606 4717 1778 4793 episcopus

990 4824 1063 4869 curn
1090 4808 1179 4869 culta
1201 4824 1335 4885 precum
1366 4810 1525 4873 instantia
1556 4814 1777 4888 postulavita

989 4904 1096 4976 nobis,
1106 4906 1143 4966 ut
1156 4906 1267 4967 sedem
1279 4906 1427 4969 eamdem
1435 4907 1476 4969 ad
1489 4908 1598 4970 locum
1606 4908 1777 4971 transferri

988 5001 1198 5075 habiliorem,
1223 5003 1352 5065 scillcet
1367 5005 1544 5066 ecclesiam
1560 5008 1691 5068 Sancta
1709 5004 1776 5066 'ilri-

182 5094 362 5167 Honorius,
387 5094 463 5165 etc„
485 5092 670 5155 venerabili
696 5094 829 5157 tratri...
846 5096 935 5173 epis-
989 5098 1104 5160 nitatis
1124 5099 1223 5175 juxta
1246 5100 1360 5175 Elgin,
1385 5101 1559 5165 carissimo
1586 5103 1622 5163 in
1650 5104 1775 5164 dnristo

62 5250 66 5259 .
142 5190 627 5271 copoPortuensi,Ap0stolicae
641 5190 735 5252 Sedis
745 5192 866 5269 legate,
879 5209 935 5255 sa-
989 5195 1057 5257 lilio
1072 5199 1223 5258 nostro...
1241 5196 1364 5260 illustri
1374 5213 1454 5274 rege
1470 5199 1603 5271 scotice,
1618 5216 1658 5261 ac
1667 5202 1776 5261 Mora·

142 5290 256 5362 lutem,
266 5290 329 5351 etc.
986 5292 1095 5353 riensi
1110 5293 1255 5370 capitulo
1271 5293 1334 5356 boo
1348 5295 1468 5371 ipsum,
1486 5297 1522 5358 ut
1533 5296 1640 5357 dictus
1653 5298 1774 5373 episco-

183 5388 289 5457 Quum
322 5384 435 5445 dilecti
462 5383 523 5444 dlii
551 5384 706 5445 consules
730 5385 763 5446 et
792 5387 933 5462 populus
988 5405 1048 5466 pus
1083 5391 1219 5462 asserit,
1251 5390 1494 5463 affectantibus,
1529 5392 1770 5454 mandaremus,

142 5481 435 5557 Montispessulani
454 5479 515 5540 sub
535 5483 649 5542 nostra
673 5481 706 5542 et
735 5483 933 5558 apostolice
987 5486 1055 5547 Nos
1068 5486 1179 5564 itaque
1194 5487 1234 5548 de
1246 5487 1458 5549 discretionis
1472 5490 1770 5567 vestraeprudentia

146 5576 240 5637 Sedis
254 5578 458 5653 protectione
472 5576 666 5650 consistant,
692 5593 735 5639 ex
755 5594 820 5655 quo
838 5579 932 5657 ipso·
986 5581 1022 5644 in
1035 5584 1174 5647 Domino
1198 5583 1410 5657 continentes,
1428 5601 1487 5662 per
1509 5586 1696 5663 Apostolica
1710 5601 1770 5646 ro·

492 4344 585 4430 CXC

145 4499 196 4558 Ad
209 4498 403 4569 episcopum
418 4494 659 4565 Porlnenscm,
672 4496 711 4554 Α.
723 4495 758 4554 s.
772 4494 932 4569 loentum.

423 4634 440 4690 9
457 4633 554 4705 aprilis
570 4633 649 4690 llil.

159 4759 281 4824 [Regem
293 4756 338 4808 lib.
349 4757 414 4817 vlu,
425 4756 498 4821 epist.
511 4755 566 4806 tlt.
580 4757 637 4806 lies.
647 4756 683 4807 La
692 4756 767 4807 Porte
780 4757 814 4807 dn
826 4756 918 4822 Thali]

108 4918 113 4923 -
214 4882 249 4940 lsi
269 4880 447 4940 consuisset
465 4879 600 4953 populum
615 4880 864 4953 llontispessnlaui

443 4967 636 5025 commendat.
