3972 6204
91 348 149 414 aaa
347 396 358 423 ,
704 339 931 403 namneum.
965 340 1043 402 nun
1066 340 1121 401 rx.
1666 338 1728 399 sac

90 505 299 571 distantiam
320 502 528 578 contingunt,
547 498 711 578 adliciant
730 498 881 577 medem
935 497 1020 561 biles
1037 495 1491 576 marcommannas
1512 495 1727 573 irrepreben-

90 604 167 677 alia,
183 603 215 665 si
227 602 292 664 bac
304 615 375 663 non
385 599 556 677 prodesset
574 596 619 659 ad
636 595 883 658 corroboratio·
936 595 1078 658 sibilitor
1089 610 1148 658 vos
1163 592 1299 672 geratis,
1316 593 1437 671 quoda
1460 608 1587 657 summo
1612 594 1727 670 patre-

90 717 164 763 nom
184 696 391 761 matrimonii
410 693 596 757 memorati.
622 693 784 766 Quocirca
807 692 880 752 dis·-
935 691 1080 753 familias
1097 690 1326 752 retributionis
1349 688 1522 751 denarium
1549 692 1728 752 mereami-

88 797 231 861 cretioni
243 795 364 858 restra
379 808 438 871 per
449 792 641 869 apostoliea
654 790 780 867 scripta
791 805 882 850 man-
935 789 982 861 ni,
997 790 1033 851 et
1046 802 1107 850 nos
1130 789 1257 865 majora
1275 785 1369 848 vobis
1391 787 1556 863 possimus
1576 788 1729 850 commit·

90 894 206 957 damus
229 893 403 971 quatenns,
427 889 555 952 vocabo
579 886 638 966 qui
661 886 786 949 fuerint
799 901 883 948 ero-
935 884 1232 949 teracontldenter.
1244 884 1360 945 Datum
1373 883 1486 955 Reate,
1498 885 1541 945 lv
1555 883 1629 946 idus
1638 885 1727 963 junii

90 990 199 1061 cendi,
222 989 402 1066 diligenter
425 987 466 1048 de
489 985 643 1048 omnibus
660 984 880 1061 inquirentes,
935 982 1146 1060 pontificatus
1160 981 1267 1043 nostri
1279 996 1367 1045 anno
1381 995 1481 1042 nono.

89 1104 149 1168 per
159 1088 292 1150 litteras
306 1086 437 1148 vestras
449 1082 625 1160 exponatis
639 1081 737 1143 nobis
751 1080 881 1158 plenius

88 1185 274 1257 vamtatem,
291 1183 329 1245 ut
349 1197 410 1260 per
435 1180 569 1243 fidelem
593 1179 792 1241 relationem
805 1192 883 1238 ves-

87 1279 355 1352 traminatructi,
373 1278 473 1341 dante
486 1275 883 1354 Doo,anperbocprovi-
1238 1201 1427 1293 CLXXIV

88 1379 168 1442 dere
182 1377 352 1457 possimus
366 1375 453 1454 qaod
467 1375 505 1437 in
525 1374 587 1437 tali
601 1372 743 1437 articulo
757 1372 884 1435 videri*
936 1352 1186 1423 demptorem
1203 1352 1322 1417 scaea
1344 1353 1462 1417 macta
1484 1355 1674 1419 braccarae
1693 1354 1729 1419 ct

89 1473 429 1553 musprovidendum
443 1472 579 1545 Quodsi
592 1486 660 1534 non
676 1470 881 1542 omnes,etc
1185 1451 1479 1524 marcanesca.

88 1572 210 1636 aarum
221 1568 499 1643 libaralvidus
509 1568 611 1646 junii,
626 1582 715 1631 anno
729 1581 829 1629 nono.
1226 1586 1344 1660 {oium
1360 1587 1439 1645 itta.

938 1719 1086 1788 [beckman
1099 1720 1206 1775 coenes
1218 1718 1372 1785 del’abbaye
1381 1720 1414 1771 de
1422 1719 1556 1780 s.·l’ierre,
1564 1721 1619 1783 alt,
1628 1735 1655 1775 n.
1663 1721 1732 1788 titt]

391 1808 585 1898 CLXXIII
937 1845 1144 1913 Eitmccnsa,
1161 1845 1356 1917 quevertitur
1370 1843 1443 1905 inter
1455 1843 1586 1905 abbatim
1601 1860 1731 1919 consen·

187 1964 242 2024 Ad
254 1962 472 2023 mmmmm
484 1962 643 2035 priorem
652 1959 785 2019 mppr,
973 1941 1091 2006 nmque
1110 1934 1139 1991 S.
1162 1933 1236 1995 Petri
1253 1932 1416 1992 deniensis
1432 1941 1460 1991 et
1478 1933 1652 1993 missam
1668 1950 1730 1997 mo·

126 2058 409 2122 mmmmm
419 2057 457 2119 ει
470 2057 622 2131 mtrem
635 2056 842 2117 Martinam·
973 2022 1092 2081 nartali
1104 2022 1132 2079 in
1146 2021 1211 2080 villa
1221 2020 1257 2081 de
1268 2021 1596 2091 Heraeassiateroienois
1613 2023 1732 2097 ordinis,

433 2185 439 2197 ·
494 2187 500 2198 Ι
971 2109 1108 2171 mandata
1123 2108 1182 2169 dat.

237 2309 267 2361 w
285 2308 347 2361 ddin
383 2185 594 2360 fflnlssm
639 2308 662 2358 11
683 2305 728 2358 m
978 2244 1650 2322 nonanusepiscopusrervusservomm
1660 2248 1730 2320 Dei,

223 2308 284 2377 [ἃ
348 2323 372 2374 3’
471 2346 477 2358 “
513 2320 627 2370 ¹⁰⁰¹¹²¹¹¹⁹
665 2346 672 2371 ’
730 2307 749 2369 ‘³
938 2341 1540 2407 dilecttsdliiseantorisanctlnmati
1549 2346 1733 2410 Duacensta

89 2437 138 2496 liis
162 2434 296 2494 concedit
322 2442 354 2492 ut
377 2434 462 2492 liceat
487 2432 658 2507 predicare,
680 2431 825 2505 baptizare
846 2430 884 2491 ad
938 2440 972 2501 et
994 2439 1224 2516 conjudicibus
1246 2443 1331 2517 ejus»
1348 2440 1446 2511 datis,
1475 2440 1511 2500 in
1535 2456 1637 2503 cansa
1659 2459 1734 2519 quae

122 2524 212 2627 fldem
240 2523 351 2581 nonar
369 2523 534 2592 Vssssiessitsss
562 2521 714 2595 injungere
741 2520 881 2594 loefliwss·
937 2537 1081 2599 vertitur
1089 2537 1178 2599 inter
1192 2536 1345 2599 abbatem
1357 2538 1391 2599 et
1402 2539 1602 2601 conventum
1619 2538 1733 2602 Sancti

122 2620 189 2684 1¹⁰⁸,
204 2620 260 2670 etc.
938 2632 1227 2699 Petritiandensis
1240 2636 1391 2710 exparte
1404 2635 1734 2707 nna,etabbatiasam

125 2740 244 2801 Vineae
268 2737 395 2799 domini
421 2735 585 2807 custodes,
610 2734 689 2797 licet
713 2733 882 2805 immeriti,
938 2732 972 2792 et
985 2732 1182 2793 conventum
1200 2732 1421 2800 deBrabelle,
1442 2748 1486 2794 ex
1502 2733 1619 2806 altera,
1636 2735 1733 2796 salu·

87 2836 189 2914 positi
204 2835 238 2896 et
256 2834 412 2905 cultores,
427 2822 565 2895 necesse
584 2830 745 2893 habemus
760 2831 796 2892 ln
811 2845 884 2891 eam
937 2827 1004 2891 tem
1018 2830 1052 2889 et
1064 2829 1288 2905 apostolicam
1302 2828 1579 2892 benedictionem.

87 2934 223 2996 mittere
233 2930 417 3008 operarios,
434 2928 661 2991 distribuendo
671 2927 812 3004 singulis
825 2927 886 2988 ini·
978 2924 1098 2987 Dilecti
1125 2925 1188 2986 tilii
1214 2925 1318 2989 abbas
1346 2927 1380 2988 et
1407 2929 1591 2989 conventus
1620 2930 1734 2992 Sancti

88 3029 231 3092 nisteria
260 3027 440 3089 secundum
468 3026 636 3098 virtutem,
660 3026 758 3102 juxta
785 3039 884 3101 quam
939 3021 1030 3082 Petri
1047 3021 1231 3084 &midensis
1248 3037 1309 3084 sua
1328 3023 1425 3084 nobis
1440 3025 1600 3100 petitione
1616 3042 1734 3088 mons-

87 3127 227 3190 valeant
262 3124 445 3187 officiosius
487 3122 631 3201 operari.
672 3121 884 3183 attendentes
937 3119 1080 3190 tranunt,
1098 3119 1187 3196 quod
1206 3119 1285 3181 clim
1307 3120 1387 3181 Adae
1402 3121 1535 3182 mulieri
1550 3122 1762 3186 liberaliter·

88 3223 205 3301 igitur,
224 3222 310 3300 quod
337 3221 539 3296 abnegantes
560 3235 619 3281 vos
638 3208 740 3297 ipsos,
756 3219 885 3280 animas
939 3217 1185 3289 concesserunt,
1218 3217 1255 3279 ut
1288 3217 1324 3277 in
1354 3232 1468 3281 eorum
1492 3219 1663 3282 territorio
1690 3222 1733 3283 de

87 3322 223 3383 vestras
238 3333 297 3396 pro
314 3318 444 3379 Christo
459 3331 583 3393 ponere
602 3316 733 3392 cupitis,
751 3317 787 3377 ut
800 3315 885 3376 lucri
939 3315 1068 3374 Barnea
1091 3314 1134 3377 ad
1155 3330 1237 3391 opus
1261 3315 1479 3392 quarumdam
1498 3314 1733 3394 religiosarum

86 3416 224 3479 faciatis
246 3414 310 3475 sibi
330 3413 459 3475 animas
479 3410 632 3484 aliorum,
649 3426 689 3473 eo
708 3412 795 3489 qnod
813 3412 885 3473 nul·
939 3410 1115 3472 mulierum
1135 3412 1267 3473 domum
1286 3414 1494 3476 construeret
1516 3415 1549 3478 et
1570 3417 1733 3493 capellam

85 3514 159 3575 lum
176 3511 380 3573 sacrificium
392 3498 605 3572 Deo'constat
616 3524 691 3570 esse
703 3509 882 3586 acceptius,
939 3508 1111 3586 ipsamque
1130 3509 1263 3571 domum
1278 3510 1319 3571 ab
1335 3511 1425 3572 omni
1440 3511 1645 3589 subjectione
1657 3530 1733 3576 mo-

86 3625 191 3690 qnam
217 3609 346 3671 lacrum
370 3622 520 3685 quaerere
540 3607 729 3668 animarum
745 3628 752 3666 :
768 3623 828 3668 ros
849 3607 885 3668 in
939 3606 1079 3671 nasterii
1093 3605 1158 3678 sui,
1173 3622 1303 3669 necnon
1318 3624 1339 3669 a
1352 3607 1574 3672 decimatione
1586 3626 1625 3673 ac
1638 3615 1733 3689 parte

85 3722 233 3784 regnum
243 3704 446 3768 Miramclini
461 3703 761 3780 sedisapostolicae
773 3705 886 3767 trans-
939 3703 1153 3775 oblationum,
1169 3720 1253 3781 quas
1270 3705 1305 3766 in
1319 3706 1417 3767 domo
1433 3707 1505 3782 ipsa
1521 3707 1636 3770 offerri
1650 3725 1734 3772 con-

85 3804 193 3869 mittit
206 3802 399 3873 auctoritas,
412 3802 448 3864 ut
457 3800 724 3877 evangelizantes
733 3801 804 3865 illic
813 3804 884 3865 iic-
938 3800 1061 3877 tigerit,
1094 3801 1319 3864 absolverunt
1354 3804 1516 3864 ssaemrum
1542 3821 1734 3880 praecavere

83 3902 217 3963 minum
237 3902 352 3963 iesum
372 3897 550 3970 Christum,
565 3898 723 3974 qnantum
738 3898 810 3974 ipae
821 3898 884 3960 de·
938 3898 1097 3970 volentes,
1111 3913 1155 3959 ne
1166 3898 1357 3975 hujusmodi
1369 3898 1553 3961 liberalitas
1567 3901 1631 3962 sibi
1643 3903 1734 3965 dam·

84 3999 188 4071 derit,
195 3996 398 4060 convertatis
407 3995 607 4069 incredulos,
615 3994 752 4071 erigatis
760 3995 882 4072 lapsos,
939 4010 1021 4057 ncaa
1037 3996 1197 4058 existeret
1210 3996 1246 4056 in
1265 3995 1413 4058 tutorum
1427 3997 1528 4058 talem
1543 4000 1732 4076 pactionem

84 4094 284 4158 amentatis
316 4091 454 4163 debiles,
497 4091 729 4169 pusillanimes
766 4086 893 4157 conco-⁴
939 4109 1013 4154 cum
1028 4092 1166 4171 praeiata
1180 4093 1320 4155 muliere
1341 4093 1501 4167 iecerunt,
1522 4100 1559 4158 ut
1577 4098 1734 4164 videlicet

83 4191 218 4264 lamini,
245 4192 279 4252 et
301 4189 406 4255 fortae
432 4187 652 4251 nibilominus
676 4187 883 4253 confortetis.
939 4205 1090 4268 personae
1128 4190 1296 4268 praedictae
1333 4191 1450 4253 domna
1490 4208 1557 4254 non
1597 4202 1733 4272 possent

56 4360 61 4367 ,
84 4292 133 4355 Ut
153 4290 267 4351 autem
289 4285 512 4351 ministerium
534 4287 681 4351 vestrum
710 4285 884 4349 contlden·
940 4302 1061 4360 emere,
1090 4302 1149 4348 seu
1172 4288 1208 4349 in
1229 4288 1349 4366 pignus
1370 4290 1532 4366 recipere,
1556 4296 1614 4355 aut
1635 4296 1732 4358 titulo

81 4388 158 4452 tius
177 4382 420 4463 exsequamini,
438 4382 660 4455 concedimus,
678 4384 714 4446 ut
740 4384 776 4444 in
795 4399 885 4462 prae-
940 4400 1147 4463 quocumque
1179 4385 1354 4462 acquirere
1387 4388 1632 4463 possessionem
1668 4393 1735 4453 ali-

82 4485 179 4549 dicta
198 4482 362 4544 duntaxat
382 4480 520 4556 regione
533 4478 629 4542 robis
646 4480 747 4545 liceat
767 4481 887 4559 praedi·
941 4498 1039 4559 quam
1063 4480 1104 4543 ad
1128 4480 1303 4558 praefatum
1326 4483 1532 4545 territorium
1556 4488 1733 4563 pertinen-

82 4596 181 4653 caea,
190 4578 370 4656 baptizare,
385 4579 571 4641 Saracenos
582 4577 623 4639 ad
642 4577 740 4641 tidem
756 4578 887 4641 noviter
939 4580 1016 4651 tem,
1044 4594 1225 4657 eorumque
1251 4579 1500 4642 concessionem
1527 4581 1647 4646 factam
1671 4586 1733 4648 sub

80 4678 276 4748 venientes,
288 4677 321 4738 et
338 4674 558 4737 reconciliare
571 4676 752 4752 apostatae,
767 4676 885 4752 injun-
940 4677 1093 4753 pactione
1116 4675 1306 4753 husjusmodi
1329 4676 1538 4741 dioecesanus
1557 4682 1732 4761 episcopus

82 4791 171 4854 gere
196 4772 420 4850 poenitentias,
433 4772 469 4833 et
488 4773 792 4835 excommunicatos
808 4773 886 4836 illos
940 4774 981 4835 ad
995 4773 1143 4850 ipsorum
1156 4774 1189 4835 et
1200 4772 1347 4850 praiatae
1362 4775 1512 4837 mulieris
1525 4779 1730 4854 instantiam,

81 4871 279 4943 absolvere,
295 4867 351 4947 qni
368 4868 410 4930 ad
425 4868 543 4931 Sedem
555 4869 781 4945 apostolicam
795 4885 887 4931 com·
941 4868 1147 4948 approbavit.
1182 4872 1327 4948 Cumque
1362 4869 1541 4943 abbatissa,
1579 4893 1651 4954 quae
1685 4879 1733 4941 ibi

79 4969 188 5035 mode
200 4981 266 5029 non
276 4965 602 5042 possuntaccederm
617 4966 781 5043 liceatque
793 4966 886 5029 vobis
941 4969 1054 5030 creata
1068 4968 1274 5044 postmodum
1289 4968 1408 5041 extitit,
1424 4972 1457 5032 et
1468 4987 1600 5035 sorores
1615 4975 1731 5052 ipsius,

79 5069 122 5131 in
152 5066 246 5131 terra
271 5062 332 5124 illa
360 5062 395 5123 in
424 5077 588 5139 eosquos
613 5063 789 5126 haereticos
812 5079 886 5127 essa
941 5064 1170 5126 Cisterciensis
1185 5064 1449 5137 ordinis,venire
1464 5070 1579 5131 contra
1594 5072 1638 5144 id,
1656 5073 1734 5137 inde

79 5160 300 5235 constiterit,-
313 5159 668 5233 excommunicationis
687 5162 886 5225 sententiam
940 5161 1009 5232 lite,
1022 5160 1233 5233 attentarent,
1246 5162 1353 5224 dictus
1366 5163 1468 5225 abbas
1476 5166 1594 5227 volens
1603 5169 1734 5233 indem-

79 5256 316 5341 promulqare.
352 5255 545 5317 inhibemus
577 5271 718 5333 quoque,
756 5272 798 5323 ne
832 5259 887 5323 cui
940 5258 1037 5319 nitati
1058 5257 1110 5318 sui
1129 5260 1324 5320 monasterii
1349 5276 1549 5336 praecavere,
1573 5263 1652 5329 lecit
1671 5269 1733 5331 sub

78 5355 281 5421 Christiano
298 5353 400 5414 liceat
421 5368 481 5413 voa
503 5351 545 5414 de
567 5353 657 5415 terra
682 5354 741 5415 illa
765 5355 887 5431 eJicere
941 5355 1033 5417 certa
1045 5368 1143 5433 poena
1157 5356 1192 5415 in
1207 5354 1289 5417 villa
1303 5355 1344 5416 de
1358 5359 1488 5419 Harnes
1503 5362 1628 5424 arctius
1643 5364 1735 5427 inbi-

76 5453 265 5525 viclenter.
283 5448 500 5526 precipimus
520 5451 630 5513 autem
654 5450 748 5512 vobis
768 5451 803 5512 in
816 5453 888 5513 vir-
941 5450 1023 5527 beri,
1046 5467 1088 5517 ne
1108 5451 1244 5529 quiade
1265 5453 1344 5515 villa
1365 5453 1439 5533 ipsa
1458 5457 1607 5533 prelatis
1626 5461 1734 5527 abba-

75 5556 157 5619 tute
183 5549 310 5613 sanctae
334 5546 543 5618 obedientiae,
564 5549 602 5609 ut
618 5547 672 5613 liic
698 5548 888 5611 nullatenus
941 5549 1033 5611 tissae
1047 5564 1087 5610 ac
1101 5548 1271 5611 sororibus
1286 5553 1514 5629 possessiones
1528 5556 1659 5636 aliquas
1674 5562 1736 5625 dc·

77 5645 304 5730 praesumatis
319 5643 422 5717 abuti,
439 5643 497 5706 sed
514 5644 683 5721 tamquam
701 5644 889 5708 inconfusi·
942 5649 1048 5723 naret,
1065 5645 1223 5713 venderet
1241 5647 1447 5727 tolleraret.
1465 5652 1641 5722 Abbatisaa
1657 5676 1735 5725 vero
