<?xml version="1.0" encoding="UTF-8"?>
<!DOCTYPE html PUBLIC "-//W3C//DTD XHTML 1.0 Transitional//EN"
    "http://www.w3.org/TR/xhtml1/DTD/xhtml1-transitional.dtd">
<html xmlns="http://www.w3.org/1999/xhtml" xml:lang="en" lang="en">
 <head>
  <title>
</title>
<meta http-equiv="Content-Type" content="text/html;charset=utf-8" />
  <meta name='ocr-system' content='tesseract 3.04.00' />
  <meta name='ocr-capabilities' content='ocr_page ocr_carea ocr_par ocr_line ocrx_word'/>
</head>
<body>
  <div class='ocr_page' id='page_1' title='image "./mediiaevibiblio04bottgoog_0481.png"; bbox 0 0 3972 6204; ppageno 0'>
   <div class='ocr_carea' id='block_1_1' title="bbox 182 319 1831 394">
    <p class='ocr_par' dir='ltr' id='par_1_1' title="bbox 182 319 1831 394">
     <span class='ocr_line' id='line_1_1' title="bbox 182 319 1831 394; baseline 0.009 -15"><span class='ocrx_word' id='word_1_1' title='bbox 182 319 247 380; x_wconf 83' lang='lat'><strong>919</strong></span> <span class='ocrx_word' id='word_1_2' title='bbox 805 323 982 387; x_wconf 84' lang='lat' dir='ltr'><strong>HONORII</strong></span> <span class='ocrx_word' id='word_1_3' title='bbox 1004 327 1050 389; x_wconf 93' lang='lat'><strong>111</strong></span> <span class='ocrx_word' id='word_1_4' title='bbox 1071 328 1218 391; x_wconf 78' lang='lat' dir='ltr'><strong>OPERA.</strong></span> <span class='ocrx_word' id='word_1_5' title='bbox 1771 333 1831 394; x_wconf 77' lang='lat' dir='ltr'><strong>aab</strong></span> 
     </span>
    </p>
   </div>
   <div class='ocr_carea' id='block_1_2' title="bbox 180 462 1831 2044">
    <p class='ocr_par' dir='ltr' id='par_1_2' title="bbox 181 462 1831 1144">
     <span class='ocr_line' id='line_1_2' title="bbox 181 462 1831 563; baseline 0.005 -20"><span class='ocrx_word' id='word_1_6' title='bbox 181 481 292 558; x_wconf 88' lang='lat' dir='ltr'><strong>ipsum</strong></span> <span class='ocrx_word' id='word_1_7' title='bbox 306 480 643 543; x_wconf 77' lang='lat' dir='ltr'><strong>excommunicationi</strong></span> <span class='ocrx_word' id='word_1_8' title='bbox 657 482 691 543; x_wconf 88' lang='grc'><strong>61</strong></span> <span class='ocrx_word' id='word_1_9' title='bbox 709 482 902 545; x_wconf 88' lang='lat' dir='ltr'><strong>comitatum</strong></span> <span class='ocrx_word' id='word_1_10' title='bbox 913 486 980 546; x_wconf 85' lang='lat' dir='ltr'><strong>Fo-</strong></span> <span class='ocrx_word' id='word_1_11' title='bbox 1034 486 1115 563; x_wconf 92' lang='lat' dir='ltr'><strong>quin</strong></span> <span class='ocrx_word' id='word_1_12' title='bbox 1129 462 1312 550; x_wconf 67' lang='lat' dir='ltr'><strong>venerabili</strong></span> <span class='ocrx_word' id='word_1_13' title='bbox 1326 487 1424 551; x_wconf 78' lang='lat' dir='ltr'><strong>tratri</strong></span> <span class='ocrx_word' id='word_1_14' title='bbox 1442 490 1594 552; x_wconf 89' lang='lat' dir='ltr'><strong>nostro...</strong></span> <span class='ocrx_word' id='word_1_15' title='bbox 1613 490 1831 552; x_wconf 80' lang='lat' dir='ltr'><strong>Noviomensi</strong></span> 
     </span>
     <span class='ocr_line' id='line_1_3' title="bbox 182 578 1831 664; baseline 0.005 -24"><span class='ocrx_word' id='word_1_16' title='bbox 182 593 314 641; x_wconf 89' lang='lat' dir='ltr'><strong>rensem</strong></span> <span class='ocrx_word' id='word_1_17' title='bbox 341 594 447 657; x_wconf 91' lang='lat' dir='ltr'><strong>usque</strong></span> <span class='ocrx_word' id='word_1_18' title='bbox 474 578 516 639; x_wconf 90' lang='lat' dir='ltr'><strong>ad</strong></span> <span class='ocrx_word' id='word_1_19' title='bbox 545 578 680 655; x_wconf 87' lang='lat' dir='ltr'><strong>dignam</strong></span> <span class='ocrx_word' id='word_1_20' title='bbox 716 580 980 644; x_wconf 78' lang='lat' dir='ltr'><strong>satisfactionem</strong></span> <span class='ocrx_word' id='word_1_21' title='bbox 1033 584 1189 662; x_wconf 87' lang='lat' dir='ltr'><strong>episcopo</strong></span> <span class='ocrx_word' id='word_1_22' title='bbox 1212 585 1374 648; x_wconf 82' lang='lat' dir='ltr'><strong>noveritis</strong></span> <span class='ocrx_word' id='word_1_23' title='bbox 1394 602 1456 649; x_wconf 90' lang='lat' dir='ltr'><strong>nos</strong></span> <span class='ocrx_word' id='word_1_24' title='bbox 1475 602 1535 664; x_wconf 88' lang='lat' dir='ltr'><strong>per</strong></span> <span class='ocrx_word' id='word_1_25' title='bbox 1554 586 1686 649; x_wconf 87' lang='lat' dir='ltr'><strong>litteras</strong></span> <span class='ocrx_word' id='word_1_26' title='bbox 1716 587 1831 664; x_wconf 82' lang='lat' dir='ltr'><strong>injun-</strong></span> 
     </span>
     <span class='ocr_line' id='line_1_4' title="bbox 183 673 1831 755; baseline 0.006 -18"><span class='ocrx_word' id='word_1_27' title='bbox 183 673 340 753; x_wconf 90' lang='lat' dir='ltr'><strong>subjiciat</strong></span> <span class='ocrx_word' id='word_1_28' title='bbox 368 676 555 738; x_wconf 89' lang='lat' dir='ltr'><strong>interdicto.</strong></span> <span class='ocrx_word' id='word_1_29' title='bbox 578 679 627 738; x_wconf 85' lang='lat' dir='ltr'><strong>Tu</strong></span> <span class='ocrx_word' id='word_1_30' title='bbox 655 678 756 740; x_wconf 88' lang='lat' dir='ltr'><strong>etiam</strong></span> <span class='ocrx_word' id='word_1_31' title='bbox 783 679 980 755; x_wconf 82' lang='lat' dir='ltr'><strong>significasti</strong></span> <span class='ocrx_word' id='word_1_32' title='bbox 1033 681 1609 753; x_wconf 70' lang='grc'><strong>116161116166611661111661161</strong></span> <span class='ocrx_word' id='word_1_33' title='bbox 1631 685 1831 747; x_wconf 86' lang='lat' dir='ltr'><strong>auctoritate</strong></span> 
     </span>
     <span class='ocr_line' id='line_1_5' title="bbox 183 772 1831 858; baseline 0.005 -23"><span class='ocrx_word' id='word_1_34' title='bbox 183 772 280 835; x_wconf 89' lang='lat' dir='ltr'><strong>nobis</strong></span> <span class='ocrx_word' id='word_1_35' title='bbox 296 789 355 850; x_wconf 89' lang='lat' dir='ltr'><strong>per</strong></span> <span class='ocrx_word' id='word_1_36' title='bbox 375 774 505 835; x_wconf 83' lang='lat' dir='ltr'><strong>litteras</strong></span> <span class='ocrx_word' id='word_1_37' title='bbox 525 774 613 844; x_wconf 87' lang='lat' dir='ltr'><strong>tuas,</strong></span> <span class='ocrx_word' id='word_1_38' title='bbox 638 775 725 852; x_wconf 91' lang='lat' dir='ltr'><strong>qnod</strong></span> <span class='ocrx_word' id='word_1_39' title='bbox 749 776 980 852; x_wconf 70' lang='grc'><strong>1161111616-</strong></span> <span class='ocrx_word' id='word_1_40' title='bbox 1032 780 1147 841; x_wconf 88' lang='lat' dir='ltr'><strong>nostra</strong></span> <span class='ocrx_word' id='word_1_41' title='bbox 1163 781 1333 858; x_wconf 86' lang='lat' dir='ltr'><strong>corrigere</strong></span> <span class='ocrx_word' id='word_1_42' title='bbox 1347 797 1416 842; x_wconf 92' lang='lat' dir='ltr'><strong>non</strong></span> <span class='ocrx_word' id='word_1_43' title='bbox 1430 781 1569 851; x_wconf 89' lang='lat' dir='ltr'><strong>omittat,</strong></span> <span class='ocrx_word' id='word_1_44' title='bbox 1584 780 1678 843; x_wconf 91' lang='lat' dir='ltr'><strong>nullo</strong></span> <span class='ocrx_word' id='word_1_45' title='bbox 1697 796 1743 843; x_wconf 86' lang='lat' dir='ltr'><strong>ex</strong></span> <span class='ocrx_word' id='word_1_46' title='bbox 1769 781 1831 843; x_wconf 82' lang='lat' dir='ltr'><strong>lroc</strong></span> 
     </span>
     <span class='ocr_line' id='line_1_6' title="bbox 182 870 1831 956; baseline 0.004 -23"><span class='ocrx_word' id='word_1_47' title='bbox 182 886 254 933; x_wconf 89' lang='lat' dir='ltr'><strong>mes</strong></span> <span class='ocrx_word' id='word_1_48' title='bbox 282 870 434 947; x_wconf 79' lang='lat' dir='ltr'><strong>diligenti</strong></span> <span class='ocrx_word' id='word_1_49' title='bbox 460 887 573 933; x_wconf 89' lang='lat' dir='ltr'><strong>secum</strong></span> <span class='ocrx_word' id='word_1_50' title='bbox 606 873 752 935; x_wconf 88' lang='lat' dir='ltr'><strong>tractatu</strong></span> <span class='ocrx_word' id='word_1_51' title='bbox 786 873 900 936; x_wconf 88' lang='lat' dir='ltr'><strong>habito</strong></span> <span class='ocrx_word' id='word_1_52' title='bbox 938 875 979 937; x_wconf 92' lang='lat' dir='ltr'><strong>de</strong></span> <span class='ocrx_word' id='word_1_53' title='bbox 1032 874 1127 937; x_wconf 80' lang='lat' dir='ltr'><strong>vobis</strong></span> <span class='ocrx_word' id='word_1_54' title='bbox 1142 876 1194 938; x_wconf 87' lang='lat' dir='ltr'><strong>vel</strong></span> <span class='ocrx_word' id='word_1_55' title='bbox 1209 877 1317 939; x_wconf 89' lang='lat' dir='ltr'><strong>eidem</strong></span> <span class='ocrx_word' id='word_1_56' title='bbox 1327 878 1504 939; x_wconf 90' lang='lat' dir='ltr'><strong>decanoin</strong></span> <span class='ocrx_word' id='word_1_57' title='bbox 1519 880 1691 955; x_wconf 88' lang='lat' dir='ltr'><strong>posterum</strong></span> <span class='ocrx_word' id='word_1_58' title='bbox 1706 882 1831 956; x_wconf 81' lang='lat' dir='ltr'><strong>praejn·</strong></span> 
     </span>
     <span class='ocr_line' id='line_1_7' title="bbox 183 968 1828 1048; baseline 0.002 -18"><span class='ocrx_word' id='word_1_59' title='bbox 183 969 412 1030; x_wconf 86' lang='lat' dir='ltr'><strong>conservanda</strong></span> <span class='ocrx_word' id='word_1_60' title='bbox 429 968 583 1032; x_wconf 90' lang='lat' dir='ltr'><strong>libertate</strong></span> <span class='ocrx_word' id='word_1_61' title='bbox 603 971 762 1047; x_wconf 81' lang='lat' dir='ltr'><strong>praedicta</strong></span> <span class='ocrx_word' id='word_1_62' title='bbox 777 972 825 1033; x_wconf 91' lang='lat' dir='ltr'><strong>sic</strong></span> <span class='ocrx_word' id='word_1_63' title='bbox 847 971 978 1034; x_wconf 86' lang='lat' dir='ltr'><strong>delendi</strong></span> <span class='ocrx_word' id='word_1_64' title='bbox 1033 970 1120 1032; x_wconf 90' lang='lat' dir='ltr'><strong>dicio</strong></span> <span class='ocrx_word' id='word_1_65' title='bbox 1132 972 1331 1048; x_wconf 87' lang='lat' dir='ltr'><strong>generando.</strong></span> <span class='ocrx_word' id='word_1_66' title='bbox 1345 973 1464 1033; x_wconf 88' lang='lat' dir='ltr'><strong>Datum</strong></span> <span class='ocrx_word' id='word_1_67' title='bbox 1476 974 1590 1047; x_wconf 84' lang='lat' dir='ltr'><strong>Reate,</strong></span> <span class='ocrx_word' id='word_1_68' title='bbox 1602 974 1649 1034; x_wconf 89' lang='grc' dir='ltr'><strong>ΙΙΙ</strong></span> <span class='ocrx_word' id='word_1_69' title='bbox 1665 973 1828 1035; x_wconf 81' lang='lat' dir='ltr'><strong>kalendas</strong></span> 
     </span>
     <span class='ocr_line' id='line_1_8' title="bbox 182 1066 1496 1144; baseline 0.002 -16"><span class='ocrx_word' id='word_1_70' title='bbox 182 1081 256 1128; x_wconf 91' lang='lat' dir='ltr'><strong>eam</strong></span> <span class='ocrx_word' id='word_1_71' title='bbox 284 1066 390 1128; x_wconf 86' lang='lat' dir='ltr'><strong>voluit</strong></span> <span class='ocrx_word' id='word_1_72' title='bbox 417 1066 466 1126; x_wconf 89' lang='lat' dir='ltr'><strong>sic</strong></span> <span class='ocrx_word' id='word_1_73' title='bbox 494 1069 635 1128; x_wconf 88' lang='lat' dir='ltr'><strong>servari.</strong></span> <span class='ocrx_word' id='word_1_74' title='bbox 666 1069 833 1130; x_wconf 80' lang='lat' dir='ltr'><strong>Praeterea</strong></span> <span class='ocrx_word' id='word_1_75' title='bbox 862 1070 978 1131; x_wconf 88' lang='lat' dir='ltr'><strong>dicens</strong></span> <span class='ocrx_word' id='word_1_76' title='bbox 1033 1068 1241 1144; x_wconf 88' lang='lat' dir='ltr'><strong>septembris,</strong></span> <span class='ocrx_word' id='word_1_77' title='bbox 1254 1084 1343 1131; x_wconf 91' lang='lat' dir='ltr'><strong>anno</strong></span> <span class='ocrx_word' id='word_1_78' title='bbox 1357 1069 1496 1132; x_wconf 90' lang='lat' dir='ltr'><strong>decimo.</strong></span> 
     </span>
    </p>

    <p class='ocr_par' dir='ltr' id='par_1_3' title="bbox 180 1163 1496 2044">
     <span class='ocr_line' id='line_1_9' title="bbox 183 1163 978 1243; baseline 0.004 -19"><span class='ocrx_word' id='word_1_79' title='bbox 183 1179 283 1225; x_wconf 90' lang='lat' dir='ltr'><strong>nosse</strong></span> <span class='ocrx_word' id='word_1_80' title='bbox 295 1164 328 1226; x_wconf 90' lang='lat' dir='ltr'><strong>te</strong></span> <span class='ocrx_word' id='word_1_81' title='bbox 339 1163 469 1241; x_wconf 90' lang='lat' dir='ltr'><strong>plenius</strong></span> <span class='ocrx_word' id='word_1_82' title='bbox 485 1164 607 1226; x_wconf 86' lang='lat' dir='ltr'><strong>lactum</strong></span> <span class='ocrx_word' id='word_1_83' title='bbox 618 1165 819 1243; x_wconf 85' lang='lat' dir='ltr'><strong>hujusmodi,</strong></span> <span class='ocrx_word' id='word_1_84' title='bbox 834 1181 874 1227; x_wconf 94' lang='lat' dir='ltr'><strong>ac</strong></span> <span class='ocrx_word' id='word_1_85' title='bbox 887 1167 978 1228; x_wconf 88' lang='lat' dir='ltr'><strong>illius</strong></span> 
     </span>
     <span class='ocr_line' id='line_1_10' title="bbox 181 1262 980 1330; baseline 0.005 -7"><span class='ocrx_word' id='word_1_86' title='bbox 181 1262 281 1323; x_wconf 83' lang='lat' dir='ltr'><strong>terrae</strong></span> <span class='ocrx_word' id='word_1_87' title='bbox 296 1262 430 1330; x_wconf 90' lang='lat' dir='ltr'><strong>statum,</strong></span> <span class='ocrx_word' id='word_1_88' title='bbox 447 1263 480 1323; x_wconf 92' lang='lat' dir='ltr'><strong>et</strong></span> <span class='ocrx_word' id='word_1_89' title='bbox 499 1263 534 1323; x_wconf 92' lang='lat' dir='ltr'><strong>in</strong></span> <span class='ocrx_word' id='word_1_90' title='bbox 554 1262 617 1325; x_wconf 90' lang='lat' dir='ltr'><strong>hoc</strong></span> <span class='ocrx_word' id='word_1_91' title='bbox 629 1264 759 1326; x_wconf 84' lang='lat' dir='ltr'><strong>versari</strong></span> <span class='ocrx_word' id='word_1_92' title='bbox 779 1263 980 1327; x_wconf 88' lang='lat' dir='ltr'><strong>ecclesiasti·</strong></span> 
     </span>
     <span class='ocr_line' id='line_1_11' title="bbox 182 1359 979 1439; baseline 0.004 -19"><span class='ocrx_word' id='word_1_93' title='bbox 182 1373 256 1421; x_wconf 87' lang='lat' dir='ltr'><strong>cam</strong></span> <span class='ocrx_word' id='word_1_94' title='bbox 277 1359 453 1421; x_wconf 84' lang='lat' dir='ltr'><strong>utilitatem</strong></span> <span class='ocrx_word' id='word_1_95' title='bbox 481 1375 548 1420; x_wconf 89' lang='lat' dir='ltr'><strong>non</strong></span> <span class='ocrx_word' id='word_1_96' title='bbox 565 1360 740 1433; x_wconf 91' lang='lat' dir='ltr'><strong>modicam,</strong></span> <span class='ocrx_word' id='word_1_97' title='bbox 763 1363 797 1423; x_wconf 90' lang='lat' dir='ltr'><strong>et</strong></span> <span class='ocrx_word' id='word_1_98' title='bbox 822 1377 979 1439; x_wconf 91' lang='lat' dir='ltr'><strong>magnum</strong></span> 
     </span>
     <span class='ocr_line' id='line_1_12' title="bbox 182 1455 980 1536; baseline 0.001 -18"><span class='ocrx_word' id='word_1_99' title='bbox 182 1455 512 1533; x_wconf 86' lang='lat' dir='ltr'><strong>opusmisericordiae</strong></span> <span class='ocrx_word' id='word_1_100' title='bbox 522 1457 980 1536; x_wconf 73' lang='lat' dir='ltr'><strong>contineripetivistisuppli·</strong></span> 
     </span>
     <span class='ocr_line' id='line_1_13' title="bbox 182 1553 975 1632; baseline 0.005 -18"><span class='ocrx_word' id='word_1_101' title='bbox 182 1553 266 1615; x_wconf 89' lang='lat' dir='ltr'><strong>citer</strong></span> <span class='ocrx_word' id='word_1_102' title='bbox 283 1553 389 1631; x_wconf 90' lang='lat' dir='ltr'><strong>ipsius</strong></span> <span class='ocrx_word' id='word_1_103' title='bbox 409 1554 539 1616; x_wconf 89' lang='lat' dir='ltr'><strong>comitis</strong></span> <span class='ocrx_word' id='word_1_104' title='bbox 556 1555 817 1632; x_wconf 87' lang='lat' dir='ltr'><strong>supplicationes</strong></span> <span class='ocrx_word' id='word_1_105' title='bbox 835 1557 975 1619; x_wconf 81' lang='lat' dir='ltr'><strong>admitti.</strong></span> 
     </span>
     <span class='ocr_line' id='line_1_14' title="bbox 182 1650 978 1731; baseline 0.008 -19"><span class='ocrx_word' id='word_1_106' title='bbox 182 1650 343 1721; x_wconf 86' lang='lat' dir='ltr'><strong>Quocirca</strong></span> <span class='ocrx_word' id='word_1_107' title='bbox 379 1651 582 1714; x_wconf 77' lang='lat' dir='ltr'><strong>iraternitati</strong></span> <span class='ocrx_word' id='word_1_108' title='bbox 607 1653 673 1715; x_wconf 87' lang='lat' dir='ltr'><strong>tuae</strong></span> <span class='ocrx_word' id='word_1_109' title='bbox 701 1669 763 1730; x_wconf 89' lang='lat' dir='ltr'><strong>per</strong></span> <span class='ocrx_word' id='word_1_110' title='bbox 787 1653 978 1731; x_wconf 79' lang='lat' dir='ltr'><strong>Apostolica</strong></span> 
     </span>
     <span class='ocr_line' id='line_1_15' title="bbox 182 1748 979 1830; baseline 0.008 -22"><span class='ocrx_word' id='word_1_111' title='bbox 182 1748 305 1825; x_wconf 88' lang='lat' dir='ltr'><strong>scripta</strong></span> <span class='ocrx_word' id='word_1_112' title='bbox 320 1749 529 1822; x_wconf 85' lang='lat' dir='ltr'><strong>mandamus,</strong></span> <span class='ocrx_word' id='word_1_113' title='bbox 546 1751 710 1827; x_wconf 88' lang='lat' dir='ltr'><strong>quatenus</strong></span> <span class='ocrx_word' id='word_1_114' title='bbox 725 1750 913 1814; x_wconf 89' lang='lat' dir='ltr'><strong>libertatem</strong></span> <span class='ocrx_word' id='word_1_115' title='bbox 925 1752 979 1830; x_wconf 91' lang='lat' dir='ltr'><strong>ip·</strong></span> 
     </span>
     <span class='ocr_line' id='line_1_16' title="bbox 182 1847 978 1924; baseline 0.004 -17"><span class='ocrx_word' id='word_1_116' title='bbox 182 1860 265 1917; x_wconf 87' lang='lat' dir='ltr'><strong>sam,</strong></span> <span class='ocrx_word' id='word_1_117' title='bbox 280 1847 313 1907; x_wconf 89' lang='lat' dir='ltr'><strong>et</strong></span> <span class='ocrx_word' id='word_1_118' title='bbox 328 1847 571 1909; x_wconf 89' lang='lat' dir='ltr'><strong>immunitatem</strong></span> <span class='ocrx_word' id='word_1_119' title='bbox 584 1863 643 1924; x_wconf 91' lang='lat' dir='ltr'><strong>per</strong></span> <span class='ocrx_word' id='word_1_120' title='bbox 655 1850 978 1912; x_wconf 81' lang='lat' dir='ltr'><strong>excommunicatio·</strong></span> 
     </span>
     <span class='ocr_line' id='line_1_17' title="bbox 180 1943 1496 2044; baseline 0.007 -41"><span class='ocrx_word' id='word_1_121' title='bbox 180 1957 256 2003; x_wconf 91' lang='lat' dir='ltr'><strong>nem</strong></span> <span class='ocrx_word' id='word_1_122' title='bbox 271 1943 306 2003; x_wconf 91' lang='lat' dir='ltr'><strong>in</strong></span> <span class='ocrx_word' id='word_1_123' title='bbox 322 1960 481 2021; x_wconf 87' lang='lat' dir='ltr'><strong>personas</strong></span> <span class='ocrx_word' id='word_1_124' title='bbox 494 1947 631 2007; x_wconf 82' lang='lat' dir='ltr'><strong>Forens.</strong></span> <span class='ocrx_word' id='word_1_125' title='bbox 648 1947 817 2015; x_wconf 88' lang='lat' dir='ltr'><strong>comitum,</strong></span> <span class='ocrx_word' id='word_1_126' title='bbox 832 1948 865 2009; x_wconf 89' lang='grc'><strong>61</strong></span> <span class='ocrx_word' id='word_1_127' title='bbox 878 1947 979 2009; x_wconf 90' lang='lat' dir='ltr'><strong>inter·</strong></span> <span class='ocrx_word' id='word_1_128' title='bbox 1368 1958 1496 2044; x_wconf 74' lang='lat' dir='ltr'>XXIV</span> 
     </span>
    </p>
   </div>
   <div class='ocr_carea' id='block_1_3' title="bbox 181 2040 1829 2217">
    <p class='ocr_par' dir='ltr' id='par_1_4' title="bbox 181 2040 1829 2217">
     <span class='ocr_line' id='line_1_18' title="bbox 181 2040 1795 2122; baseline -0.007 -21"><span class='ocrx_word' id='word_1_129' title='bbox 181 2040 305 2102; x_wconf 88' lang='lat' dir='ltr'><strong>dictum</strong></span> <span class='ocrx_word' id='word_1_130' title='bbox 326 2041 361 2102; x_wconf 93' lang='lat' dir='ltr'><strong>in</strong></span> <span class='ocrx_word' id='word_1_131' title='bbox 376 2042 550 2118; x_wconf 80' lang='lat' dir='ltr'><strong>praelatum</strong></span> <span class='ocrx_word' id='word_1_132' title='bbox 566 2043 758 2105; x_wconf 88' lang='lat' dir='ltr'><strong>comitatum</strong></span> <span class='ocrx_word' id='word_1_133' title='bbox 780 2045 978 2107; x_wconf 89' lang='lat' dir='ltr'><strong>auctoritate</strong></span> <span class='ocrx_word' id='word_1_134' title='bbox 1176 2108 1183 2121; x_wconf 58' lang='lat'>‚</span> <span class='ocrx_word' id='word_1_135' title='bbox 1788 2111 1795 2122; x_wconf 23' lang='grc' dir='ltr'>ἱ</span> 
     </span>
     <span class='ocr_line' id='line_1_19' title="bbox 182 2108 1829 2217; baseline -0.009 -18"><span class='ocrx_word' id='word_1_136' title='bbox 182 2138 373 2214; x_wconf 75' lang='lat' dir='ltr'><strong>apostolica</strong></span> <span class='ocrx_word' id='word_1_137' title='bbox 396 2140 534 2213; x_wconf 90' lang='lat' dir='ltr'><strong>tuearis,</strong></span> <span class='ocrx_word' id='word_1_138' title='bbox 554 2156 652 2217; x_wconf 88' lang='lat' dir='ltr'><strong>quam</strong></span> <span class='ocrx_word' id='word_1_139' title='bbox 676 2142 910 2205; x_wconf 90' lang='lat' dir='ltr'><strong>auctoritatem</strong></span> <span class='ocrx_word' id='word_1_140' title='bbox 936 2143 978 2204; x_wconf 87' lang='lat' dir='ltr'><strong>ad</strong></span> <span class='ocrx_word' id='word_1_141' title='bbox 1031 2108 1084 2167; x_wconf 64' lang='lat' dir='ltr'><strong>Ad</strong></span> <span class='ocrx_word' id='word_1_142' title='bbox 1103 2108 1390 2181; x_wconf 60' lang='grc'><strong>0000000000000</strong></span> <span class='ocrx_word' id='word_1_143' title='bbox 1413 2108 1447 2170; x_wconf 78' lang='grc'><strong>00</strong></span> <span class='ocrx_word' id='word_1_144' title='bbox 1468 2111 1714 2169; x_wconf 58' lang='grc'><strong>0000000000</strong></span> <span class='ocrx_word' id='word_1_145' title='bbox 1738 2121 1829 2183; x_wconf 77' lang='lat' dir='ltr'><strong>epto-</strong></span> 
     </span>
    </p>
   </div>
   <div class='ocr_carea' id='block_1_4' title="bbox 181 2204 1825 2303">
    <p class='ocr_par' dir='ltr' id='par_1_5' title="bbox 181 2204 1825 2303">
     <span class='ocr_line' id='line_1_20' title="bbox 181 2204 1825 2303; baseline -0.008 -7"><span class='ocrx_word' id='word_1_146' title='bbox 181 2236 257 2297; x_wconf 90' lang='lat' dir='ltr'><strong>tuos</strong></span> <span class='ocrx_word' id='word_1_147' title='bbox 283 2237 384 2298; x_wconf 91' lang='lat' dir='ltr'><strong>etiam</strong></span> <span class='ocrx_word' id='word_1_148' title='bbox 411 2238 547 2299; x_wconf 82' lang='lat' dir='ltr'><strong>extendi</strong></span> <span class='ocrx_word' id='word_1_149' title='bbox 572 2238 725 2300; x_wconf 87' lang='lat' dir='ltr'><strong>volumus</strong></span> <span class='ocrx_word' id='word_1_150' title='bbox 753 2255 975 2303; x_wconf 88' lang='lat' dir='ltr'><strong>successores.</strong></span> <span class='ocrx_word' id='word_1_151' title='bbox 1071 2218 1172 2278; x_wconf 67' lang='lat' dir='ltr'><strong><em>⁰⁰p⁰⁸</em></strong></span> <span class='ocrx_word' id='word_1_152' title='bbox 1184 2204 1217 2265; x_wconf 61' lang='grc'><strong>01</strong></span> <span class='ocrx_word' id='word_1_153' title='bbox 1231 2205 1386 2266; x_wconf 59' lang='lat' dir='ltr'><strong>abbatem</strong></span> <span class='ocrx_word' id='word_1_154' title='bbox 1401 2206 1436 2267; x_wconf 73' lang='lat' dir='ltr'><strong>S·</strong></span> <span class='ocrx_word' id='word_1_155' title='bbox 1453 2207 1575 2267; x_wconf 65' lang='grc'><strong>000010</strong></span> <span class='ocrx_word' id='word_1_156' title='bbox 1589 2207 1825 2280; x_wconf 58' lang='grc'><strong>0001000001</strong></span> 
     </span>
    </p>
   </div>
   <div class='ocr_carea' id='block_1_5' title="bbox 181 2302 1559 2515">
    <p class='ocr_par' dir='ltr' id='par_1_6' title="bbox 181 2302 1559 2515">
     <span class='ocr_line' id='line_1_21' title="bbox 181 2302 1515 2415; baseline -0.005 -21"><span class='ocrx_word' id='word_1_157' title='bbox 181 2333 301 2395; x_wconf 83' lang='lat' dir='ltr'><strong>Datum</strong></span> <span class='ocrx_word' id='word_1_158' title='bbox 311 2337 426 2408; x_wconf 86' lang='lat' dir='ltr'><strong>Reate,</strong></span> <span class='ocrx_word' id='word_1_159' title='bbox 435 2335 651 2398; x_wconf 87' lang='lat' dir='ltr'><strong>IIlkalendas</strong></span> <span class='ocrx_word' id='word_1_160' title='bbox 663 2337 872 2415; x_wconf 86' lang='lat' dir='ltr'><strong>septembris,</strong></span> <span class='ocrx_word' id='word_1_161' title='bbox 889 2353 977 2401; x_wconf 89' lang='lat' dir='ltr'><strong>anno</strong></span> <span class='ocrx_word' id='word_1_162' title='bbox 1073 2302 1515 2377; x_wconf 52' lang='grc'><strong>00000000000000000000·</strong></span> 
     </span>
     <span class='ocr_line' id='line_1_22' title="bbox 182 2429 1559 2515; baseline -0.02 11"><span class='ocrx_word' id='word_1_163' title='bbox 182 2429 322 2493; x_wconf 49' lang='lat' dir='ltr'><strong>‘heim‘</strong></span> <span class='ocrx_word' id='word_1_164' title='bbox 1299 2443 1313 2499; x_wconf 90' lang='grc'><strong>1</strong></span> <span class='ocrx_word' id='word_1_165' title='bbox 1328 2441 1466 2515; x_wconf 84' lang='lat' dir='ltr'><strong>septemb.</strong></span> <span class='ocrx_word' id='word_1_166' title='bbox 1480 2442 1559 2500; x_wconf 79' lang='grc'><strong>1121.</strong></span> 
     </span>
    </p>
   </div>
   <div class='ocr_carea' id='block_1_6' title="bbox 513 2564 1679 2762">
    <p class='ocr_par' dir='ltr' id='par_1_7' title="bbox 513 2564 1679 2762">
     <span class='ocr_line' id='line_1_23' title="bbox 1183 2564 1679 2630; baseline 0 -16"><span class='ocrx_word' id='word_1_167' title='bbox 1183 2564 1334 2630; x_wconf 69' lang='lat' dir='ltr'><strong>[llanriqoe</strong></span> <span class='ocrx_word' id='word_1_168' title='bbox 1348 2564 1415 2615; x_wconf 82' lang='lat' dir='ltr'><strong>Ann.</strong></span> <span class='ocrx_word' id='word_1_169' title='bbox 1427 2565 1539 2624; x_wconf 80' lang='lat' dir='ltr'><strong>cisterc,</strong></span> <span class='ocrx_word' id='word_1_170' title='bbox 1553 2565 1596 2623; x_wconf 78' lang='lat' dir='ltr'><strong>lv,</strong></span> <span class='ocrx_word' id='word_1_171' title='bbox 1610 2564 1679 2629; x_wconf 62' lang='grc'><strong>111]</strong></span> 
     </span>
     <span class='ocr_line' id='line_1_24' title="bbox 513 2674 1664 2762; baseline -0.005 -2"><span class='ocrx_word' id='word_1_172' title='bbox 513 2674 644 2762; x_wconf 76' lang='lat' dir='ltr'>XXIII</span> <span class='ocrx_word' id='word_1_173' title='bbox 1190 2700 1231 2755; x_wconf 88' lang='lat' dir='ltr'><strong>De</strong></span> <span class='ocrx_word' id='word_1_174' title='bbox 1246 2697 1366 2757; x_wconf 86' lang='lat' dir='ltr'><strong>testibus</strong></span> <span class='ocrx_word' id='word_1_175' title='bbox 1379 2706 1408 2755; x_wconf 88' lang='lat' dir='ltr'><strong>et</strong></span> <span class='ocrx_word' id='word_1_176' title='bbox 1427 2697 1664 2756; x_wconf 87' lang='lat' dir='ltr'><strong>attestationibus.</strong></span> 
     </span>
    </p>
   </div>
   <div class='ocr_carea' id='block_1_7' title="bbox 280 2817 1823 3021">
    <p class='ocr_par' dir='ltr' id='par_1_8' title="bbox 280 2817 1823 3021">
     <span class='ocr_line' id='line_1_25' title="bbox 280 2817 1823 2901; baseline 0.006 -25"><span class='ocrx_word' id='word_1_177' title='bbox 280 2817 540 2891; x_wconf 70' lang='lat' dir='ltr'><strong>acceptiorem</strong></span> <span class='ocrx_word' id='word_1_178' title='bbox 563 2818 682 2880; x_wconf 79' lang='lat' dir='ltr'><strong>Sancti</strong></span> <span class='ocrx_word' id='word_1_179' title='bbox 709 2818 874 2885; x_wconf 78' lang='grc'><strong>0111611111.</strong></span> <span class='ocrx_word' id='word_1_180' title='bbox 1072 2819 1823 2901; x_wconf 66' lang='grc'><strong>(11116011161661066111161161611,1111111,</strong></span> 
     </span>
     <span class='ocr_line' id='line_1_26' title="bbox 445 2919 1277 3021; baseline 0.006 -17"><span class='ocrx_word' id='word_1_181' title='bbox 445 2946 481 3004; x_wconf 83' lang='lat'><strong>30</strong></span> <span class='ocrx_word' id='word_1_182' title='bbox 499 2948 613 3021; x_wconf 86' lang='lat' dir='ltr'><strong>augusti</strong></span> <span class='ocrx_word' id='word_1_183' title='bbox 629 2947 708 3006; x_wconf 77' lang='grc'><strong>1111.</strong></span> <span class='ocrx_word' id='word_1_184' title='bbox 1031 2921 1094 2981; x_wconf 72' lang='grc'><strong>001·</strong></span> <span class='ocrx_word' id='word_1_185' title='bbox 1109 2919 1277 3000; x_wconf 67' lang='lat'><strong>227⁸223·)</strong></span> 
     </span>
    </p>
   </div>
   <div class='ocr_carea' id='block_1_8' title="bbox 210 3062 938 3135">
    <p class='ocr_par' dir='ltr' id='par_1_9' title="bbox 210 3062 938 3135">
     <span class='ocr_line' id='line_1_27' title="bbox 210 3062 938 3135; baseline 0.003 -15"><span class='ocrx_word' id='word_1_186' title='bbox 210 3070 329 3133; x_wconf 83' lang='lat' dir='ltr'><strong>[Regest.,</strong></span> <span class='ocrx_word' id='word_1_187' title='bbox 340 3068 385 3121; x_wconf 87' lang='grc'><strong>111).</strong></span> <span class='ocrx_word' id='word_1_188' title='bbox 399 3070 431 3129; x_wconf 81' lang='lat' dir='ltr'><strong>X,</strong></span> <span class='ocrx_word' id='word_1_189' title='bbox 448 3070 521 3135; x_wconf 83' lang='lat' dir='ltr'><strong>epist.</strong></span> <span class='ocrx_word' id='word_1_190' title='bbox 537 3068 577 3121; x_wconf 84' lang='grc'><strong>38,</strong></span> <span class='ocrx_word' id='word_1_191' title='bbox 591 3071 648 3121; x_wconf 89' lang='lat' dir='ltr'><strong>llss.</strong></span> <span class='ocrx_word' id='word_1_192' title='bbox 665 3071 702 3121; x_wconf 88' lang='lat' dir='ltr'><strong>La</strong></span> <span class='ocrx_word' id='word_1_193' title='bbox 711 3071 788 3122; x_wconf 84' lang='lat' dir='ltr'><strong>Porto</strong></span> <span class='ocrx_word' id='word_1_194' title='bbox 797 3062 832 3122; x_wconf 83' lang='lat' dir='ltr'><strong>du</strong></span> <span class='ocrx_word' id='word_1_195' title='bbox 845 3071 938 3135; x_wconf 77' lang='lat' dir='ltr'><strong>Thali]</strong></span> 
     </span>
    </p>
   </div>
   <div class='ocr_carea' id='block_1_9' title="bbox 1031 1212 1832 1773">
    <p class='ocr_par' dir='ltr' id='par_1_10' title="bbox 1031 1212 1832 1773">
     <span class='ocr_line' id='line_1_28' title="bbox 1072 1212 1831 1287; baseline 0.003 -16"><span class='ocrx_word' id='word_1_196' title='bbox 1072 1214 1116 1271; x_wconf 81' lang='lat' dir='ltr'><strong>In</strong></span> <span class='ocrx_word' id='word_1_197' title='bbox 1139 1214 1296 1272; x_wconf 82' lang='lat' dir='ltr'><strong>eumdem</strong></span> <span class='ocrx_word' id='word_1_198' title='bbox 1316 1214 1456 1273; x_wconf 82' lang='lat' dir='ltr'><strong>modum</strong></span> <span class='ocrx_word' id='word_1_199' title='bbox 1469 1212 1639 1287; x_wconf 78' lang='lat' dir='ltr'><strong>scriplum</strong></span> <span class='ocrx_word' id='word_1_200' title='bbox 1654 1212 1745 1274; x_wconf 82' lang='lat' dir='ltr'><strong>est...</strong></span> <span class='ocrx_word' id='word_1_201' title='bbox 1761 1212 1831 1273; x_wconf 90' lang='lat' dir='ltr'><strong>No-</strong></span> 
     </span>
     <span class='ocr_line' id='line_1_29' title="bbox 1033 1308 1830 1386; baseline 0.001 -17"><span class='ocrx_word' id='word_1_202' title='bbox 1033 1308 1197 1369; x_wconf 81' lang='lat' dir='ltr'><strong>uiomensi</strong></span> <span class='ocrx_word' id='word_1_203' title='bbox 1220 1309 1386 1386; x_wconf 88' lang='lat' dir='ltr'><strong>episcopo,</strong></span> <span class='ocrx_word' id='word_1_204' title='bbox 1399 1312 1438 1370; x_wconf 90' lang='lat' dir='ltr'><strong>ut</strong></span> <span class='ocrx_word' id='word_1_205' title='bbox 1462 1309 1490 1369; x_wconf 92' lang='lat' dir='ltr'><strong>si</strong></span> <span class='ocrx_word' id='word_1_206' title='bbox 1506 1308 1631 1370; x_wconf 88' lang='lat' dir='ltr'><strong>dictum</strong></span> <span class='ocrx_word' id='word_1_207' title='bbox 1646 1308 1830 1386; x_wconf 87' lang='lat' dir='ltr'><strong>capitulum</strong></span> 
     </span>
     <span class='ocr_line' id='line_1_30' title="bbox 1033 1405 1832 1484; baseline 0.003 -19"><span class='ocrx_word' id='word_1_208' title='bbox 1033 1405 1096 1467; x_wconf 90' lang='lat' dir='ltr'><strong>boc</strong></span> <span class='ocrx_word' id='word_1_209' title='bbox 1111 1421 1177 1466; x_wconf 93' lang='lat' dir='ltr'><strong>non</strong></span> <span class='ocrx_word' id='word_1_210' title='bbox 1200 1407 1371 1468; x_wconf 81' lang='lat' dir='ltr'><strong>curaverit</strong></span> <span class='ocrx_word' id='word_1_211' title='bbox 1389 1405 1583 1482; x_wconf 90' lang='lat' dir='ltr'><strong>adimplere,</strong></span> <span class='ocrx_word' id='word_1_212' title='bbox 1598 1405 1686 1467; x_wconf 92' lang='lat' dir='ltr'><strong>idem</strong></span> <span class='ocrx_word' id='word_1_213' title='bbox 1701 1407 1832 1484; x_wconf 87' lang='lat' dir='ltr'><strong>episcc-</strong></span> 
     </span>
     <span class='ocr_line' id='line_1_31' title="bbox 1033 1502 1831 1580; baseline 0.003 -18"><span class='ocrx_word' id='word_1_214' title='bbox 1033 1518 1095 1579; x_wconf 90' lang='lat' dir='ltr'><strong>pus</strong></span> <span class='ocrx_word' id='word_1_215' title='bbox 1109 1502 1194 1566; x_wconf 87' lang='lat' dir='ltr'><strong>tales</strong></span> <span class='ocrx_word' id='word_1_216' title='bbox 1210 1518 1367 1564; x_wconf 79' lang='lat' dir='ltr'><strong>excessus</strong></span> <span class='ocrx_word' id='word_1_217' title='bbox 1382 1518 1497 1565; x_wconf 89' lang='lat' dir='ltr'><strong>eornm</strong></span> <span class='ocrx_word' id='word_1_218' title='bbox 1510 1503 1711 1566; x_wconf 88' lang='lat' dir='ltr'><strong>auctoritate</strong></span> <span class='ocrx_word' id='word_1_219' title='bbox 1726 1507 1831 1580; x_wconf 80' lang='lat' dir='ltr'><strong>Apos-</strong></span> 
     </span>
     <span class='ocr_line' id='line_1_32' title="bbox 1031 1599 1830 1678; baseline 0.003 -17"><span class='ocrx_word' id='word_1_220' title='bbox 1031 1599 1132 1662; x_wconf 79' lang='grc'><strong>161166</strong></span> <span class='ocrx_word' id='word_1_221' title='bbox 1172 1600 1341 1678; x_wconf 78' lang='lat' dir='ltr'><strong>corrigere</strong></span> <span class='ocrx_word' id='word_1_222' title='bbox 1369 1616 1435 1662; x_wconf 92' lang='lat' dir='ltr'><strong>non</strong></span> <span class='ocrx_word' id='word_1_223' title='bbox 1478 1601 1618 1664; x_wconf 87' lang='lat' dir='ltr'><strong>omittat</strong></span> <span class='ocrx_word' id='word_1_224' title='bbox 1648 1603 1770 1664; x_wconf 89' lang='lat' dir='ltr'><strong>Datum</strong></span> <span class='ocrx_word' id='word_1_225' title='bbox 1792 1604 1830 1663; x_wconf 82' lang='lat' dir='ltr'><strong>ut</strong></span> 
     </span>
     <span class='ocr_line' id='line_1_33' title="bbox 1032 1712 1151 1773; baseline 0 -14"><span class='ocrx_word' id='word_1_226' title='bbox 1032 1712 1151 1773; x_wconf 81' lang='lat' dir='ltr'><strong>supra.</strong></span> 
     </span>
    </p>
   </div>
   <div class='ocr_carea' id='block_1_10' title="bbox 196 3188 1484 3357">
    <p class='ocr_par' dir='ltr' id='par_1_11' title="bbox 196 3188 1484 3357">
     <span class='ocr_line' id='line_1_34' title="bbox 196 3188 1484 3302; baseline 0.005 -51"><span class='ocrx_word' id='word_1_227' title='bbox 196 3193 326 3268; x_wconf 80' lang='lat' dir='ltr'><strong>injungit</strong></span> <span class='ocrx_word' id='word_1_228' title='bbox 340 3194 383 3252; x_wconf 86' lang='lat' dir='ltr'><strong>eis</strong></span> <span class='ocrx_word' id='word_1_229' title='bbox 397 3202 427 3252; x_wconf 90' lang='lat' dir='ltr'><strong>ut</strong></span> <span class='ocrx_word' id='word_1_230' title='bbox 443 3188 569 3268; x_wconf 87' lang='lat' dir='ltr'><strong>ipsorum</strong></span> <span class='ocrx_word' id='word_1_231' title='bbox 590 3196 701 3253; x_wconf 88' lang='lat' dir='ltr'><strong>decano</strong></span> <span class='ocrx_word' id='word_1_232' title='bbox 716 3196 796 3269; x_wconf 91' lang='lat' dir='ltr'><strong>ipsos</strong></span> <span class='ocrx_word' id='word_1_233' title='bbox 813 3196 958 3270; x_wconf 83' lang='lat' dir='ltr'><strong>corrigere</strong></span> <span class='ocrx_word' id='word_1_234' title='bbox 1377 3216 1484 3302; x_wconf 73' lang='lat' dir='ltr'><strong>XXV</strong></span> 
     </span>
     <span class='ocr_line' id='line_1_35' title="bbox 339 3283 813 3357; baseline 0.004 -17"><span class='ocrx_word' id='word_1_235' title='bbox 339 3283 444 3340; x_wconf 86' lang='lat' dir='ltr'><strong>volenti</strong></span> <span class='ocrx_word' id='word_1_236' title='bbox 462 3283 655 3341; x_wconf 87' lang='lat' dir='ltr'><strong>obedientlam</strong></span> <span class='ocrx_word' id='word_1_237' title='bbox 670 3292 813 3357; x_wconf 72' lang='lat' dir='ltr'><strong>prestent.</strong></span> 
     </span>
    </p>
   </div>
   <div class='ocr_carea' id='block_1_11' title="bbox 219 3375 1823 3487">
    <p class='ocr_par' dir='ltr' id='par_1_12' title="bbox 219 3375 1823 3487">
     <span class='ocr_line' id='line_1_36' title="bbox 219 3375 1823 3487; baseline -0.007 -17"><span class='ocrx_word' id='word_1_238' title='bbox 219 3410 386 3471; x_wconf 88' lang='lat' dir='ltr'><strong>Honorius</strong></span> <span class='ocrx_word' id='word_1_239' title='bbox 395 3410 583 3487; x_wconf 86' lang='lat' dir='ltr'><strong>episcopus,</strong></span> <span class='ocrx_word' id='word_1_240' title='bbox 593 3426 711 3472; x_wconf 86' lang='lat' dir='ltr'><strong>servus</strong></span> <span class='ocrx_word' id='word_1_241' title='bbox 720 3427 891 3474; x_wconf 83' lang='lat' dir='ltr'><strong>servorum</strong></span> <span class='ocrx_word' id='word_1_242' title='bbox 902 3413 973 3484; x_wconf 86' lang='lat' dir='ltr'><strong>Dei,</strong></span> <span class='ocrx_word' id='word_1_243' title='bbox 1030 3375 1082 3437; x_wconf 60' lang='grc'><strong>00</strong></span> <span class='ocrx_word' id='word_1_244' title='bbox 1095 3378 1341 3438; x_wconf 53' lang='lat' dir='ltr'><strong><em>mmmmm</em></strong></span> <span class='ocrx_word' id='word_1_245' title='bbox 1354 3376 1390 3436; x_wconf 63' lang='grc'><strong>01</strong></span> <span class='ocrx_word' id='word_1_246' title='bbox 1401 3378 1628 3438; x_wconf 54' lang='lat' dir='ltr'><strong>mmmm</strong></span> <span class='ocrx_word' id='word_1_247' title='bbox 1638 3378 1823 3452; x_wconf 66' lang='grc'><strong>0100001000·</strong></span> 
     </span>
    </p>
   </div>
   <div class='ocr_carea' id='block_1_12' title="bbox 178 3506 1679 3703">
    <p class='ocr_par' dir='ltr' id='par_1_13' title="bbox 178 3506 1679 3703">
     <span class='ocr_line' id='line_1_37' title="bbox 179 3506 1558 3594; baseline 0.004 -27"><span class='ocrx_word' id='word_1_248' title='bbox 179 3506 310 3568; x_wconf 87' lang='lat' dir='ltr'><strong>dilectis</strong></span> <span class='ocrx_word' id='word_1_249' title='bbox 334 3506 413 3568; x_wconf 88' lang='lat' dir='ltr'><strong>liliis</strong></span> <span class='ocrx_word' id='word_1_250' title='bbox 435 3507 581 3583; x_wconf 90' lang='lat' dir='ltr'><strong>capitulo</strong></span> <span class='ocrx_word' id='word_1_251' title='bbox 596 3510 711 3571; x_wconf 87' lang='lat' dir='ltr'><strong>Sancti</strong></span> <span class='ocrx_word' id='word_1_252' title='bbox 727 3509 889 3582; x_wconf 87' lang='lat' dir='ltr'><strong>Quintini,</strong></span> <span class='ocrx_word' id='word_1_253' title='bbox 905 3511 977 3572; x_wconf 90' lang='lat' dir='ltr'><strong>No·</strong></span> <span class='ocrx_word' id='word_1_254' title='bbox 1183 3586 1188 3594; x_wconf 19' lang='grc' dir='ltr'>ι</span> <span class='ocrx_word' id='word_1_255' title='bbox 1296 3513 1461 3587; x_wconf 86' lang='lat' dir='ltr'><strong>leoptemb.</strong></span> <span class='ocrx_word' id='word_1_256' title='bbox 1479 3515 1558 3572; x_wconf 79' lang='grc'><strong>1111.</strong></span> 
     </span>
     <span class='ocr_line' id='line_1_38' title="bbox 178 3603 1679 3703; baseline 0.003 -38"><span class='ocrx_word' id='word_1_257' title='bbox 178 3603 360 3666; x_wconf 82' lang='lat' dir='ltr'><strong>viennensis</strong></span> <span class='ocrx_word' id='word_1_258' title='bbox 385 3604 550 3677; x_wconf 69' lang='lat' dir='ltr'><strong>dioecesis</strong></span> <span class='ocrx_word' id='word_1_259' title='bbox 572 3605 715 3667; x_wconf 89' lang='lat' dir='ltr'><strong>salutem</strong></span> <span class='ocrx_word' id='word_1_260' title='bbox 740 3608 774 3668; x_wconf 93' lang='lat' dir='ltr'><strong>et</strong></span> <span class='ocrx_word' id='word_1_261' title='bbox 802 3607 973 3683; x_wconf 82' lang='lat' dir='ltr'><strong>Apostoli·</strong></span> <span class='ocrx_word' id='word_1_262' title='bbox 1176 3638 1266 3703; x_wconf 49' lang='lat' dir='ltr'><strong>[pq-0„</strong></span> <span class='ocrx_word' id='word_1_263' title='bbox 1277 3636 1337 3688; x_wconf 84' lang='lat' dir='ltr'><strong>cod.</strong></span> <span class='ocrx_word' id='word_1_264' title='bbox 1347 3637 1411 3703; x_wconf 83' lang='lat' dir='ltr'><strong>dipl.</strong></span> <span class='ocrx_word' id='word_1_265' title='bbox 1420 3638 1511 3702; x_wconf 80' lang='lat' dir='ltr'><strong>flung,</strong></span> <span class='ocrx_word' id='word_1_266' title='bbox 1527 3637 1569 3695; x_wconf 84' lang='lat'><strong>111,</strong></span> <span class='ocrx_word' id='word_1_267' title='bbox 1585 3638 1679 3700; x_wconf 50' lang='grc' dir='ltr'><strong>,Μ</strong></span> 
     </span>
    </p>
   </div>
   <div class='ocr_carea' id='block_1_13' title="bbox 179 3700 1824 3876">
    <p class='ocr_par' dir='ltr' id='par_1_14' title="bbox 179 3700 1824 3876">
     <span class='ocr_line' id='line_1_39' title="bbox 179 3700 1742 3776; baseline 0.009 -14"><span class='ocrx_word' id='word_1_268' title='bbox 179 3700 542 3763; x_wconf 89' lang='lat' dir='ltr'><strong>cambenedictionem.</strong></span> <span class='ocrx_word' id='word_1_269' title='bbox 1056 3765 1061 3776; x_wconf 90' lang='grc'>,</span> <span class='ocrx_word' id='word_1_270' title='bbox 1486 3762 1493 3775; x_wconf 91' lang='grc'><strong>.</strong></span> <span class='ocrx_word' id='word_1_271' title='bbox 1651 3763 1658 3776; x_wconf 89' lang='grc'><strong>.</strong></span> <span class='ocrx_word' id='word_1_272' title='bbox 1736 3764 1742 3776; x_wconf 94' lang='grc'><strong>.</strong></span> 
     </span>
     <span class='ocr_line' id='line_1_40' title="bbox 219 3761 1824 3876; baseline 0.004 -60"><span class='ocrx_word' id='word_1_273' title='bbox 219 3799 384 3870; x_wconf 62' lang='lat' dir='ltr'><strong>Quoniam</strong></span> <span class='ocrx_word' id='word_1_274' title='bbox 406 3799 505 3876; x_wconf 59' lang='lat' dir='ltr'><strong>proni</strong></span> <span class='ocrx_word' id='word_1_275' title='bbox 527 3803 605 3862; x_wconf 62' lang='lat' dir='ltr'>sunt</span> <span class='ocrx_word' id='word_1_276' title='bbox 627 3801 772 3863; x_wconf 63' lang='lat' dir='ltr'>hominis</span> <span class='ocrx_word' id='word_1_277' title='bbox 791 3818 912 3864; x_wconf 64' lang='lat' dir='ltr'>sensus</span> <span class='ocrx_word' id='word_1_278' title='bbox 932 3800 974 3863; x_wconf 60' lang='lat' dir='ltr'><strong>ad</strong></span> <span class='ocrx_word' id='word_1_279' title='bbox 1029 3766 1080 3822; x_wconf 82' lang='lat' dir='ltr'><strong>Eis</strong></span> <span class='ocrx_word' id='word_1_280' title='bbox 1092 3761 1208 3821; x_wconf 88' lang='lat' dir='ltr'><strong>mandat</strong></span> <span class='ocrx_word' id='word_1_281' title='bbox 1225 3770 1255 3820; x_wconf 92' lang='lat' dir='ltr'><strong>ut</strong></span> <span class='ocrx_word' id='word_1_282' title='bbox 1280 3778 1366 3836; x_wconf 82' lang='lat' dir='ltr'><strong>super</strong></span> <span class='ocrx_word' id='word_1_283' title='bbox 1384 3762 1549 3820; x_wconf 80' lang='lat' dir='ltr'><strong>excessibus</strong></span> <span class='ocrx_word' id='word_1_284' title='bbox 1570 3762 1824 3836; x_wconf 83' lang='lat' dir='ltr'><strong>liospstalarrcrun</strong></span> 
     </span>
    </p>
   </div>
   <div class='ocr_carea' id='block_1_14' title="bbox 178 3850 1798 3977">
    <p class='ocr_par' dir='ltr' id='par_1_15' title="bbox 178 3850 1798 3977">
     <span class='ocr_line' id='line_1_41' title="bbox 830 3850 1798 3921; baseline -0.004 -10"><span class='ocrx_word' id='word_1_285' title='bbox 830 3899 835 3911; x_wconf 95' lang='lat'><strong>.</strong></span> <span class='ocrx_word' id='word_1_286' title='bbox 1055 3853 1083 3910; x_wconf 89' lang='lat' dir='ltr'><strong>S.</strong></span> <span class='ocrx_word' id='word_1_287' title='bbox 1100 3852 1198 3912; x_wconf 87' lang='lat' dir='ltr'><strong>llariae</strong></span> <span class='ocrx_word' id='word_1_288' title='bbox 1212 3850 1625 3921; x_wconf 86' lang='lat' dir='ltr'><strong>Tbeutonicorum,verilatem</strong></span> <span class='ocrx_word' id='word_1_289' title='bbox 1638 3852 1798 3910; x_wconf 77' lang='lat' dir='ltr'><strong>inueniant.</strong></span> 
     </span>
     <span class='ocr_line' id='line_1_42' title="bbox 178 3897 976 3977; baseline 0.005 -20"><span class='ocrx_word' id='word_1_290' title='bbox 178 3897 315 3968; x_wconf 90' lang='lat' dir='ltr'><strong>malum,</strong></span> <span class='ocrx_word' id='word_1_291' title='bbox 331 3898 364 3959; x_wconf 92' lang='lat' dir='ltr'><strong>et</strong></span> <span class='ocrx_word' id='word_1_292' title='bbox 384 3898 488 3959; x_wconf 90' lang='lat' dir='ltr'><strong>multa</strong></span> <span class='ocrx_word' id='word_1_293' title='bbox 512 3914 555 3960; x_wconf 81' lang='lat' dir='ltr'><strong>ex</strong></span> <span class='ocrx_word' id='word_1_294' title='bbox 574 3898 705 3961; x_wconf 86' lang='lat' dir='ltr'><strong>delectu</strong></span> <span class='ocrx_word' id='word_1_295' title='bbox 724 3914 976 3977; x_wconf 69' lang='grc'><strong>1161116161-</strong></span> 
     </span>
    </p>
   </div>
   <div class='ocr_carea' id='block_1_15' title="bbox 175 3993 1825 5725">
    <p class='ocr_par' dir='ltr' id='par_1_16' title="bbox 178 3993 1824 4171">
     <span class='ocr_line' id='line_1_43' title="bbox 178 3993 1824 4073; baseline 0.001 -19"><span class='ocrx_word' id='word_1_296' title='bbox 178 3993 271 4055; x_wconf 84' lang='lat' dir='ltr'><strong>nulla</strong></span> <span class='ocrx_word' id='word_1_297' title='bbox 285 4009 365 4056; x_wconf 83' lang='lat' dir='ltr'><strong>vero</strong></span> <span class='ocrx_word' id='word_1_298' title='bbox 378 4011 422 4056; x_wconf 84' lang='lat' dir='ltr'><strong>ex</strong></span> <span class='ocrx_word' id='word_1_299' title='bbox 434 3994 544 4057; x_wconf 91' lang='lat' dir='ltr'><strong>aliena</strong></span> <span class='ocrx_word' id='word_1_300' title='bbox 559 3995 698 4068; x_wconf 89' lang='lat' dir='ltr'><strong>malitia,</strong></span> <span class='ocrx_word' id='word_1_301' title='bbox 716 4012 789 4073; x_wconf 88' lang='lat' dir='ltr'><strong>quae</strong></span> <span class='ocrx_word' id='word_1_302' title='bbox 804 4013 872 4058; x_wconf 92' lang='lat' dir='ltr'><strong>non</strong></span> <span class='ocrx_word' id='word_1_303' title='bbox 888 4012 974 4060; x_wconf 89' lang='lat' dir='ltr'><strong>con·</strong></span> <span class='ocrx_word' id='word_1_304' title='bbox 1070 3996 1248 4068; x_wconf 87' lang='lat' dir='ltr'><strong>Honorius,</strong></span> <span class='ocrx_word' id='word_1_305' title='bbox 1273 3997 1349 4069; x_wconf 83' lang='lat' dir='ltr'><strong>etc,</strong></span> <span class='ocrx_word' id='word_1_306' title='bbox 1375 3995 1575 4058; x_wconf 84' lang='lat' dir='ltr'><strong>Varadiensi</strong></span> <span class='ocrx_word' id='word_1_307' title='bbox 1596 3995 1629 4057; x_wconf 89' lang='grc'><strong>61</strong></span> <span class='ocrx_word' id='word_1_308' title='bbox 1649 3997 1824 4058; x_wconf 82' lang='lat' dir='ltr'><strong>Geuriensi</strong></span> 
     </span>
     <span class='ocr_line' id='line_1_44' title="bbox 178 4092 1286 4171; baseline 0 -18"><span class='ocrx_word' id='word_1_309' title='bbox 178 4092 328 4163; x_wconf 76' lang='lat' dir='ltr'><strong>ueniunt,</strong></span> <span class='ocrx_word' id='word_1_310' title='bbox 341 4092 602 4165; x_wconf 89' lang='lat' dir='ltr'><strong>committuntur,</strong></span> <span class='ocrx_word' id='word_1_311' title='bbox 619 4094 782 4171; x_wconf 83' lang='lat' dir='ltr'><strong>extirpari</strong></span> <span class='ocrx_word' id='word_1_312' title='bbox 796 4093 976 4156; x_wconf 81' lang='grc'><strong>116161111-</strong></span> <span class='ocrx_word' id='word_1_313' title='bbox 1030 4094 1206 4171; x_wconf 87' lang='lat' dir='ltr'><strong>episcopis,</strong></span> <span class='ocrx_word' id='word_1_314' title='bbox 1224 4096 1286 4156; x_wconf 93' lang='lat' dir='ltr'><strong>etc.</strong></span> 
     </span>
    </p>

    <p class='ocr_par' dir='ltr' id='par_1_17' title="bbox 175 4188 1825 5725">
     <span class='ocr_line' id='line_1_45' title="bbox 176 4188 1825 4268; baseline -0.001 -17"><span class='ocrx_word' id='word_1_315' title='bbox 176 4188 235 4260; x_wconf 90' lang='lat' dir='ltr'><strong>tia,</strong></span> <span class='ocrx_word' id='word_1_316' title='bbox 268 4190 415 4252; x_wconf 87' lang='lat' dir='ltr'><strong>resecari</strong></span> <span class='ocrx_word' id='word_1_317' title='bbox 442 4191 572 4261; x_wconf 83' lang='lat' dir='ltr'><strong>nociva,</strong></span> <span class='ocrx_word' id='word_1_318' title='bbox 606 4190 756 4253; x_wconf 88' lang='lat' dir='ltr'><strong>salubria</strong></span> <span class='ocrx_word' id='word_1_319' title='bbox 791 4191 906 4265; x_wconf 89' lang='lat' dir='ltr'><strong>inseri,</strong></span> <span class='ocrx_word' id='word_1_320' title='bbox 943 4194 976 4255; x_wconf 91' lang='lat' dir='ltr'><strong>et</strong></span> <span class='ocrx_word' id='word_1_321' title='bbox 1069 4190 1271 4253; x_wconf 87' lang='lat' dir='ltr'><strong>Detestabile</strong></span> <span class='ocrx_word' id='word_1_322' title='bbox 1284 4205 1415 4268; x_wconf 87' lang='lat' dir='ltr'><strong>semper</strong></span> <span class='ocrx_word' id='word_1_323' title='bbox 1433 4192 1484 4252; x_wconf 91' lang='lat' dir='ltr'><strong>est</strong></span> <span class='ocrx_word' id='word_1_324' title='bbox 1504 4189 1757 4265; x_wconf 85' lang='lat' dir='ltr'><strong>ingratitudinis</strong></span> <span class='ocrx_word' id='word_1_325' title='bbox 1774 4190 1825 4251; x_wconf 86' lang='lat' dir='ltr'><strong>ri-</strong></span> 
     </span>
     <span class='ocr_line' id='line_1_46' title="bbox 178 4285 1823 4367; baseline 0.001 -20"><span class='ocrx_word' id='word_1_326' title='bbox 178 4285 323 4363; x_wconf 88' lang='lat' dir='ltr'><strong>plantari</strong></span> <span class='ocrx_word' id='word_1_327' title='bbox 347 4288 499 4348; x_wconf 83' lang='lat' dir='ltr'><strong>virtutes.</strong></span> <span class='ocrx_word' id='word_1_328' title='bbox 522 4287 750 4349; x_wconf 83' lang='lat' dir='ltr'><strong>Intelleximus</strong></span> <span class='ocrx_word' id='word_1_329' title='bbox 778 4305 870 4362; x_wconf 89' lang='lat' dir='ltr'><strong>sane,</strong></span> <span class='ocrx_word' id='word_1_330' title='bbox 888 4290 975 4367; x_wconf 90' lang='lat' dir='ltr'><strong>quod</strong></span> <span class='ocrx_word' id='word_1_331' title='bbox 1029 4290 1124 4361; x_wconf 90' lang='lat' dir='ltr'><strong>tium,</strong></span> <span class='ocrx_word' id='word_1_332' title='bbox 1139 4304 1204 4365; x_wconf 93' lang='lat' dir='ltr'><strong>quo</strong></span> <span class='ocrx_word' id='word_1_333' title='bbox 1215 4288 1290 4365; x_wconf 91' lang='lat' dir='ltr'><strong>quis</strong></span> <span class='ocrx_word' id='word_1_334' title='bbox 1304 4289 1431 4364; x_wconf 91' lang='lat' dir='ltr'><strong>accepti</strong></span> <span class='ocrx_word' id='word_1_335' title='bbox 1451 4286 1603 4348; x_wconf 83' lang='lat' dir='ltr'><strong>beneficii</strong></span> <span class='ocrx_word' id='word_1_336' title='bbox 1618 4285 1823 4349; x_wconf 88' lang='lat' dir='ltr'><strong>etbenelac-</strong></span> 
     </span>
     <span class='ocr_line' id='line_1_47' title="bbox 176 4383 1825 4462; baseline 0 -16"><span class='ocrx_word' id='word_1_337' title='bbox 176 4398 251 4447; x_wconf 87' lang='lat' dir='ltr'><strong>cum</strong></span> <span class='ocrx_word' id='word_1_338' title='bbox 265 4383 369 4460; x_wconf 88' lang='lat' dir='ltr'><strong>aliqui</strong></span> <span class='ocrx_word' id='word_1_339' title='bbox 384 4386 532 4446; x_wconf 79' lang='lat' dir='ltr'><strong>restrum</strong></span> <span class='ocrx_word' id='word_1_340' title='bbox 547 4384 677 4462; x_wconf 89' lang='lat' dir='ltr'><strong>aliquos</strong></span> <span class='ocrx_word' id='word_1_341' title='bbox 695 4387 904 4450; x_wconf 87' lang='lat' dir='ltr'><strong>committunt</strong></span> <span class='ocrx_word' id='word_1_342' title='bbox 918 4403 975 4449; x_wconf 84' lang='lat' dir='ltr'><strong>ex·</strong></span> <span class='ocrx_word' id='word_1_343' title='bbox 1029 4387 1111 4448; x_wconf 88' lang='lat' dir='ltr'><strong>toris</strong></span> <span class='ocrx_word' id='word_1_344' title='bbox 1126 4386 1179 4446; x_wconf 90' lang='lat' dir='ltr'><strong>sui</strong></span> <span class='ocrx_word' id='word_1_345' title='bbox 1199 4386 1326 4461; x_wconf 89' lang='lat' dir='ltr'><strong>pariter</strong></span> <span class='ocrx_word' id='word_1_346' title='bbox 1340 4385 1558 4456; x_wconf 83' lang='lat' dir='ltr'><strong>obliviscitur,</strong></span> <span class='ocrx_word' id='word_1_347' title='bbox 1577 4400 1652 4444; x_wconf 89' lang='lat' dir='ltr'><strong>cum</strong></span> <span class='ocrx_word' id='word_1_348' title='bbox 1670 4384 1713 4445; x_wconf 86' lang='lat' dir='ltr'><strong>ad</strong></span> <span class='ocrx_word' id='word_1_349' title='bbox 1737 4384 1825 4446; x_wconf 89' lang='lat' dir='ltr'><strong>anti·</strong></span> 
     </span>
     <span class='ocr_line' id='line_1_48' title="bbox 176 4480 1824 4562; baseline -0.001 -19"><span class='ocrx_word' id='word_1_350' title='bbox 176 4497 301 4554; x_wconf 88' lang='lat' dir='ltr'><strong>cessus,</strong></span> <span class='ocrx_word' id='word_1_351' title='bbox 325 4482 565 4544; x_wconf 89' lang='lat' dir='ltr'><strong>correctionem</strong></span> <span class='ocrx_word' id='word_1_352' title='bbox 592 4483 645 4544; x_wconf 89' lang='lat' dir='ltr'><strong>sui</strong></span> <span class='ocrx_word' id='word_1_353' title='bbox 673 4484 793 4546; x_wconf 87' lang='lat' dir='ltr'><strong>decani</strong></span> <span class='ocrx_word' id='word_1_354' title='bbox 822 4485 975 4562; x_wconf 89' lang='lat' dir='ltr'><strong>recipere</strong></span> <span class='ocrx_word' id='word_1_355' title='bbox 1030 4484 1106 4546; x_wconf 88' lang='lat' dir='ltr'><strong>dota</strong></span> <span class='ocrx_word' id='word_1_356' title='bbox 1122 4482 1263 4560; x_wconf 87' lang='lat' dir='ltr'><strong>quilibet</strong></span> <span class='ocrx_word' id='word_1_357' title='bbox 1286 4482 1486 4543; x_wconf 87' lang='lat' dir='ltr'><strong>naturaliter</strong></span> <span class='ocrx_word' id='word_1_358' title='bbox 1506 4480 1682 4557; x_wconf 88' lang='lat' dir='ltr'><strong>obligetur.</strong></span> <span class='ocrx_word' id='word_1_359' title='bbox 1701 4483 1824 4543; x_wconf 82' lang='lat' dir='ltr'><strong>verum</strong></span> 
     </span>
     <span class='ocr_line' id='line_1_49' title="bbox 177 4576 1822 4659; baseline -0.001 -18"><span class='ocrx_word' id='word_1_360' title='bbox 177 4579 433 4642; x_wconf 88' lang='lat' dir='ltr'><strong>contradicunt:</strong></span> <span class='ocrx_word' id='word_1_361' title='bbox 460 4580 726 4659; x_wconf 87' lang='lat' dir='ltr'><strong>licetsicutipse</strong></span> <span class='ocrx_word' id='word_1_362' title='bbox 748 4581 895 4643; x_wconf 89' lang='lat' dir='ltr'><strong>decanus</strong></span> <span class='ocrx_word' id='word_1_363' title='bbox 913 4598 973 4644; x_wconf 90' lang='lat' dir='ltr'><strong>as·</strong></span> <span class='ocrx_word' id='word_1_364' title='bbox 1029 4597 1071 4642; x_wconf 89' lang='lat' dir='ltr'><strong>ca</strong></span> <span class='ocrx_word' id='word_1_365' title='bbox 1104 4579 1310 4656; x_wconf 87' lang='lat' dir='ltr'><strong>ingratitudo</strong></span> <span class='ocrx_word' id='word_1_366' title='bbox 1345 4576 1573 4641; x_wconf 89' lang='lat' dir='ltr'><strong>detestabilior</strong></span> <span class='ocrx_word' id='word_1_367' title='bbox 1604 4578 1822 4654; x_wconf 87' lang='lat' dir='ltr'><strong>dignoscitur,</strong></span> 
     </span>
     <span class='ocr_line' id='line_1_50' title="bbox 178 4676 1821 4755; baseline -0.001 -17"><span class='ocrx_word' id='word_1_368' title='bbox 178 4677 261 4738; x_wconf 89' lang='lat' dir='ltr'><strong>serit</strong></span> <span class='ocrx_word' id='word_1_369' title='bbox 273 4678 461 4739; x_wconf 84' lang='lat' dir='ltr'><strong>vestrarum</strong></span> <span class='ocrx_word' id='word_1_370' title='bbox 485 4694 600 4740; x_wconf 91' lang='lat' dir='ltr'><strong>curam</strong></span> <span class='ocrx_word' id='word_1_371' title='bbox 623 4678 745 4740; x_wconf 89' lang='lat' dir='ltr'><strong>habeat</strong></span> <span class='ocrx_word' id='word_1_372' title='bbox 772 4679 972 4751; x_wconf 90' lang='lat' dir='ltr'><strong>animarum,</strong></span> <span class='ocrx_word' id='word_1_373' title='bbox 1030 4696 1104 4740; x_wconf 87' lang='lat' dir='ltr'><strong>cum</strong></span> <span class='ocrx_word' id='word_1_374' title='bbox 1118 4679 1203 4755; x_wconf 88' lang='lat' dir='ltr'><strong>quis,</strong></span> <span class='ocrx_word' id='word_1_375' title='bbox 1220 4692 1287 4738; x_wconf 91' lang='lat' dir='ltr'><strong>non</strong></span> <span class='ocrx_word' id='word_1_376' title='bbox 1306 4676 1414 4737; x_wconf 90' lang='lat' dir='ltr'><strong>solum</strong></span> <span class='ocrx_word' id='word_1_377' title='bbox 1426 4691 1493 4737; x_wconf 92' lang='lat' dir='ltr'><strong>non</strong></span> <span class='ocrx_word' id='word_1_378' title='bbox 1513 4676 1565 4738; x_wconf 84' lang='lat' dir='ltr'><strong>est</strong></span> <span class='ocrx_word' id='word_1_379' title='bbox 1575 4691 1703 4737; x_wconf 90' lang='lat' dir='ltr'><strong>memor</strong></span> <span class='ocrx_word' id='word_1_380' title='bbox 1718 4676 1821 4747; x_wconf 88' lang='lat' dir='ltr'><strong>illius,</strong></span> 
     </span>
     <span class='ocr_line' id='line_1_51' title="bbox 177 4771 1823 4854; baseline -0.001 -18"><span class='ocrx_word' id='word_1_381' title='bbox 177 4779 211 4837; x_wconf 91' lang='lat' dir='ltr'><strong>et</strong></span> <span class='ocrx_word' id='word_1_382' title='bbox 224 4774 348 4850; x_wconf 89' lang='lat' dir='ltr'><strong>singuli</strong></span> <span class='ocrx_word' id='word_1_383' title='bbox 363 4778 509 4836; x_wconf 79' lang='lat' dir='ltr'><strong>uestrum</strong></span> <span class='ocrx_word' id='word_1_384' title='bbox 532 4775 754 4837; x_wconf 88' lang='lat' dir='ltr'><strong>obedientiam</strong></span> <span class='ocrx_word' id='word_1_385' title='bbox 781 4776 813 4837; x_wconf 88' lang='lat' dir='ltr'><strong>ei</strong></span> <span class='ocrx_word' id='word_1_386' title='bbox 835 4776 975 4839; x_wconf 87' lang='lat' dir='ltr'><strong>iecerint</strong></span> <span class='ocrx_word' id='word_1_387' title='bbox 1028 4792 1048 4837; x_wconf 95' lang='lat' dir='ltr'><strong>a</strong></span> <span class='ocrx_word' id='word_1_388' title='bbox 1076 4792 1141 4854; x_wconf 91' lang='lat' dir='ltr'><strong>quo</strong></span> <span class='ocrx_word' id='word_1_389' title='bbox 1166 4791 1202 4837; x_wconf 89' lang='lat' dir='ltr'><strong>se</strong></span> <span class='ocrx_word' id='word_1_390' title='bbox 1229 4775 1321 4837; x_wconf 88' lang='lat' dir='ltr'><strong>novit</strong></span> <span class='ocrx_word' id='word_1_391' title='bbox 1342 4772 1539 4835; x_wconf 79' lang='lat' dir='ltr'><strong>beneficium</strong></span> <span class='ocrx_word' id='word_1_392' title='bbox 1562 4773 1740 4849; x_wconf 84' lang='lat' dir='ltr'><strong>recepisse,</strong></span> <span class='ocrx_word' id='word_1_393' title='bbox 1767 4771 1823 4834; x_wconf 92' lang='lat' dir='ltr'><strong>sed</strong></span> 
     </span>
     <span class='ocr_line' id='line_1_52' title="bbox 176 4869 1824 4951; baseline -0.001 -18"><span class='ocrx_word' id='word_1_394' title='bbox 176 4873 377 4935; x_wconf 87' lang='lat' dir='ltr'><strong>manualem.</strong></span> <span class='ocrx_word' id='word_1_395' title='bbox 398 4872 558 4936; x_wconf 91' lang='lat' dir='ltr'><strong>Nolentes</strong></span> <span class='ocrx_word' id='word_1_396' title='bbox 571 4874 685 4950; x_wconf 89' lang='lat' dir='ltr'><strong>igitur,</strong></span> <span class='ocrx_word' id='word_1_397' title='bbox 705 4874 791 4951; x_wconf 88' lang='lat' dir='ltr'><strong>quod</strong></span> <span class='ocrx_word' id='word_1_398' title='bbox 816 4889 974 4937; x_wconf 83' lang='lat' dir='ltr'><strong>excessus</strong></span> <span class='ocrx_word' id='word_1_399' title='bbox 1028 4873 1152 4935; x_wconf 90' lang='lat' dir='ltr'><strong>malum</strong></span> <span class='ocrx_word' id='word_1_400' title='bbox 1168 4873 1199 4935; x_wconf 93' lang='lat' dir='ltr'><strong>ei</strong></span> <span class='ocrx_word' id='word_1_401' title='bbox 1215 4888 1275 4950; x_wconf 92' lang='lat' dir='ltr'><strong>pro</strong></span> <span class='ocrx_word' id='word_1_402' title='bbox 1297 4871 1387 4932; x_wconf 91' lang='lat' dir='ltr'><strong>bono</strong></span> <span class='ocrx_word' id='word_1_403' title='bbox 1401 4870 1565 4940; x_wconf 91' lang='lat' dir='ltr'><strong>retribuit,</strong></span> <span class='ocrx_word' id='word_1_404' title='bbox 1582 4869 1743 4931; x_wconf 92' lang='lat' dir='ltr'><strong>etodium</strong></span> <span class='ocrx_word' id='word_1_405' title='bbox 1766 4884 1824 4947; x_wconf 89' lang='lat' dir='ltr'><strong>pro</strong></span> 
     </span>
     <span class='ocr_line' id='line_1_53' title="bbox 176 4966 1822 5047; baseline -0.002 -15"><span class='ocrx_word' id='word_1_406' title='bbox 176 4971 281 5033; x_wconf 84' lang='lat' dir='ltr'><strong>vestri</strong></span> <span class='ocrx_word' id='word_1_407' title='bbox 303 4974 499 5033; x_wconf 90' lang='lat' dir='ltr'><strong>remaneant</strong></span> <span class='ocrx_word' id='word_1_408' title='bbox 524 4972 559 5032; x_wconf 94' lang='lat' dir='ltr'><strong>in</strong></span> <span class='ocrx_word' id='word_1_409' title='bbox 583 4974 770 5034; x_wconf 79' lang='lat' dir='ltr'><strong>vestrarum</strong></span> <span class='ocrx_word' id='word_1_410' title='bbox 786 4973 974 5034; x_wconf 90' lang='lat' dir='ltr'><strong>animarum</strong></span> <span class='ocrx_word' id='word_1_411' title='bbox 1028 4987 1153 5033; x_wconf 89' lang='lat' dir='ltr'><strong>amore.</strong></span> <span class='ocrx_word' id='word_1_412' title='bbox 1191 4970 1423 5047; x_wconf 76' lang='lat' dir='ltr'><strong>conquerente</strong></span> <span class='ocrx_word' id='word_1_413' title='bbox 1458 4983 1539 5030; x_wconf 89' lang='lat' dir='ltr'><strong>sane</strong></span> <span class='ocrx_word' id='word_1_414' title='bbox 1570 4966 1751 5029; x_wconf 74' lang='lat' dir='ltr'><strong>&#39;carissimo</strong></span> <span class='ocrx_word' id='word_1_415' title='bbox 1789 4967 1822 5028; x_wconf 90' lang='lat' dir='ltr'><strong>in</strong></span> 
     </span>
     <span class='ocr_line' id='line_1_54' title="bbox 175 5061 1821 5146; baseline -0.003 -16"><span class='ocrx_word' id='word_1_416' title='bbox 175 5067 361 5146; x_wconf 88' lang='lat' dir='ltr'><strong>periculum</strong></span> <span class='ocrx_word' id='word_1_417' title='bbox 385 5069 576 5140; x_wconf 88' lang='lat' dir='ltr'><strong>incorrecti,</strong></span> <span class='ocrx_word' id='word_1_418' title='bbox 594 5071 627 5130; x_wconf 90' lang='lat' dir='ltr'><strong>ct</strong></span> <span class='ocrx_word' id='word_1_419' title='bbox 654 5085 697 5130; x_wconf 80' lang='lat' dir='ltr'><strong>ex</strong></span> <span class='ocrx_word' id='word_1_420' title='bbox 722 5069 834 5131; x_wconf 84' lang='lat' dir='ltr'><strong>cilicio</strong></span> <span class='ocrx_word' id='word_1_421' title='bbox 858 5071 974 5131; x_wconf 91' lang='lat' dir='ltr'><strong>nostro</strong></span> <span class='ocrx_word' id='word_1_422' title='bbox 1029 5069 1160 5130; x_wconf 85' lang='lat' dir='ltr'><strong>cbristo</strong></span> <span class='ocrx_word' id='word_1_423' title='bbox 1180 5068 1250 5128; x_wconf 82' lang='lat' dir='ltr'><strong>illio</strong></span> <span class='ocrx_word' id='word_1_424' title='bbox 1276 5069 1390 5129; x_wconf 87' lang='lat' dir='ltr'><strong>nostro</strong></span> <span class='ocrx_word' id='word_1_425' title='bbox 1418 5061 1576 5146; x_wconf 73' lang='lat' dir='ltr'><strong>nlndrea]</strong></span> <span class='ocrx_word' id='word_1_426' title='bbox 1596 5064 1722 5127; x_wconf 92' lang='lat' dir='ltr'><strong>illustri</strong></span> <span class='ocrx_word' id='word_1_427' title='bbox 1745 5079 1821 5142; x_wconf 86' lang='lat' dir='ltr'><strong>rege</strong></span> 
     </span>
     <span class='ocr_line' id='line_1_55' title="bbox 176 5162 1823 5242; baseline -0.003 -15"><span class='ocrx_word' id='word_1_428' title='bbox 176 5180 278 5242; x_wconf 82' lang='lat' dir='ltr'><strong>super</strong></span> <span class='ocrx_word' id='word_1_429' title='bbox 297 5164 500 5242; x_wconf 87' lang='lat' dir='ltr'><strong>hujusmodi,</strong></span> <span class='ocrx_word' id='word_1_430' title='bbox 515 5164 591 5225; x_wconf 90' lang='lat' dir='ltr'><strong>dum</strong></span> <span class='ocrx_word' id='word_1_431' title='bbox 608 5164 650 5225; x_wconf 88' lang='lat' dir='ltr'><strong>lis</strong></span> <span class='ocrx_word' id='word_1_432' title='bbox 664 5165 751 5226; x_wconf 92' lang='lat' dir='ltr'><strong>inter</strong></span> <span class='ocrx_word' id='word_1_433' title='bbox 765 5181 836 5239; x_wconf 87' lang='lat' dir='ltr'><strong>vos,</strong></span> <span class='ocrx_word' id='word_1_434' title='bbox 852 5167 974 5228; x_wconf 85' lang='lat' dir='ltr'><strong>eleum</strong></span> <span class='ocrx_word' id='word_1_435' title='bbox 1028 5165 1221 5242; x_wconf 87' lang='lat' dir='ltr'><strong>Hungariae‚</strong></span> <span class='ocrx_word' id='word_1_436' title='bbox 1234 5180 1297 5242; x_wconf 88' lang='lat' dir='ltr'><strong>per</strong></span> <span class='ocrx_word' id='word_1_437' title='bbox 1308 5165 1462 5226; x_wconf 88' lang='lat' dir='ltr'><strong>dilectum</strong></span> <span class='ocrx_word' id='word_1_438' title='bbox 1481 5162 1587 5223; x_wconf 85' lang='lat' dir='ltr'><strong>illium</strong></span> <span class='ocrx_word' id='word_1_439' title='bbox 1599 5163 1665 5223; x_wconf 86' lang='lat' dir='ltr'><strong>Ma.</strong></span> <span class='ocrx_word' id='word_1_440' title='bbox 1682 5162 1823 5223; x_wconf 80' lang='lat' dir='ltr'><strong>Floren-</strong></span> 
     </span>
     <span class='ocr_line' id='line_1_56' title="bbox 176 5259 1818 5339; baseline -0.004 -15"><span class='ocrx_word' id='word_1_441' title='bbox 176 5262 330 5334; x_wconf 81' lang='lat' dir='ltr'><strong>vertitur,</strong></span> <span class='ocrx_word' id='word_1_442' title='bbox 346 5262 570 5339; x_wconf 86' lang='lat' dir='ltr'><strong>providentes,</strong></span> <span class='ocrx_word' id='word_1_443' title='bbox 591 5277 651 5338; x_wconf 90' lang='lat' dir='ltr'><strong>per</strong></span> <span class='ocrx_word' id='word_1_444' title='bbox 665 5263 857 5339; x_wconf 71' lang='lat' dir='ltr'><strong>apostolica</strong></span> <span class='ocrx_word' id='word_1_445' title='bbox 881 5262 974 5325; x_wconf 85' lang='lat' dir='ltr'><strong>vobis</strong></span> <span class='ocrx_word' id='word_1_446' title='bbox 1027 5264 1122 5332; x_wconf 90' lang='lat' dir='ltr'><strong>tium,</strong></span> <span class='ocrx_word' id='word_1_447' title='bbox 1133 5262 1301 5324; x_wconf 89' lang='lat' dir='ltr'><strong>custodem</strong></span> <span class='ocrx_word' id='word_1_448' title='bbox 1310 5259 1702 5332; x_wconf 89' lang='lat' dir='ltr'><strong>Orodiensem,nuncium</strong></span> <span class='ocrx_word' id='word_1_449' title='bbox 1714 5275 1818 5328; x_wconf 90' lang='lat' dir='ltr'><strong>suum,</strong></span> 
     </span>
     <span class='ocr_line' id='line_1_57' title="bbox 175 5357 1820 5438; baseline -0.002 -18"><span class='ocrx_word' id='word_1_450' title='bbox 175 5360 298 5436; x_wconf 88' lang='lat' dir='ltr'><strong>scripta</strong></span> <span class='ocrx_word' id='word_1_451' title='bbox 322 5359 530 5431; x_wconf 87' lang='lat' dir='ltr'><strong>mandamus,</strong></span> <span class='ocrx_word' id='word_1_452' title='bbox 550 5362 713 5436; x_wconf 89' lang='lat' dir='ltr'><strong>quatenus</strong></span> <span class='ocrx_word' id='word_1_453' title='bbox 737 5376 839 5436; x_wconf 89' lang='lat' dir='ltr'><strong>super</strong></span> <span class='ocrx_word' id='word_1_454' title='bbox 859 5361 975 5436; x_wconf 89' lang='lat' dir='ltr'><strong>singu·</strong></span> <span class='ocrx_word' id='word_1_455' title='bbox 1029 5360 1125 5423; x_wconf 90' lang='lat' dir='ltr'><strong>nobis</strong></span> <span class='ocrx_word' id='word_1_456' title='bbox 1139 5361 1285 5423; x_wconf 89' lang='lat' dir='ltr'><strong>innotuit</strong></span> <span class='ocrx_word' id='word_1_457' title='bbox 1305 5382 1312 5420; x_wconf 91' lang='lat'>:</span> <span class='ocrx_word' id='word_1_458' title='bbox 1329 5359 1414 5438; x_wconf 91' lang='lat' dir='ltr'><strong>quod</strong></span> <span class='ocrx_word' id='word_1_459' title='bbox 1431 5375 1506 5420; x_wconf 87' lang='lat' dir='ltr'><strong>cum</strong></span> <span class='ocrx_word' id='word_1_460' title='bbox 1525 5357 1712 5435; x_wconf 88' lang='lat' dir='ltr'><strong>inquadam</strong></span> <span class='ocrx_word' id='word_1_461' title='bbox 1731 5358 1820 5434; x_wconf 87' lang='lat' dir='ltr'><strong>parte</strong></span> 
     </span>
     <span class='ocr_line' id='line_1_58' title="bbox 175 5453 1822 5535; baseline -0.001 -19"><span class='ocrx_word' id='word_1_462' title='bbox 175 5455 284 5517; x_wconf 90' lang='lat' dir='ltr'><strong>lorum</strong></span> <span class='ocrx_word' id='word_1_463' title='bbox 317 5458 466 5517; x_wconf 81' lang='lat' dir='ltr'><strong>vestrum</strong></span> <span class='ocrx_word' id='word_1_464' title='bbox 495 5457 688 5520; x_wconf 83' lang='lat' dir='ltr'><strong>excessibus</strong></span> <span class='ocrx_word' id='word_1_465' title='bbox 715 5458 822 5534; x_wconf 88' lang='lat' dir='ltr'><strong>ipsius</strong></span> <span class='ocrx_word' id='word_1_466' title='bbox 856 5457 975 5518; x_wconf 90' lang='lat' dir='ltr'><strong>decani</strong></span> <span class='ocrx_word' id='word_1_467' title='bbox 1029 5459 1125 5535; x_wconf 91' lang='lat' dir='ltr'><strong>regni</strong></span> <span class='ocrx_word' id='word_1_468' title='bbox 1141 5458 1194 5519; x_wconf 92' lang='lat' dir='ltr'><strong>sui</strong></span> <span class='ocrx_word' id='word_1_469' title='bbox 1209 5456 1438 5535; x_wconf 87' lang='lat' dir='ltr'><strong>hospitalariis</strong></span> <span class='ocrx_word' id='word_1_470' title='bbox 1460 5459 1493 5518; x_wconf 86' lang='lat' dir='ltr'><strong>S.</strong></span> <span class='ocrx_word' id='word_1_471' title='bbox 1509 5455 1626 5516; x_wconf 80' lang='lat' dir='ltr'><strong>Mariae</strong></span> <span class='ocrx_word' id='word_1_472' title='bbox 1641 5453 1822 5516; x_wconf 74' lang='grc'><strong>111611611-</strong></span> 
     </span>
     <span class='ocr_line' id='line_1_59' title="bbox 176 5551 1819 5633; baseline 0.001 -22"><span class='ocrx_word' id='word_1_473' title='bbox 176 5552 417 5613; x_wconf 90' lang='lat' dir='ltr'><strong>correctionem</strong></span> <span class='ocrx_word' id='word_1_474' title='bbox 433 5554 507 5614; x_wconf 88' lang='lat' dir='ltr'><strong>sine</strong></span> <span class='ocrx_word' id='word_1_475' title='bbox 526 5556 699 5632; x_wconf 91' lang='lat' dir='ltr'><strong>utriusque</strong></span> <span class='ocrx_word' id='word_1_476' title='bbox 721 5556 827 5633; x_wconf 86' lang='lat' dir='ltr'><strong>partis</strong></span> <span class='ocrx_word' id='word_1_477' title='bbox 846 5558 974 5632; x_wconf 84' lang='lat' dir='ltr'><strong>praejn-</strong></span> <span class='ocrx_word' id='word_1_478' title='bbox 1029 5571 1157 5628; x_wconf 88' lang='lat' dir='ltr'><strong>corum,</strong></span> <span class='ocrx_word' id='word_1_479' title='bbox 1171 5558 1296 5618; x_wconf 88' lang='lat' dir='ltr'><strong>terram</strong></span> <span class='ocrx_word' id='word_1_480' title='bbox 1310 5553 1352 5616; x_wconf 91' lang='lat' dir='ltr'><strong>ad</strong></span> <span class='ocrx_word' id='word_1_481' title='bbox 1365 5554 1503 5630; x_wconf 89' lang='lat' dir='ltr'><strong>triginta</strong></span> <span class='ocrx_word' id='word_1_482' title='bbox 1515 5551 1819 5620; x_wconf 81' lang='lat' dir='ltr'><strong>dumtaxataratra,</strong></span> 
     </span>
     <span class='ocr_line' id='line_1_60' title="bbox 179 5646 1818 5725; baseline 0.001 -18"><span class='ocrx_word' id='word_1_483' title='bbox 179 5646 266 5707; x_wconf 87' lang='lat' dir='ltr'><strong>dicio</strong></span> <span class='ocrx_word' id='word_1_484' title='bbox 304 5649 453 5725; x_wconf 88' lang='lat' dir='ltr'><strong>recipere</strong></span> <span class='ocrx_word' id='word_1_485' title='bbox 481 5652 617 5714; x_wconf 83' lang='lat' dir='ltr'><strong>minime</strong></span> <span class='ocrx_word' id='word_1_486' title='bbox 650 5653 852 5717; x_wconf 89' lang='lat' dir='ltr'><strong>detractetis.</strong></span> <span class='ocrx_word' id='word_1_487' title='bbox 882 5654 976 5716; x_wconf 81' lang='lat' dir='ltr'><strong>Alio·</strong></span> <span class='ocrx_word' id='word_1_488' title='bbox 1029 5654 1180 5717; x_wconf 87' lang='lat' dir='ltr'><strong>caritatis</strong></span> <span class='ocrx_word' id='word_1_489' title='bbox 1219 5653 1352 5725; x_wconf 87' lang='lat' dir='ltr'><strong>intuitu,</strong></span> <span class='ocrx_word' id='word_1_490' title='bbox 1394 5650 1579 5714; x_wconf 89' lang='lat' dir='ltr'><strong>liberaliter</strong></span> <span class='ocrx_word' id='word_1_491' title='bbox 1615 5648 1818 5720; x_wconf 82' lang='lat' dir='ltr'><strong>contulisset.</strong></span> 
     </span>
    </p>
   </div>
   <div class='ocr_carea' id='block_1_16' title="bbox 0 0 1990 6198">
    <p class='ocr_par' dir='ltr' id='par_1_18' title="bbox 0 0 1990 6198">
     <span class='ocr_line' id='line_1_61' title="bbox 0 0 1990 6198; baseline 0 0"><span class='ocrx_word' id='word_1_492' title='bbox 0 0 1990 6198; x_wconf 95' lang='lat' dir='ltr'><strong> </strong></span> 
     </span>
    </p>
   </div>
  </div>
 </body>
</html>
