4014 6224
219 352 260 414 15
840 354 1016 418 HONORII
1038 359 1083 421 111
1103 358 1251 424 OPERA.
1821 365 1861 426 rc

213 526 296 576 'eam
313 509 356 576 da
366 525 509 591 persone
523 512 681 586 litterata,
698 515 731 577 et
739 514 859 577 idonea
871 515 1014 578 invene·
1066 519 1190 593 tuetur,
1202 521 1249 583 ita
1260 520 1417 584 videlicet
1430 523 1467 586 ut
1479 520 1717 586 1110111οηῦ1101
1732 520 1862 600 alicni-

221 608 296 672 ritis
322 611 482 671 canonice
505 609 723 684 celebratam,
739 612 845 689 ipsam
866 612 1014 679 auctori·
1066 615 1128 678 bus
1142 634 1186 679 en
1209 618 1334 680 eisdem
1355 619 1431 681 aliae
1445 635 1512 682 non
1533 619 1777 683 substituantur
1796 619 1863 681 iii-

222 706 490 782 tateiipostolica
504 707 705 768 confirmetis
718 708 750 769 et
764 707 1013 771 saciatiselecto
1067 712 1152 786 dem,
1174 715 1280 777 donec
1292 717 1441 793 ipsarum
1466 717 1642 779 multitudo
1665 717 1863 778 monialium

222 818 342 865 munus
364 801 602 865 benedictionis
622 803 760 879 imponi,
779 804 871 876 Quod
895 805 924 865 si
946 821 1013 868 nou
1067 809 1109 871 ad
1123 812 1280 872 statutum
1296 827 1469 873 numerum
1482 813 1664 889 redigatur,
1689 814 1755 873 nisi
1777 813 1863 875 torte

222 914 348 971 omnes,
357 901 419 961 etc.
431 901 549 961 Datum
557 900 722 972 Laterani,
733 900 845 964 idibus
850 902 1011 980 januarii,

222 996 434 1075 pontificatus
443 996 549 1060 nostri
564 1012 651 1061 auno
667 998 773 1060 sexte.

553 1291 684 1379 XCIII

222 1440 275 1505 Ad
301 1439 456 1507 abbatem
479 1440 512 1505 et
535 1441 1013 1511 concentumcluotoccuaes.

481 1571 516 1629 11
531 1571 655 1644 januarii
672 1570 750 1633 1221.

252 1689 371 1756 [negem
384 1692 428 1743 111.
441 1693 485 1756 vi,
495 1694 568 1758 epist.
581 1693 635 1744 110.
650 1694 708 1745 iro.
721 1694 757 1745 m
771 1693 848 1749 rone
859 1693 894 1745 du
905 1693 1001 1758 rnen}

223 1816 379 1879 Licentiam
392 1817 523 1876 concedit
542 1818 637 1876 Sancti
657 1820 788 1893 Bugonis
803 1833 908 1893 corpus
921 1826 1013 1879 trans

380 1904 489 1963 ferendi
504 1906 532 1963 iu
550 1907 645 1964 locum
659 1906 855 1965 celebriorem.

261 2033 440 2101 Honorius,
468 2034 548 2105 etc,
578 2032 710 2095 dilectis
736 2032 815 2094 filiis
841 2033 954 2096 abbati
982 2033 1017 2095 et

222 2130 401 2192 conventui
415 2131 619 2202 cluniacen,
636 2132 788 2203 salutem,
802 2132 865 2194 etc.

263 2230 312 2288 1⁴31
326 2229 422 2305 parte
435 2229 547 2290 restra
561 2227 624 2289 fuit
637 2227 734 2289 nobis
748 2226 920 2289 humiliter
936 2244 1017 2305 sup-

222 2324 390 2401 plicatum,
405 2326 442 2386 ut
455 2341 530 2386 cum
542 2340 663 2403 corpus
674 2324 762 2388 beati
773 2325 924 2402 lingonis
935 2341 1017 2387 con-

222 2420 372 2494 sessoris,
385 2437 482 2500 quem
496 2421 604 2487 felicis
619 2422 787 2486 memoriae
800 2423 1015 2487 innocentius

221 2534 309 2595 papa
323 2521 365 2592 ΙΙ,
378 2518 602 2597 praedecessor
615 2521 730 2582 noster
744 2521 937 2583 sanctorum
953 2535 1014 2581 ca-

221 2615 1017 2693 talogoaggregavit,sitinnimisbumililocose·

221 2712 360 2789 pultum,
368 2712 490 2774 iliudin
499 2714 1016 2777 iocumceiebrioremtransferri

219 2809 261 2872 de
284 2811 399 2872 nostra
418 2811 637 2886 permissione
660 2812 788 2874 liceret.
818 2812 888 2873 Nos
913 2812 1017 2887 igitur

220 2907 288 2989 piis
299 2906 453 2984 precibus
462 2908 582 2971 restris
593 2908 772 2987 benlgnum
788 2908 1017 2985 impertientes

220 3020 407 3078 assensum,
417 3007 838 3084 auctoritatepraeseutium
847 3006 1016 3069 licentiam

221 3085 317 3165 robis
326 3100 539 3163 concedimus
552 3102 765 3179 postulatam.
784 3102 1018 3165 1111111111-

222 3198 309 3271 rani,
333 3200 424 3260 livii
439 3198 602 3260 kalendas
614 3197 788 3271 februarii,
804 3197 1016 3277 pontificatus

223 3294 330 3357 nostri
349 3309 437 3357 anno
459 3295 565 3357 sexto.

557 3552 682 3641 xciv

323 3707 375 3769 Ad
401 3706 683 3768 11111111111111
708 3705 917 3780 episcopm

486 3837 519 3894 11
532 3834 657 3909 januarii
672 3835 751 3893 1122.

256 3962 377 4033 [Regest.,
387 3959 433 4011 lib.
448 3959 491 4018 vi,
503 3959 578 4027 epist.
588 3958 642 4010 131.
653 3958 837 4010 biss.LaPcrtc
846 3957 881 4009 du
892 3956 984 4025 111111]

225 4089 279 4147 nm
291 4086 330 4147 illl
346 4085 490 4144 licentiam
501 4082 645 4143 statuendi
659 4083 735 4157 quod
749 4082 909 4143 secundum
923 4085 1015 4145 Deum

260 4174 364 4235 viderit
379 4172 512 4247 expedire
528 4172 613 4230 saluti
634 4173 794 4233 animarum
809 4175 838 4229 in
849 4172 1019 4245 prioratibus

156 4256 157 4259 ’
259 4262 427 4323 monialium
448 4260 533 4321 tontis
550 4261 673 4319 Ebraudi
688 4268 879 4335 quapropter
898 4261 1017 4323 nicilum

261 4358 456 4426 paupertatem
469 4351 498 4409 in
512 4349 686 4408 lenocinium
699 4348 871 4409 incidebant.

265 4495 444 4568 Honorius,
461 4495 536 4568 etc,
553 4493 739 4557 venerabili
754 4492 850 4558 tratri
864 4494 1019 4556 suessio-

226 4610 304 4656 nen.
319 4594 489 4671 episcopo.

263 4695 334 4755 Tua
346 4689 640 4753 nobisiraternitas
654 4688 833 4761 intimarit,
844 4687 930 4766 quod
942 4702 1017 4750 cum

224 4791 260 4852 in
274 4790 409 4851 dioecesi
418 4789 476 4849 tua
491 4786 623 4864 quidam
639 4786 807 4863 prloratus
821 4785 1016 4848 monialium

1067 906 1104 967 in
1122 907 1249 969 tantum
1265 909 1456 971 eorumdem
1476 909 1683 987 prioratuum
1698 925 1864 971 excreve-

1067 1003 1137 1065 rint
1155 1003 1331 1067 facultates
1349 1007 1435 1083 quod
1450 1008 1565 1084 plures
1577 1006 1613 1067 in
1628 1007 1678 1068 eis
1700 1006 1864 1069 moniales

1067 1100 1201 1164 valeant
1233 1118 1380 1179 congrue
1409 1104 1601 1166 sustentari.
1629 1105 1740 1175 erare
1765 1103 1863 1165 nobis

1069 1196 1241 1262 humiliter
1261 1200 1467 1278 supplicasti,
1488 1202 1526 1263 ut
1539 1216 1639 1278 super
1652 1200 1707 1262 bis
1720 1202 1866 1277 Aposto-

1068 1294 1142 1357 licae
1150 1295 1364 1373 dignaremur
1375 1298 1576 1374 provisionis
1590 1298 1706 1359 oeulos
1716 1297 1865 1374 aperire.

1068 1392 1138 1454 Nos
1152 1393 1255 1470 igitur
1268 1395 1401 1471 plenam
1422 1395 1466 1456 de
1477 1394 1680 1457 discretione
1696 1393 1755 1456 tua
1773 1392 1864 1455 ndu·

1069 1490 1155 1552 ciam
1176 1490 1375 1565 obtinentes,
1397 1493 1610 1569 presentium
1632 1491 1694 1554 tibi
1714 1491 1865 1553 auctori-

1068 1588 1140 1649 tate
1157 1588 1363 1664 mandamus,
1382 1591 1545 1667 quatenus
1558 1589 1594 1650 in
1614 1588 1712 1651 dietis
1731 1588 1866 1666 priora-

1068 1684 1158 1746 tibus
1170 1686 1393 1764 statuasquod
1403 1687 1502 1750 saluti
1513 1686 1699 1748 animarum
1710 1686 1866 1748 1111111-

1068 1781 1152 1844 tium
1166 1783 1201 1844 in
1214 1783 1338 1845 eisdem
1350 1784 1384 1845 et
1392 1784 1542 1861 ipsarum
1556 1783 1774 1845 ecclesiarum
1796 1781 1866 1845 uti-

1069 1878 1156 1940 litati
1188 1879 1370 1942 secundum
1396 1882 1501 1943 Deum
1531 1880 1657 1943 rideris
1691 1879 1863 1956 expedire.

1069 1976 1187 2037 Datum
1214 1978 1381 2051 Laterani,
1410 1979 1485 2039 xvi
1510 1977 1672 2039 kalendas
1687 1976 1868 2049 februarii,

1069 2088 1158 2136 anno
1172 2075 1278 2137 sexto.

1418 2324 1522 2412 XCV

1069 2472 1867 2555 Admcgtstrumctsrcircsdomuclictscnctoe

1248 2573 1446 2636 carnaeae
1461 2575 1687 2635 Portstcrarts.

1336 2705 1370 2762 11
1379 2703 1505 2777 januarii
1519 2703 1598 2767 1122.

1071 2823 1205 2888 [11111111111
1217 2823 1328 2877 Histoire
1337 2824 1369 2876 de
1378 2825 1457 2885 Paris,
1472 2824 1511 2884 Ill,
1521 2826 1566 2889 17;
1576 2825 1707 2891 lielingre,
1715 2822 1866 2889 1111111161

1239 2905 1271 2959 de
1284 2904 1365 2965 Paris,
1378 2904 1426 2956 cis
1438 2906 1513 2957 11111
1524 2905 1609 2964 Braul,
1621 2904 1689 2968 stu]

1103 3018 1160 3079 Sub
1173 3018 1250 3077 beati
1264 3018 1339 3083 Petri
1350 3025 1381 3077 et
1393 3033 1445 3079 sua
1460 3022 1636 3094 protectione
1649 3021 1766 3084 domum
1778 3026 1835 3086 bai

1245 3107 1357 3166 Sancte
1376 3107 1536 3169 catharine
1552 3111 1682 3186 suscipit.

1110 3234 1278 3296 Honorius
1288 3234 1475 3312 episcopus,
1483 3252 1781 3301 servusservorum
1790 3239 1864 3312 Dei,

1071 3330 1200 3393 dilectis
1211 3330 1673 3408 uiiismagimueirratribus
1681 3336 1867 3414 Hospitalis

1071 3428 1187 3490 domus
1212 3429 1272 3490 Dei
1292 3428 1422 3490 sancte
1444 3431 1631 3494 catharine
1646 3430 1863 3508 Parisiensis,

1071 3524 1211 3588 salutem
1225 3526 1258 3588 et
1271 3526 1490 3603 apostolicam
1510 3527 1784 3593 benedictionem.

1110 3623 1192 3683 Cum
1215 3637 1235 3684 e
1259 3623 1356 3685 nobis
1377 3626 1501 3702 petitur
1523 3625 1610 3703 quod
1621 3628 1749 3703 justum
1762 3628 1814 3689 est
1832 3628 1867 3688 11

1071 3719 1256 3793 honestum,
1274 3723 1342 3784 tam
1363 3722 1460 3798 vigor
1482 3722 1649 3800 aequiutis
1670 3738 1769 3801 quam
1784 3723 1867 3786 ordo

1071 3817 1176 3894 exigit
1187 3818 1339 3890 reticula,
1354 3820 1390 3881 ut
1402 3819 1436 3881 id
1450 3834 1510 3896 per
1522 3820 1778 3883 sollicitudinem
1793 3821 1868 3885 oiss-

1072 3914 1116 3975 cii
1136 3915 1242 3976 nostri
1266 3915 1308 3977 ad
1323 3915 1467 3978 debitum
1483 3916 1683 3993 perducatur
1696 3916 1864 3980 effectum.

1072 4013 1118 4071 Ea
1133 4012 1277 4089 propter,
1299 4011 1411 4075 dilecti
1434 4013 1470 4074 iu
1489 4013 1628 4075 Domino
1649 4012 1722 4086 iiiii,
1740 4016 1865 4077 vestris

1068 4108 1170 4186 justis
1199 4108 1477 4185 postulationibus
1504 4111 1599 4187 grato
1626 4111 1866 4173 concurrentes

1072 4219 1223 4279 assensu,
1237 4222 1396 4284 personas
1418 4207 1547 4269 vestras
1571 4208 1604 4269 et
1618 4206 1727 4271 locum
1747 4207 1783 4273 in
1802 4225 1868 4288 quo

1072 4301 1185 4364 divino
1200 4304 1281 4364 estis
1297 4303 1455 4381 obsequio
1470 4304 1661 4382 mancipati,
1678 4321 1754 4366 cum
1764 4307 1870 4367 omni·

1072 4398 1133 4461 bus
1149 4399 1246 4462 bonis
1258 4416 1331 4478 quaa
1353 4401 1389 4461 in
1407 4401 1661 4477 presentiarum
1680 4401 1869 4464 rationabi-

1071 4496 1148 4559 liter
1162 4496 1352 4574 possidetis,
1365 4499 1424 4560 aut
1436 4499 1473 4558 in
1485 4497 1634 4561 futurum
1640 4497 1742 4575 justis
1754 4499 1867 4561 modis

1071 4595 1250 4671 praestante
1279 4595 1419 4655 Domino
1444 4594 1596 4671 poteritis
1622 4594 1777 4673 adipisci,
1804 4595 1866 4657 sub

1071 4689 1160 4752 beati
1183 4690 1274 4753 Petri
1295 4692 1329 4753 et
1346 4691 1460 4753 nostra
1484 4692 1691 4767 protectione
1717 4693 1866 4770 suscipl-

1070 4803 1156 4857 mus,
1181 4788 1216 4851 et
1237 4788 1415 4865 praesentis
1433 4787 1549 4865 scripti
1568 4789 1756 4866 patrocinio
1770 4804 1867 4851 com.

224 4886 327 4951 fontis
336 4885 482 4948 libraudi
491 4884 685 4956 consistant,
694 4884 858 4947 moniales
868 4883 1016 4960 ipsorum
1071 4885 1248 4947 munimus.
1272 4883 1366 4945 Nulli
1384 4900 1464 4961 ergo
1479 4884 1614 4947 omniuo
1635 4885 1809 4948 bominum
1822 4886 1868 4947 ii-

223 5002 268 5054 11
281 5001 321 5047 10
336 4983 423 5062 quod
437 4998 506 5060 prae
521 4981 625 5043 nimia
649 4980 863 5042 multitudine
878 4979 919 5042 de
934 4995 1016 5057 pro·
1070 4983 1144 5044 ceat
1155 4982 1242 5044 banc
1259 4982 1415 5059 paginam
1430 4983 1553 5044 nostre
1574 4982 1792 5059 protectionis
1811 4984 1868 5044 in-

224 5084 308 5162 priis
333 5079 546 5143 facultatibus
569 5078 748 5141 sustentari
773 5093 841 5139 non
864 5078 1013 5154 10111111,
1069 5078 1227 5155 fringens,
1249 5080 1303 5141 vel
1326 5079 1359 5139 ei
1379 5094 1463 5141 ausu
1476 5079 1657 5141 temerario
1683 5068 1864 5143 contraire.
1986 5106 1987 5135 i

223 5182 260 5242 in
275 5179 491 5249 lenocinium,
505 5177 539 5238 et
554 5175 623 5238 alia
634 5174 800 5252 impudica
818 5175 852 5236 ct
865 5175 1015 5236 enormia
1070 5177 1105 5238 Si
1116 5177 1190 5254 quis
1204 5176 1315 5239 autem
1333 5175 1398 5239 boc
1417 5176 1582 5239 attentare
1600 5179 1864 5254 praesumpserit,
1986 5174 1987 5179 ’

224 5271 804 5356 plerumquepropterintoleraltilem
811 5273 1015 5349 paupertatis
1068 5273 1331 5350 indignationem
1357 5273 1594 5351 omnipotentis
1607 5273 1679 5347 Dei,
1700 5274 1867 5338 etbeato-
1986 5270 1987 5351 ζ

223 5376 369 5451 inopiam
381 5372 616 5434 miserabiliter
628 5370 834 5441 incidunt,in
848 5386 918 5431 suae
928 5370 1015 5431 salu·
1069 5386 1142 5431 rum
1157 5370 1248 5431 Petri
1267 5371 1300 5432 et
1313 5369 1411 5432 Pauli
1425 5369 1649 5446 apostolorum
1661 5372 1734 5447 ejus
1747 5387 1786 5433 se
1797 5387 1865 5434 no·-
1986 5364 1987 5419 ἰ

223 5474 267 5536 111
293 5471 501 5549 dispendium
514 5472 546 5533 et
569 5468 763 5531 scandalum
781 5467 1011 5545 plurimorum.
1068 5468 1154 5529 verit
1167 5469 1390 5529 incursurum.
1404 5467 1522 5528 Datum
1534 5467 1701 5540 Laterani,
1715 5469 1792 5530 XVI
1806 5469 1865 5531 ka·
1986 5456 1987 5471 .

225 5569 511 5633 Undetibivisum
533 5568 583 5631 est
597 5566 766 5644 expedire,
785 5566 821 5627 ut
834 5563 870 5624 in
886 5565 1013 5626 eisdem
1067 5565 1183 5627 lendes
1208 5564 1380 5637 februarii,
1406 5563 1618 5642 pontificatus
1640 5565 1747 5627 nostri
1772 5581 1865 5635 anuo
1986 5564 1987 5617 3

223 5667 426 5747 prioratibus
438 5667 548 5728 certus
563 5664 756 5731 monialium
768 5677 926 5725 numerus
944 5662 1015 5725 sta-
1069 5664 1175 5725 sexto.
