3916 6204
673 240 901 303 EPISTOLAE.
924 243 1003 304 LIB.
1026 245 1112 307 VIII.

386 406 543 493 CXXIX

120 555 178 614 Ad
198 556 409 618 Ludoctcum
427 561 646 619 Francorum
668 574 798 636 repent.

322 688 358 745 10
376 687 508 747 februarii
531 690 610 748 itti.

137 808 280 876 [Bouqnct
297 811 400 864 Recneil
417 813 462 863 des
478 813 581 873 113133,
597 814 665 873 lllli,
684 828 710 880 p.
725 813 780 865 tlt.

270 892 382 954 Regcst,
392 891 438 943 lib.
454 893 518 952 Vlll,
532 894 653 959 33181]

54 994 99 1053 lle
113 994 188 1068 quid
200 994 343 1055 Frederici
353 1000 548 1058 Romanorum
560 1000 741 1073 imperatoris
751 1000 782 1058 in
796 1001 861 1057 'ler-

88 1099 158 1141 ram
174 1085 310 1144 Sanctam
326 1086 463 1161 profectio
484 1087 599 1146 obesset
613 1088 702 1161 quieti
719 1088 857 1146 Occiden-

87 1171 141 1242 tis,
157 1188 261 1247 regem
285 1175 460 1235 Ludovicum
474 1177 582 1235 inducit
598 1178 742 1235 llohorius
761 1185 856 1250 3133-

86 1275 158 1319 3333
174 1262 778 1340 1313313333313311333333333113131
793 1281 858 1324 cum

86 1349 197 1408 eodem
209 1361 343 1426 proroget
353 1352 494 1425 inducias,
505 1354 579 1428 3331
589 1354 759 1428 promiserat
770 1369 857 1430 prope

85 1441 251 1498 moriturus
260 1457 310 1498 333
324 1441 484 1516 Philippus.
739 1450 741 1454 ’

90 1568 270 1629 Honorius
310 1571 487 1648 episcopus
490 1615 551 1644 .....
600 1571 775 1633 carissimo
822 1570 857 1632 in

52 1663 194 1726 Christo
209 1665 279 1726 lilio
294 1668 409 1728 333133
423 1668 603 1742 Ludovico,
618 1669 856 1745 3331133333-

51 1776 131 1821 rum
145 1760 286 1835 illustri,
302 1763 455 1837 salutem,
472 1767 535 1827 etc.

90 1860 181 1919 Cum
206 1861 391 1936 cogitamus
415 1862 502 1939 apud
526 1863 747 1940 nosmetipsos
762 1862 857 1924 illum

51 1956 306 2020 indesinentem
346 1975 438 2036 purae
479 1960 667 2022 devotionis
702 1960 857 2022 affectum

50 2069 155 2131 quem
183 2054 318 2132 inclytae
353 2057 523 2118 memoriae
552 2057 781 2135 progenitores
808 2058 857 2119 tui

50 2166 192 2228 semper
213 2152 256 2213 ad
278 2154 380 2213 Deum
409 2153 443 2216 et
466 2156 649 2216 Romanam
674 2155 856 2217 Ecclesiam

49 2247 260 2320 habuerunt,
277 2249 409 2327 plenam
429 2267 521 2329 spem
538 2251 760 2330 fiduciamque
776 2267 858 2315 con-

50 2347 212 2423 cipimus,
236 2347 322 2423 3331
337 2363 358 2408 3
372 2350 406 2410 13
420 2349 555 2411 illorum
575 2365 769 2412 successore
788 2366 856 2411 non

52 2444 168 2505 solum
184 2444 220 2505 13
233 2444 361 2507 honore
375 2446 483 2522 regni,
500 2447 558 2508 sed
573 2447 675 2509 etiam
689 2447 725 2508 13
740 2448 855 2510 since-

49 2542 157 2603 ritate
173 2540 253 2603 11131
268 2543 302 2604 31
315 2543 460 2603 aliarum
472 2543 593 2606 decore
606 2544 779 2617 virtutum,
798 2545 854 2605 ni-

1653 250 1714 312 542

914 401 970 472 sit,
987 403 1075 481 quod
1101 405 1298 481 prorogaret
1321 405 1457 482 treugas
1469 405 1561 484 ipsas
1576 424 1712 485 precum

915 499 1105 561 nostrarum
1113 500 1249 563 obtentu
1260 503 1293 564 et
1302 502 1425 564 intuitu
1434 505 1546 565 Terrae
1562 506 1710 584 83331333

915 596 972 658 331
988 598 1243 674 promissionem
1262 615 1368 671 suam,
1390 602 1495 664 morte
1510 603 1712 679 praeventus,

914 694 1098 771 adimplere
1114 695 1275 773 nequivit.

954 792 1075 852 Preces
1090 792 1194 868 igitur
1209 809 1293 871 quas
1308 810 1408 873 33333
1423 797 1486 858 hoc
1501 796 1609 858 eidem
1624 796 1713 875 patri

913 886 971 949 133
983 889 1206 965 porreximus,
1223 906 1301 952 ecce
1316 890 1351 953 13
1377 892 1514 954 auribus
1536 894 1712 957 celsitudi-

914 984 966 1045 nis
976 985 1043 1047 tuae
1053 1001 1128 1047 cum
1143 1003 1264 1064 magna
1277 988 1399 1050 liducia
1412 990 1625 1068 replicamus,
1640 1009 1713 1072 spe·

912 1084 1027 1144 rantes
1038 1083 1072 1145 te
1087 1083 1164 1145 illas
1179 1086 1272 1146 tanto
1292 1085 1461 1148 efficacius
1483 1088 1709 1166 impleturum,

914 1180 1038 1256 quanto
1053 1182 1196 1258 amplius
1210 1183 1304 1244 tuam
1325 1184 1419 1245 decet
1432 1186 1640 1248 clementiam
1655 1189 1711 1265 pia

913 1276 1020 1354 ipsius
1035 1279 1141 1354 patris
1155 1280 1204 1341 tui
1228 1280 1411 1358 adimplere
1435 1284 1610 1359 promissa,
1624 1301 1711 1364 qua-

912 1375 1009 1435 tenus
1025 1391 1141 1436 eorum
1167 1377 1311 1438 salubris
1336 1378 1485 1455 impletio
1508 1396 1575 1442 non
1604 1381 1711 1444 solum

912 1471 990 1544 tuae,
1015 1471 1073 1533 sed
1094 1473 1194 1535 etiam
1210 1475 1360 1551 ejusdem
1383 1477 1491 1554 patris
1508 1477 1559 1540 tui
1587 1479 1709 1541 animae

912 1568 1087 1644 proveniat
1112 1570 1327 1632 adsalutem.
1355 1574 1515 1650 Denique,
1543 1574 1711 1636 31333133

911 1665 980 1724 tam
993 1662 1205 1747 favorabiles,
1230 1668 1296 1730 tam
1312 1669 1386 1746 pias
1401 1671 1533 1747 tamque
1548 1687 1709 1734 necessa-

912 1760 981 1822 rias
995 1778 1110 1838 preces
1121 1766 1254 1827 nostras
1271 1766 1364 1827 tuum
1382 1764 1480 1845 [quod
1496 1767 1583 1830 absit
1595 1768 1617 1848 ll
1635 1769 1711 1830 ani·

912 1874 1002 1918 mum
1033 1859 1239 1934 3111333333,
1270 1863 1512 1940 parvipendere
1547 1865 1710 1927 videreris

911 1954 1070 2031 inJuriam
1085 1960 1164 2020 Jesu
1176 1958 1309 2031 Christi,
1326 1961 1568 2037 parvipendere
1576 1962 1710 2023 videre-

911 2052 960 2112 ris
990 2052 1074 2130 quod
1103 2057 1219 2131 gentes
1248 2056 1283 2117 in
1313 2056 1542 2120 haereditatem
1574 2059 1708 2121 Domini
1812 2064 1816 2071 '

910 2151 1075 2213 venerunt
1098 2153 1130 2214 et
1151 2153 1344 2229 polluerunt
1358 2156 1605 2217 sanctissimum
1619 2159 1707 2218 tem-

911 2247 1001 2323 plum
1016 2251 1100 2326 ejus,
1113 2250 1357 2326 331331331333
1370 2252 1493 2314 Christi
1505 2253 1705 2329 sepulcrum,

911 2345 996 2420 quod
1012 2346 1708 2428 prophetagloriosumioretantotempore
1795 2342 1801 2353 ‘

910 2442 988 2504 ante
1014 2443 1180 2520 praedixit,
1220 2445 1440 2522 ingloriosum
1476 2447 1704 2511 reddiderunt.

910 2540 1018 2612 Certe,
1035 2541 1062 2601 si
1079 2542 1153 2619 3313
1167 2543 1389 2605 vassallorum
1406 2547 1538 2607 tuorum
1553 2561 1572 2606 a
1587 2546 1621 2606 13
1644 2562 1705 2608 33-

48 2638 97 2699 hil
114 2638 246 2700 frustra
258 2640 507 2718 petamusquod
523 2658 584 2702 333
599 2646 711 2719 331333
726 2642 854 2712 133331,
910 2639 1008 2712 gatus
1036 2653 1151 2715 pacem
1175 2642 1234 2703 aut
1266 2640 1399 2718 treugas
1425 2642 1512 2704 inire
1540 2659 1614 2704 cnm
1639 2642 1707 2706 alio

49 2737 132 2798 3113
155 2735 286 2813 facere3
301 2734 484 2814 quinimmo
499 2754 630 2816 semper
644 2739 731 2818 apud
752 2742 854 2802 Sere·
911 2735 1071 2796 exaudire
1084 2737 1251 2809 33333331,
1262 2739 1295 2799 31
1306 2740 1395 2800 13333
1405 2740 1463 2801 133
1474 2742 1662 2803 remaneret
1672 2743 1707 2803 13

48 2834 198 2896 nitatem
224 2834 317 2896 tuam
356 2836 490 2912 plenum
523 2836 693 2913 petitionis
731 2839 855 2899 nostrae
910 2833 1074 2910 potestate
1094 2834 1239 2895 hostium
1255 2835 1318 2897 hac
1342 2836 1382 2898 de
1397 2853 1509 2909 causa,
1530 2836 1562 2897 id
1579 2853 1708 2914 33333-

49 2931 295 3008 ccnsequimur
323 2932 488 2994 effectum.
518 2933 612 2996 Licet
639 2934 749 2994 antem
768 2934 855 2997 hanc
910 2946 1009 3006 quam
1023 2930 1257 3007 aequanimiter
1272 2934 1658 3011 sustineres,quinlmmo
1673 2935 1709 2995 in

48 3028 141 3090 1313
158 3027 316 3090 liduciarn
331 3029 366 3090 in
381 3030 535 3090 omnibus
554 3046 709 3106 geramus
723 3030 855 3092 casibus
909 3027 1080 3089 fidelitatis
1095 3030 1705 3108 333333333113311333131313331,
1726 3085 1732 3093 .

48 3127 82 3187 31
93 3125 266 3199 articulis,
283 3127 318 3187 13
333 3127 402 3188 11113
416 3128 528 3189 tamen
543 3143 616 3189 eam
637 3128 781 3190 maxime
797 3145 855 3205 ge-
909 3126 1083 3201 reputares
1100 3125 1285 3201 indignum.
1316 3129 1445 3199 Quanto
1468 3128 1574 3204 igitur
1597 3129 1706 3190 studio

49 3224 178 3295 313333,
195 3223 365 3300 inquibus
379 3225 419 3286 de
434 3224 558 3286 divinis
573 3225 742 3303 obsequiis
757 3227 790 3288 et
814 3226 855 3287 de
910 3220 1032 3282 esttibi
1045 3221 1284 3297 providendum
1301 3238 1353 3295 ne,
1375 3223 1461 3301 quod
1476 3224 1576 3285 homo
1595 3225 1706 3286 ’33311-

51 3336 163 3382 33333
185 3320 324 3382 honoris
346 3322 397 3383 tui
423 3323 535 3399 agitur
560 3323 593 3384 et
612 3323 741 3385 salutis.
767 3326 855 3385 Sane
909 3333 989 3379 nere
1002 3318 1108 3380 331133
1124 3318 1165 3379 ab
1181 3318 1326 3392 homine,
1344 3320 1448 3382 133133
1464 3324 1579 3383 333133
1593 3322 1707 3385 Domi-

49 3418 110 3480 133
124 3416 318 3480 sublimitas
333 3435 400 3480 non
414 3419 548 3495 ignorat
558 3421 645 3497 quod
660 3420 854 3482 carissimus
909 3416 1001 3476 nium
1018 3418 1121 3477 Deum
1136 3418 1241 3489 tunm,
1266 3433 1286 3478 3
1313 3434 1377 3495 333
1398 3418 1503 3505 habes
1516 3435 1583 3480 non
1598 3420 1706 3481 solum

49 3515 84 3576 in
97 3516 238 3577 Christo
254 3515 343 3577 tilius
359 3518 472 3579 333133
486 3517 695 3590 Fredericus,
711 3518 854 3579 illustris
910 3514 1022 3575 omnia
1035 3513 1202 3586 bonatus,
1218 3515 1276 3576 331
1290 3516 1391 3578 etiam
1402 3517 1630 3594 temetipsnml

49 3615 286 3675 Romanorum
306 3614 499 3690 imperator,
527 3630 659 3691 semper
679 3616 852 3691 augustus,
950 3614 1117 3687 Rogamus
1136 3611 1239 3688 igitur
1253 3614 1486 3675 excellentiam
1506 3616 1598 3675 tuam
1616 3616 1707 3676 omni

48 3711 83 3771 et
95 3727 164 3772 rex
181 3709 318 3783 Siciliae,
330 3712 366 3771 in
381 3711 546 3789 colloquio
558 3712 655 3789 quod,
670 3728 757 3773 anno
773 3728 855 3789 prae
909 3709 1093 3770 attentione
1117 3725 1182 3786 333
1208 3724 1404 3786 possumus,
1431 3712 1464 3774 31
1491 3711 1705 3773 3133333333

46 3808 167 3879 133113,
184 3807 357 3870 nobiscnm
372 3809 489 3870 habuit
507 3809 542 3870 in
558 3810 749 3886 Campania,
766 3826 856 3887 prae·
908 3821 970 3883 per
997 3807 1224 3882 aspersionem
1258 3808 1431 3883 sanguinis
1456 3811 1537 3870 lesu
1569 3808 1704 3881 Christi,

47 3904 131 3966 stilo
147 3904 371 3981 corporaliter
381 3907 582 3983 juramento,
595 3905 741 3969 firmavit
754 3907 852 3985 quod,
910 3903 1046 3980 331333
1075 3905 1107 3965 te
1131 3904 1229 3967 morti
1254 3904 1364 3965 crucis
1385 3904 1523 3966 tradidit
1550 3905 1708 3982 semetip-

46 4017 68 4062 a
80 4001 244 4063 kalendis
257 4002 392 4078 augusti
413 4003 565 4079 proximo
590 4019 679 4064 nunc
704 4003 854 4065 venturis
909 4016 993 4073 sum,
1012 4015 1051 4061 33
1065 3999 1126 4062 tibi
1141 3999 1177 4060 13
1189 4000 1387 4062 remissione
1403 4000 1608 4078 injungimus
1623 4017 1706 4079 pec-

47 4098 92 4160 ad
123 4114 254 4159 annum
277 4114 394 4168 unum,
423 4099 654 4162 transfretabit
680 4100 716 4161 in
741 4102 853 4161 Terrae
909 4097 1070 4168 catorum,
1081 4098 1707 4175 33313333,333313111331331331313113

46 4195 189 4259 Sanctae
208 4194 405 4257 subsidium.
430 4196 525 4259 Unde
549 4212 621 4270 nos,
646 4196 853 4259 attendentes
907 4197 987 4257 Jesu
1002 4194 1137 4267 Christi,
1153 4194 1185 4256 ct
1203 4197 1315 4256 Terrae
1338 4196 1375 4257 in
1399 4211 1465 4273 333
1486 4195 1620 4271 generis
1642 4197 1708 4258 hu-

45 4308 126 4355 esse
137 4292 348 4370 permaxime
358 4293 584 4355 necessarium
596 4295 632 4355 ut
643 4294 731 4356 inter
739 4295 855 4356 Chris·
908 4293 999 4352 mani
1013 4291 1156 4353 salntem
1171 4291 1334 4353 ineffabili
1355 4293 1477 4369 pietate
1499 4293 1608 4355 voluit
1626 4310 1708 4373 ope-

42 4390 165 4452 tianos
176 4404 304 4462 omnes,
321 4404 360 4451 ac
375 4391 521 4452 maxime
536 4391 623 4451 13133
638 4391 855 4453 excellentio-
908 4388 988 4459 rari,
1005 4404 1080 4449 cum
1104 4388 1243 4464 praelato
1261 4389 1443 4465 Anglorum
1469 4405 1559 4465 rege,
1583 4390 1613 4452 si
1632 4391 1707 4453 11331

43 4503 104 4549 res
115 4486 302 4564 principes,
319 4503 387 4563 pax
400 4487 453 4550 vel
463 4489 582 4563 treuga
594 4487 740 4561 interim,
757 4489 855 4565 prout
908 4485 1025 4563 potest,
1041 4486 1135 4547 ineas
1151 4485 1280 4547 firmam
1296 4503 1423 4563 pacem,
1438 4486 1492 4548 vel
1514 4488 1633 4549 saltem
1649 4505 1708 4550 us-

41 4586 156 4647 ctiam
188 4584 367 4645 statuimus
404 4584 440 4645 in
480 4585 646 4662 colloquio
674 4586 852 4658 antedicto,
908 4599 972 4659 333
986 4582 1028 4643 31
1047 4584 1303 4660 quadriennium
1321 4586 1456 4660 treugas
1475 4601 1634 4662 prorogas
1649 4586 1707 4647 in·

42 4680 244 4753 serventur,
269 4681 510 4758 333133331331
532 4684 644 4743 Terrae
667 4683 796 4744 Sanctae
812 4682 855 4742 li·
908 4681 1006 4742 13313
1020 4695 1060 4742 33
1074 4681 1184 4758 ipsum
1204 4681 1365 4744 hactenus
1380 4682 1585 4755 observatas,
1606 4699 1659 4754 ne,
1677 4683 1707 4742 si

39 4776 168 4841 iterius
187 4777 302 4865 veniat
314 4794 358 4839 ex
370 4779 459 4839 omni
474 4780 570 4856 parte
585 4779 701 4841 mundi
716 4794 855 4841 succur·
909 4776 1007 4839 aliter
1019 4776 1149 4851 leceris,
1166 4778 1273 4856 ipsius
1283 4781 1395 4841 Terrae
1412 4782 1542 4843 Sanctae
1561 4795 1704 4842 succur-

40 4892 119 4947 sus,
144 4873 247 4937 clarae
269 4875 512 4937 recordationis
526 4876 718 4954 Philippum
741 4892 853 4953 regem
909 4890 993 4945 sum,
1031 4875 1179 4952 quinon
1209 4876 1326 4952 magis,
1361 4878 1463 4938 immo
1491 4894 1553 4938 nec
1577 4878 1706 4939 tantum

37 4968 220 5044 Francia,
237 4972 367 5049 patrem
386 4974 491 5045 tuum,
508 4973 643 5051 quinos
665 4974 855 5050 specialiter
910 4972 1084 5033 consuevit
1096 4988 1157 5049 per
1168 4972 1300 5050 3113333
1316 4973 1401 5035 31133
1416 4991 1516 5052 quam
1531 4990 1591 5052 per
1609 4989 1706 5050 reges

37 5068 196 5131 caritate
209 5068 340 5141 dilexit,
354 5070 484 5132 intenta
498 5085 597 5147 33333
611 5071 804 5146 rogavimus
819 5070 856 5131 ut
909 5070 943 5131 et
954 5085 1093 5146 regnum
1104 5071 1255 5132 Francia
1265 5072 1465 5148 promoveri,
1478 5074 1593 5135 contra
1605 5072 1708 5149 impe·

35 5181 127 5229 cum
156 5165 334 5227 carissimo
362 5166 432 5228 filio
463 5167 577 5229 nostro
606 5167 750 5228 Henrico
774 5182 854 5243 rege
910 5166 982 5227 dire
998 5164 1100 5245 (quod
1124 5167 1708 5251 333313113313331)3113331333

34 5261 239 5339 anglorum
254 5253 621 5326 111331311313311331333
633 5263 737 5325 firmae
750 5264 852 5341 33313,
909 5263 1135 5341 prosecutioni
1177 5279 1287 5326 causac
1322 5267 1466 5342 proprias
1501 5265 1704 5335 insistendo,

33 5361 97 5423 vel
112 5358 240 5421 saltem
254 5360 392 5435 treugas
403 5376 476 5438 quae
489 5360 577 5422 inter
591 5361 682 5437 ipsos
699 5359 855 5423 stabilitae
910 5362 1132 5432 contemnere,
1147 5361 1248 5422 immo
1265 5362 1468 5423 confundere
1487 5376 1622 5422 causam
1638 5364 1705 5424 Do-

34 5456 199 5529 fuerant,
227 5459 424 5535 prorogaret
440 5473 448 5518 :
472 5458 529 5534 qui
555 5457 737 5519 secundnm
752 5458 853 5519 inna-
910 5456 991 5518 mini
1004 5458 1064 5519 Dei
1076 5458 1126 5519 tui
1142 5460 1177 5520 et
1190 5457 1293 5521 totius
1305 5458 1420 5536 populi
1435 5458 1622 5519 christiani.
1638 5462 1706 5520 Ta·

31 5559 113 5619 tam
133 5552 203 5614 sibi
221 5552 461 5628 benignitatem
487 5555 710 5632 pietatemque
730 5555 856 5632 promi·
910 5555 989 5618 liter
1012 5569 1092 5630 ergo
1114 5555 1276 5617 exaudias
1306 5563 1422 5632 preces
1449 5556 1591 5628 nostras,
1618 5556 1704 5635 quod
