<?xml version="1.0" encoding="UTF-8"?>
<!DOCTYPE html PUBLIC "-//W3C//DTD XHTML 1.0 Transitional//EN"
    "http://www.w3.org/TR/xhtml1/DTD/xhtml1-transitional.dtd">
<html xmlns="http://www.w3.org/1999/xhtml" xml:lang="en" lang="en">
 <head>
  <title>
</title>
<meta http-equiv="Content-Type" content="text/html;charset=utf-8" />
  <meta name='ocr-system' content='tesseract 3.04.00' />
  <meta name='ocr-capabilities' content='ocr_page ocr_carea ocr_par ocr_line ocrx_word'/>
</head>
<body>
  <div class='ocr_page' id='page_1' title='image "./mediiaevibiblio04bottgoog_0346.png"; bbox 0 0 3930 6206; ppageno 0'>
   <div class='ocr_carea' id='block_1_1' title="bbox 141 416 190 477">
    <p class='ocr_par' dir='ltr' id='par_1_1' title="bbox 141 416 190 477">
     <span class='ocr_line' id='line_1_1' title="bbox 141 416 190 477; baseline -0.041 0"><span class='ocrx_word' id='word_1_1' title='bbox 141 416 190 477; x_wconf 80' lang='lat' dir='ltr'><strong>ccl</strong></span> 
     </span>
    </p>
   </div>
   <div class='ocr_carea' id='block_1_2' title="bbox 114 571 918 5802">
    <p class='ocr_par' dir='ltr' id='par_1_2' title="bbox 114 571 918 5802">
     <span class='ocr_line' id='line_1_2' title="bbox 142 571 916 650; baseline -0.004 -12"><span class='ocrx_word' id='word_1_2' title='bbox 142 576 240 650; x_wconf 86' lang='lat' dir='ltr'><strong>tagora</strong></span> <span class='ocrx_word' id='word_1_3' title='bbox 259 571 290 632; x_wconf 87' lang='lat' dir='ltr'><strong>et</strong></span> <span class='ocrx_word' id='word_1_4' title='bbox 303 585 417 632; x_wconf 89' lang='lat' dir='ltr'><strong>aarum</strong></span> <span class='ocrx_word' id='word_1_5' title='bbox 439 571 595 643; x_wconf 82' lang='lat' dir='ltr'><strong>maxime,</strong></span> <span class='ocrx_word' id='word_1_6' title='bbox 624 587 696 648; x_wconf 90' lang='lat' dir='ltr'><strong>quae</strong></span> <span class='ocrx_word' id='word_1_7' title='bbox 726 572 916 649; x_wconf 71' lang='lat' dir='ltr'><strong>specialiter</strong></span> 
     </span>
     <span class='ocr_line' id='line_1_3' title="bbox 141 668 917 746; baseline -0.003 -13"><span class='ocrx_word' id='word_1_8' title='bbox 141 672 176 733; x_wconf 91' lang='lat' dir='ltr'><strong>ad</strong></span> <span class='ocrx_word' id='word_1_9' title='bbox 189 668 377 746; x_wconf 81' lang='lat' dir='ltr'><strong>apostolicae</strong></span> <span class='ocrx_word' id='word_1_10' title='bbox 393 668 488 730; x_wconf 88' lang='lat' dir='ltr'><strong>Sedis</strong></span> <span class='ocrx_word' id='word_1_11' title='bbox 508 669 540 730; x_wconf 90' lang='lat' dir='ltr'><strong>et</strong></span> <span class='ocrx_word' id='word_1_12' title='bbox 554 669 702 730; x_wconf 89' lang='lat' dir='ltr'><strong>nostram</strong></span> <span class='ocrx_word' id='word_1_13' title='bbox 724 669 917 746; x_wconf 88' lang='lat' dir='ltr'><strong>dispositio-</strong></span> 
     </span>
     <span class='ocr_line' id='line_1_4' title="bbox 140 764 916 843; baseline -0.003 -13"><span class='ocrx_word' id='word_1_14' title='bbox 140 784 205 830; x_wconf 89' lang='lat' dir='ltr'><strong>nem</strong></span> <span class='ocrx_word' id='word_1_15' title='bbox 216 764 431 841; x_wconf 87' lang='lat' dir='ltr'><strong>respiciuntet</strong></span> <span class='ocrx_word' id='word_1_16' title='bbox 443 765 591 827; x_wconf 89' lang='lat' dir='ltr'><strong>tutelam.</strong></span> <span class='ocrx_word' id='word_1_17' title='bbox 601 767 795 843; x_wconf 86' lang='lat' dir='ltr'><strong>Eupropter,</strong></span> <span class='ocrx_word' id='word_1_18' title='bbox 804 767 916 830; x_wconf 87' lang='lat' dir='ltr'><strong>dilecti</strong></span> 
     </span>
     <span class='ocr_line' id='line_1_5' title="bbox 140 862 914 940; baseline -0.003 -14"><span class='ocrx_word' id='word_1_19' title='bbox 140 866 170 926; x_wconf 87' lang='lat' dir='ltr'><strong>in</strong></span> <span class='ocrx_word' id='word_1_20' title='bbox 189 863 317 925; x_wconf 87' lang='lat' dir='ltr'><strong>Domino</strong></span> <span class='ocrx_word' id='word_1_21' title='bbox 333 862 405 935; x_wconf 86' lang='lat' dir='ltr'><strong>lilii,</strong></span> <span class='ocrx_word' id='word_1_22' title='bbox 419 863 541 924; x_wconf 87' lang='lat' dir='ltr'><strong>vestris</strong></span> <span class='ocrx_word' id='word_1_23' title='bbox 561 864 662 940; x_wconf 88' lang='lat' dir='ltr'><strong>justis</strong></span> <span class='ocrx_word' id='word_1_24' title='bbox 678 864 914 940; x_wconf 90' lang='lat' dir='ltr'><strong>postulationi-</strong></span> 
     </span>
     <span class='ocr_line' id='line_1_6' title="bbox 139 960 915 1032; baseline -0.001 -9"><span class='ocrx_word' id='word_1_25' title='bbox 139 961 193 1023; x_wconf 90' lang='lat' dir='ltr'><strong>hus</strong></span> <span class='ocrx_word' id='word_1_26' title='bbox 207 960 379 1021; x_wconf 90' lang='lat' dir='ltr'><strong>clementer</strong></span> <span class='ocrx_word' id='word_1_27' title='bbox 402 961 591 1032; x_wconf 90' lang='lat' dir='ltr'><strong>annuimus,</strong></span> <span class='ocrx_word' id='word_1_28' title='bbox 622 962 655 1021; x_wconf 90' lang='lat' dir='ltr'><strong>et</strong></span> <span class='ocrx_word' id='word_1_29' title='bbox 678 961 915 1022; x_wconf 90' lang='lat' dir='ltr'><strong>monasterium</strong></span> 
     </span>
     <span class='ocr_line' id='line_1_7' title="bbox 140 1056 917 1134; baseline 0 -14"><span class='ocrx_word' id='word_1_30' title='bbox 140 1059 281 1128; x_wconf 90' lang='lat' dir='ltr'><strong>vestrum,</strong></span> <span class='ocrx_word' id='word_1_31' title='bbox 297 1056 332 1116; x_wconf 91' lang='lat' dir='ltr'><strong>in</strong></span> <span class='ocrx_word' id='word_1_32' title='bbox 343 1072 407 1134; x_wconf 90' lang='lat' dir='ltr'><strong>quo</strong></span> <span class='ocrx_word' id='word_1_33' title='bbox 422 1056 537 1119; x_wconf 90' lang='lat' dir='ltr'><strong>divino</strong></span> <span class='ocrx_word' id='word_1_34' title='bbox 558 1057 739 1134; x_wconf 91' lang='lat' dir='ltr'><strong>mancipati</strong></span> <span class='ocrx_word' id='word_1_35' title='bbox 754 1059 835 1119; x_wconf 85' lang='lat' dir='ltr'><strong>estis</strong></span> <span class='ocrx_word' id='word_1_36' title='bbox 857 1059 917 1120; x_wconf 92' lang='lat' dir='ltr'><strong>ob·</strong></span> 
     </span>
     <span class='ocr_line' id='line_1_8' title="bbox 139 1154 916 1232; baseline 0.003 -16"><span class='ocrx_word' id='word_1_37' title='bbox 139 1154 250 1232; x_wconf 80' lang='lat' dir='ltr'><strong>requie,</strong></span> <span class='ocrx_word' id='word_1_38' title='bbox 277 1154 318 1215; x_wconf 91' lang='lat' dir='ltr'><strong>ad</strong></span> <span class='ocrx_word' id='word_1_39' title='bbox 347 1155 518 1231; x_wconf 82' lang='lat' dir='ltr'><strong>exemplar</strong></span> <span class='ocrx_word' id='word_1_40' title='bbox 539 1154 646 1217; x_wconf 81' lang='lat' dir='ltr'><strong>felicis</strong></span> <span class='ocrx_word' id='word_1_41' title='bbox 675 1155 916 1218; x_wconf 86' lang='lat' dir='ltr'><strong>recordationis</strong></span> 
     </span>
     <span class='ocr_line' id='line_1_9' title="bbox 138 1251 914 1330; baseline 0 -15"><span class='ocrx_word' id='word_1_42' title='bbox 138 1251 302 1315; x_wconf 74' lang='lat' dir='ltr'><strong>Alexandri</strong></span> <span class='ocrx_word' id='word_1_43' title='bbox 324 1254 370 1312; x_wconf 93' lang='lat' dir='ltr'><strong>lll</strong></span> <span class='ocrx_word' id='word_1_44' title='bbox 391 1267 497 1330; x_wconf 78' lang='lat' dir='ltr'><strong>papae,</strong></span> <span class='ocrx_word' id='word_1_45' title='bbox 514 1254 769 1330; x_wconf 72' lang='lat' dir='ltr'><strong>predecessoris</strong></span> <span class='ocrx_word' id='word_1_46' title='bbox 796 1255 914 1326; x_wconf 80' lang='lat' dir='ltr'><strong>nostri,</strong></span> 
     </span>
     <span class='ocr_line' id='line_1_10' title="bbox 138 1348 915 1428; baseline 0 -16"><span class='ocrx_word' id='word_1_47' title='bbox 138 1349 191 1412; x_wconf 90' lang='lat' dir='ltr'><strong>suh</strong></span> <span class='ocrx_word' id='word_1_48' title='bbox 200 1348 283 1410; x_wconf 89' lang='lat' dir='ltr'><strong>beati</strong></span> <span class='ocrx_word' id='word_1_49' title='bbox 298 1349 389 1410; x_wconf 88' lang='lat' dir='ltr'><strong>Petri</strong></span> <span class='ocrx_word' id='word_1_50' title='bbox 403 1352 437 1411; x_wconf 90' lang='lat' dir='ltr'><strong>et</strong></span> <span class='ocrx_word' id='word_1_51' title='bbox 458 1350 574 1412; x_wconf 87' lang='lat' dir='ltr'><strong>nostra</strong></span> <span class='ocrx_word' id='word_1_52' title='bbox 587 1352 792 1428; x_wconf 89' lang='lat' dir='ltr'><strong>protectione</strong></span> <span class='ocrx_word' id='word_1_53' title='bbox 803 1352 915 1413; x_wconf 89' lang='lat' dir='ltr'><strong>susci-</strong></span> 
     </span>
     <span class='ocr_line' id='line_1_11' title="bbox 138 1446 918 1526; baseline 0.008 -20"><span class='ocrx_word' id='word_1_54' title='bbox 138 1448 245 1524; x_wconf 84' lang='lat' dir='ltr'><strong>pimus,</strong></span> <span class='ocrx_word' id='word_1_55' title='bbox 260 1447 293 1507; x_wconf 88' lang='lat' dir='ltr'><strong>et</strong></span> <span class='ocrx_word' id='word_1_56' title='bbox 306 1446 426 1523; x_wconf 90' lang='lat' dir='ltr'><strong>ipsum,</strong></span> <span class='ocrx_word' id='word_1_57' title='bbox 447 1447 534 1525; x_wconf 90' lang='lat' dir='ltr'><strong>quod</strong></span> <span class='ocrx_word' id='word_1_58' title='bbox 558 1448 751 1525; x_wconf 81' lang='lat' dir='ltr'><strong>specialiter</strong></span> <span class='ocrx_word' id='word_1_59' title='bbox 775 1450 918 1526; x_wconf 84' lang='lat' dir='ltr'><strong>Aposto-</strong></span> 
     </span>
     <span class='ocr_line' id='line_1_12' title="bbox 137 1542 917 1622; baseline 0.004 -18"><span class='ocrx_word' id='word_1_60' title='bbox 137 1544 202 1606; x_wconf 79' lang='grc'><strong>1111</strong></span> <span class='ocrx_word' id='word_1_61' title='bbox 217 1542 308 1605; x_wconf 84' lang='lat' dir='ltr'><strong>Sedis</strong></span> <span class='ocrx_word' id='word_1_62' title='bbox 323 1546 356 1606; x_wconf 90' lang='lat' dir='ltr'><strong>et</strong></span> <span class='ocrx_word' id='word_1_63' title='bbox 368 1545 474 1606; x_wconf 91' lang='lat' dir='ltr'><strong>nostri</strong></span> <span class='ocrx_word' id='word_1_64' title='bbox 487 1545 574 1622; x_wconf 88' lang='lat' dir='ltr'><strong>juris</strong></span> <span class='ocrx_word' id='word_1_65' title='bbox 593 1546 721 1619; x_wconf 78' lang='lat' dir='ltr'><strong>existit,</strong></span> <span class='ocrx_word' id='word_1_66' title='bbox 738 1546 917 1607; x_wconf 86' lang='lat' dir='ltr'><strong>confirma·</strong></span> 
     </span>
     <span class='ocr_line' id='line_1_13' title="bbox 136 1642 917 1720; baseline 0.003 -18"><span class='ocrx_word' id='word_1_67' title='bbox 136 1642 422 1718; x_wconf 82' lang='lat' dir='ltr'><strong>musetpraesentis</strong></span> <span class='ocrx_word' id='word_1_68' title='bbox 449 1643 566 1719; x_wconf 86' lang='lat' dir='ltr'><strong>scripti</strong></span> <span class='ocrx_word' id='word_1_69' title='bbox 581 1642 758 1720; x_wconf 79' lang='lat' dir='ltr'><strong>privilegio</strong></span> <span class='ocrx_word' id='word_1_70' title='bbox 774 1659 917 1705; x_wconf 91' lang='lat' dir='ltr'><strong>commu·</strong></span> 
     </span>
     <span class='ocr_line' id='line_1_14' title="bbox 137 1738 914 1819; baseline 0.005 -20"><span class='ocrx_word' id='word_1_71' title='bbox 137 1738 245 1810; x_wconf 90' lang='lat' dir='ltr'><strong>nimus,</strong></span> <span class='ocrx_word' id='word_1_72' title='bbox 266 1739 460 1813; x_wconf 85' lang='lat' dir='ltr'><strong>statuentes,</strong></span> <span class='ocrx_word' id='word_1_73' title='bbox 472 1743 509 1802; x_wconf 90' lang='lat' dir='ltr'><strong>ut</strong></span> <span class='ocrx_word' id='word_1_74' title='bbox 529 1756 753 1818; x_wconf 87' lang='lat' dir='ltr'><strong>quascumque</strong></span> <span class='ocrx_word' id='word_1_75' title='bbox 776 1757 914 1819; x_wconf 89' lang='lat' dir='ltr'><strong>posses·</strong></span> 
     </span>
     <span class='ocr_line' id='line_1_15' title="bbox 134 1835 915 1914; baseline 0.006 -19"><span class='ocrx_word' id='word_1_76' title='bbox 134 1835 245 1908; x_wconf 80' lang='lat' dir='ltr'><strong>aiones,</strong></span> <span class='ocrx_word' id='word_1_77' title='bbox 256 1837 566 1914; x_wconf 87' lang='lat' dir='ltr'><strong>quaecumquebona</strong></span> <span class='ocrx_word' id='word_1_78' title='bbox 579 1839 666 1901; x_wconf 91' lang='lat' dir='ltr'><strong>idem</strong></span> <span class='ocrx_word' id='word_1_79' title='bbox 677 1839 915 1901; x_wconf 89' lang='lat' dir='ltr'><strong>monasterium</strong></span> 
     </span>
     <span class='ocr_line' id='line_1_16' title="bbox 135 1933 913 2014; baseline 0.008 -22"><span class='ocrx_word' id='word_1_80' title='bbox 135 1933 165 1993; x_wconf 93' lang='lat' dir='ltr'><strong>in</strong></span> <span class='ocrx_word' id='word_1_81' title='bbox 178 1933 426 2009; x_wconf 71' lang='lat' dir='ltr'><strong>presentiarum</strong></span> <span class='ocrx_word' id='word_1_82' title='bbox 435 1936 525 2011; x_wconf 85' lang='lat' dir='ltr'><strong>juste</strong></span> <span class='ocrx_word' id='word_1_83' title='bbox 538 1937 571 1997; x_wconf 89' lang='lat' dir='ltr'><strong>ot</strong></span> <span class='ocrx_word' id='word_1_84' title='bbox 583 1936 742 1998; x_wconf 90' lang='lat' dir='ltr'><strong>canonice</strong></span> <span class='ocrx_word' id='word_1_85' title='bbox 757 1937 913 2014; x_wconf 86' lang='lat' dir='ltr'><strong>possidet,</strong></span> 
     </span>
     <span class='ocr_line' id='line_1_17' title="bbox 133 2028 916 2110; baseline 0.008 -22"><span class='ocrx_word' id='word_1_86' title='bbox 133 2028 184 2090; x_wconf 86' lang='lat' dir='ltr'><strong>aut</strong></span> <span class='ocrx_word' id='word_1_87' title='bbox 196 2030 229 2089; x_wconf 94' lang='lat' dir='ltr'><strong>iu</strong></span> <span class='ocrx_word' id='word_1_88' title='bbox 241 2029 387 2092; x_wconf 83' lang='lat' dir='ltr'><strong>futurum</strong></span> <span class='ocrx_word' id='word_1_89' title='bbox 400 2033 615 2095; x_wconf 87' lang='lat' dir='ltr'><strong>concessione</strong></span> <span class='ocrx_word' id='word_1_90' title='bbox 631 2034 834 2110; x_wconf 82' lang='lat' dir='ltr'><strong>pontificum,</strong></span> <span class='ocrx_word' id='word_1_91' title='bbox 851 2034 916 2095; x_wconf 91' lang='lat' dir='ltr'><strong>lar·</strong></span> 
     </span>
     <span class='ocr_line' id='line_1_18' title="bbox 132 2125 915 2208; baseline 0.011 -23"><span class='ocrx_word' id='word_1_92' title='bbox 132 2125 246 2201; x_wconf 80' lang='lat' dir='ltr'><strong>gittone</strong></span> <span class='ocrx_word' id='word_1_93' title='bbox 277 2143 395 2204; x_wconf 90' lang='lat' dir='ltr'><strong>regum</strong></span> <span class='ocrx_word' id='word_1_94' title='bbox 430 2131 484 2192; x_wconf 90' lang='lat' dir='ltr'><strong>vel</strong></span> <span class='ocrx_word' id='word_1_95' title='bbox 508 2132 716 2208; x_wconf 89' lang='lat' dir='ltr'><strong>principum,</strong></span> <span class='ocrx_word' id='word_1_96' title='bbox 748 2131 915 2194; x_wconf 89' lang='lat' dir='ltr'><strong>oblatione</strong></span> 
     </span>
     <span class='ocr_line' id='line_1_19' title="bbox 132 2221 915 2306; baseline 0.011 -24"><span class='ocrx_word' id='word_1_97' title='bbox 132 2221 278 2297; x_wconf 80' lang='lat' dir='ltr'><strong>bdelium,</strong></span> <span class='ocrx_word' id='word_1_98' title='bbox 302 2241 363 2287; x_wconf 92' lang='lat' dir='ltr'><strong>seu</strong></span> <span class='ocrx_word' id='word_1_99' title='bbox 377 2226 455 2287; x_wconf 90' lang='lat' dir='ltr'><strong>aliis</strong></span> <span class='ocrx_word' id='word_1_100' title='bbox 476 2229 577 2304; x_wconf 80' lang='lat' dir='ltr'><strong>Justis</strong></span> <span class='ocrx_word' id='word_1_101' title='bbox 592 2228 709 2300; x_wconf 88' lang='lat' dir='ltr'><strong>modis,</strong></span> <span class='ocrx_word' id='word_1_102' title='bbox 737 2230 915 2306; x_wconf 80' lang='lat' dir='ltr'><strong>praestante</strong></span> 
     </span>
     <span class='ocr_line' id='line_1_20' title="bbox 132 2320 914 2400; baseline 0.012 -21"><span class='ocrx_word' id='word_1_103' title='bbox 132 2320 269 2393; x_wconf 82' lang='grc'><strong>1111111111,</strong></span> <span class='ocrx_word' id='word_1_104' title='bbox 285 2323 409 2399; x_wconf 88' lang='lat' dir='ltr'><strong>poterit</strong></span> <span class='ocrx_word' id='word_1_105' title='bbox 430 2323 582 2400; x_wconf 85' lang='lat' dir='ltr'><strong>adipisci,</strong></span> <span class='ocrx_word' id='word_1_106' title='bbox 605 2324 701 2387; x_wconf 81' lang='lat' dir='ltr'><strong>firma</strong></span> <span class='ocrx_word' id='word_1_107' title='bbox 720 2326 815 2387; x_wconf 90' lang='lat' dir='ltr'><strong>vobis</strong></span> <span class='ocrx_word' id='word_1_108' title='bbox 834 2342 914 2388; x_wconf 84' lang='lat' dir='ltr'><strong>ves·</strong></span> 
     </span>
     <span class='ocr_line' id='line_1_21' title="bbox 130 2416 916 2501; baseline 0.011 -25"><span class='ocrx_word' id='word_1_109' title='bbox 130 2416 247 2494; x_wconf 86' lang='lat' dir='ltr'><strong>trisque</strong></span> <span class='ocrx_word' id='word_1_110' title='bbox 273 2420 524 2482; x_wconf 86' lang='lat' dir='ltr'><strong>successoribus</strong></span> <span class='ocrx_word' id='word_1_111' title='bbox 556 2424 590 2482; x_wconf 93' lang='lat' dir='ltr'><strong>et</strong></span> <span class='ocrx_word' id='word_1_112' title='bbox 625 2422 754 2485; x_wconf 89' lang='lat' dir='ltr'><strong>illibata</strong></span> <span class='ocrx_word' id='word_1_113' title='bbox 783 2439 916 2501; x_wconf 88' lang='lat' dir='ltr'><strong>perma-</strong></span> 
     </span>
     <span class='ocr_line' id='line_1_22' title="bbox 134 2515 917 2595; baseline 0.011 -22"><span class='ocrx_word' id='word_1_114' title='bbox 134 2515 235 2576; x_wconf 89' lang='lat' dir='ltr'><strong>neant.</strong></span> <span class='ocrx_word' id='word_1_115' title='bbox 250 2517 288 2576; x_wconf 90' lang='lat' dir='ltr'><strong>ln</strong></span> <span class='ocrx_word' id='word_1_116' title='bbox 299 2516 419 2593; x_wconf 88' lang='lat' dir='ltr'><strong>quihus</strong></span> <span class='ocrx_word' id='word_1_117' title='bbox 434 2518 506 2579; x_wconf 89' lang='lat' dir='ltr'><strong>haec</strong></span> <span class='ocrx_word' id='word_1_118' title='bbox 521 2519 664 2595; x_wconf 90' lang='lat' dir='ltr'><strong>propriis</strong></span> <span class='ocrx_word' id='word_1_119' title='bbox 680 2519 834 2581; x_wconf 84' lang='lat' dir='ltr'><strong>duximus</strong></span> <span class='ocrx_word' id='word_1_120' title='bbox 855 2537 917 2582; x_wconf 82' lang='lat' dir='ltr'><strong>ex-</strong></span> 
     </span>
     <span class='ocr_line' id='line_1_23' title="bbox 131 2611 912 2691; baseline 0.008 -20"><span class='ocrx_word' id='word_1_121' title='bbox 131 2611 292 2685; x_wconf 88' lang='lat' dir='ltr'><strong>primenda</strong></span> <span class='ocrx_word' id='word_1_122' title='bbox 304 2613 912 2691; x_wconf 78' lang='lat' dir='ltr'><strong>vocabuliszllillamSanctiRicharii,</strong></span> 
     </span>
     <span class='ocr_line' id='line_1_24' title="bbox 129 2706 916 2785; baseline 0.014 -20"><span class='ocrx_word' id='word_1_123' title='bbox 129 2706 162 2766; x_wconf 93' lang='lat' dir='ltr'><strong>in</strong></span> <span class='ocrx_word' id='word_1_124' title='bbox 171 2723 231 2785; x_wconf 91' lang='lat' dir='ltr'><strong>qua</strong></span> <span class='ocrx_word' id='word_1_125' title='bbox 239 2710 327 2772; x_wconf 91' lang='lat' dir='ltr'><strong>idem</strong></span> <span class='ocrx_word' id='word_1_126' title='bbox 340 2714 577 2774; x_wconf 89' lang='lat' dir='ltr'><strong>monasterium</strong></span> <span class='ocrx_word' id='word_1_127' title='bbox 592 2714 753 2777; x_wconf 92' lang='lat' dir='ltr'><strong>situmest</strong></span> <span class='ocrx_word' id='word_1_128' title='bbox 762 2731 836 2776; x_wconf 87' lang='lat' dir='ltr'><strong>eum</strong></span> <span class='ocrx_word' id='word_1_129' title='bbox 846 2715 916 2777; x_wconf 90' lang='lat' dir='ltr'><strong>tota</strong></span> 
     </span>
     <span class='ocr_line' id='line_1_25' title="bbox 129 2804 916 2891; baseline 0.013 -28"><span class='ocrx_word' id='word_1_130' title='bbox 129 2804 348 2870; x_wconf 87' lang='lat' dir='ltr'><strong>ecclesiastica</strong></span> <span class='ocrx_word' id='word_1_131' title='bbox 363 2810 504 2891; x_wconf 74' lang='lat' dir='ltr'><strong>justitia,</strong></span> <span class='ocrx_word' id='word_1_132' title='bbox 526 2811 559 2872; x_wconf 90' lang='lat' dir='ltr'><strong>at</strong></span> <span class='ocrx_word' id='word_1_133' title='bbox 573 2811 715 2887; x_wconf 86' lang='lat' dir='ltr'><strong>quadam</strong></span> <span class='ocrx_word' id='word_1_134' title='bbox 742 2814 835 2888; x_wconf 90' lang='lat' dir='ltr'><strong>parte</strong></span> <span class='ocrx_word' id='word_1_135' title='bbox 864 2811 916 2873; x_wconf 85' lang='lat' dir='ltr'><strong>lo-</strong></span> 
     </span>
     <span class='ocr_line' id='line_1_26' title="bbox 130 2902 915 2985; baseline 0.014 -26"><span class='ocrx_word' id='word_1_136' title='bbox 130 2902 228 2963; x_wconf 88' lang='lat' dir='ltr'><strong>rensis</strong></span> <span class='ocrx_word' id='word_1_137' title='bbox 237 2920 311 2965; x_wconf 90' lang='lat' dir='ltr'><strong>cnm</strong></span> <span class='ocrx_word' id='word_1_138' title='bbox 323 2906 512 2985; x_wconf 84' lang='lat' dir='ltr'><strong>parochiali</strong></span> <span class='ocrx_word' id='word_1_139' title='bbox 528 2908 678 2970; x_wconf 84' lang='lat' dir='ltr'><strong>ecclesiae</strong></span> <span class='ocrx_word' id='word_1_140' title='bbox 696 2910 827 2970; x_wconf 89' lang='lat' dir='ltr'><strong>Sanctae</strong></span> <span class='ocrx_word' id='word_1_141' title='bbox 841 2911 915 2970; x_wconf 92' lang='lat' dir='ltr'><strong>Ma-</strong></span> 
     </span>
     <span class='ocr_line' id='line_1_27' title="bbox 128 2997 915 3080; baseline 0.014 -24"><span class='ocrx_word' id='word_1_142' title='bbox 128 2997 182 3059; x_wconf 78' lang='lat' dir='ltr'><strong>rias</strong></span> <span class='ocrx_word' id='word_1_143' title='bbox 202 3002 233 3061; x_wconf 91' lang='lat' dir='ltr'><strong>et</strong></span> <span class='ocrx_word' id='word_1_144' title='bbox 252 3003 392 3078; x_wconf 90' lang='lat' dir='ltr'><strong>capellis</strong></span> <span class='ocrx_word' id='word_1_145' title='bbox 418 3004 566 3080; x_wconf 91' lang='lat' dir='ltr'><strong>ejusdem</strong></span> <span class='ocrx_word' id='word_1_146' title='bbox 594 3004 699 3080; x_wconf 81' lang='lat' dir='ltr'><strong>villae3</strong></span> <span class='ocrx_word' id='word_1_147' title='bbox 716 3007 915 3068; x_wconf 86' lang='lat' dir='ltr'><strong>Fenestense</strong></span> 
     </span>
     <span class='ocr_line' id='line_1_28' title="bbox 128 3099 914 3177; baseline 0.014 -24"><span class='ocrx_word' id='word_1_148' title='bbox 128 3099 369 3172; x_wconf 88' lang='lat' dir='ltr'><strong>monasterium,</strong></span> <span class='ocrx_word' id='word_1_149' title='bbox 394 3100 509 3162; x_wconf 86' lang='lat' dir='ltr'><strong>villam</strong></span> <span class='ocrx_word' id='word_1_150' title='bbox 530 3102 665 3177; x_wconf 90' lang='lat' dir='ltr'><strong>Bogarii</strong></span> <span class='ocrx_word' id='word_1_151' title='bbox 690 3118 764 3164; x_wconf 91' lang='lat' dir='ltr'><strong>cum</strong></span> <span class='ocrx_word' id='word_1_152' title='bbox 786 3102 914 3165; x_wconf 88' lang='lat' dir='ltr'><strong>duabus</strong></span> 
     </span>
     <span class='ocr_line' id='line_1_29' title="bbox 128 3193 912 3275; baseline 0.006 -20"><span class='ocrx_word' id='word_1_153' title='bbox 128 3193 267 3265; x_wconf 81' lang='lat' dir='ltr'><strong>partibus</strong></span> <span class='ocrx_word' id='word_1_154' title='bbox 283 3196 488 3258; x_wconf 87' lang='lat' dir='ltr'><strong>decimarum</strong></span> <span class='ocrx_word' id='word_1_155' title='bbox 498 3198 642 3275; x_wconf 80' lang='lat' dir='ltr'><strong>frugum3</strong></span> <span class='ocrx_word' id='word_1_156' title='bbox 658 3215 777 3261; x_wconf 88' lang='lat' dir='ltr'><strong>novam</strong></span> <span class='ocrx_word' id='word_1_157' title='bbox 787 3200 912 3275; x_wconf 90' lang='lat' dir='ltr'><strong>villam;</strong></span> 
     </span>
     <span class='ocr_line' id='line_1_30' title="bbox 127 3287 912 3375; baseline 0.011 -27"><span class='ocrx_word' id='word_1_158' title='bbox 127 3287 283 3367; x_wconf 84' lang='lat' dir='ltr'><strong>Busejum,</strong></span> <span class='ocrx_word' id='word_1_159' title='bbox 298 3294 515 3370; x_wconf 86' lang='lat' dir='ltr'><strong>Bugniaoum,</strong></span> <span class='ocrx_word' id='word_1_160' title='bbox 532 3296 740 3369; x_wconf 88' lang='lat' dir='ltr'><strong>Drusiacum,</strong></span> <span class='ocrx_word' id='word_1_161' title='bbox 768 3297 912 3375; x_wconf 87' lang='lat' dir='ltr'><strong>Majoch,</strong></span> 
     </span>
     <span class='ocr_line' id='line_1_31' title="bbox 126 3381 914 3470; baseline 0.013 -27"><span class='ocrx_word' id='word_1_162' title='bbox 126 3381 268 3459; x_wconf 83' lang='grc'><strong>11111111,</strong></span> <span class='ocrx_word' id='word_1_163' title='bbox 301 3389 468 3462; x_wconf 83' lang='grc'><strong>1111111111,</strong></span> <span class='ocrx_word' id='word_1_164' title='bbox 498 3392 689 3467; x_wconf 75' lang='lat' dir='ltr'><strong>argenium,</strong></span> <span class='ocrx_word' id='word_1_165' title='bbox 706 3393 914 3470; x_wconf 83' lang='lat' dir='ltr'><strong>Cujsncurch</strong></span> 
     </span>
     <span class='ocr_line' id='line_1_32' title="bbox 127 3485 914 3560; baseline 0.017 -22"><span class='ocrx_word' id='word_1_166' title='bbox 127 3492 194 3541; x_wconf 89' lang='lat' dir='ltr'><strong>cum</strong></span> <span class='ocrx_word' id='word_1_167' title='bbox 220 3485 333 3557; x_wconf 89' lang='lat' dir='ltr'><strong>altari,</strong></span> <span class='ocrx_word' id='word_1_168' title='bbox 348 3487 450 3547; x_wconf 87' lang='lat' dir='ltr'><strong>terris</strong></span> <span class='ocrx_word' id='word_1_169' title='bbox 478 3486 512 3548; x_wconf 88' lang='lat' dir='ltr'><strong>et</strong></span> <span class='ocrx_word' id='word_1_170' title='bbox 534 3488 653 3560; x_wconf 90' lang='lat' dir='ltr'><strong>vineis,</strong></span> <span class='ocrx_word' id='word_1_171' title='bbox 670 3490 704 3551; x_wconf 91' lang='lat' dir='ltr'><strong>et</strong></span> <span class='ocrx_word' id='word_1_172' title='bbox 726 3505 864 3552; x_wconf 89' lang='lat' dir='ltr'><strong>nemora</strong></span> <span class='ocrx_word' id='word_1_173' title='bbox 878 3490 914 3551; x_wconf 91' lang='lat' dir='ltr'><strong>iu</strong></span> 
     </span>
     <span class='ocr_line' id='line_1_33' title="bbox 125 3577 912 3665; baseline 0.017 -28"><span class='ocrx_word' id='word_1_174' title='bbox 125 3577 289 3657; x_wconf 76' lang='lat' dir='ltr'><strong>lausia003</strong></span> <span class='ocrx_word' id='word_1_175' title='bbox 306 3582 549 3646; x_wconf 88' lang='lat' dir='ltr'><strong>altareJullian</strong></span> <span class='ocrx_word' id='word_1_176' title='bbox 564 3601 638 3646; x_wconf 90' lang='lat' dir='ltr'><strong>cum</strong></span> <span class='ocrx_word' id='word_1_177' title='bbox 653 3586 747 3647; x_wconf 89' lang='lat' dir='ltr'><strong>curte</strong></span> <span class='ocrx_word' id='word_1_178' title='bbox 760 3588 793 3648; x_wconf 91' lang='lat' dir='ltr'><strong>et</strong></span> <span class='ocrx_word' id='word_1_179' title='bbox 806 3587 912 3665; x_wconf 89' lang='lat' dir='ltr'><strong>perti-</strong></span> 
     </span>
     <span class='ocr_line' id='line_1_34' title="bbox 125 3675 912 3757; baseline 0.017 -25"><span class='ocrx_word' id='word_1_180' title='bbox 125 3675 238 3737; x_wconf 89' lang='lat' dir='ltr'><strong>nentiis</strong></span> <span class='ocrx_word' id='word_1_181' title='bbox 258 3678 348 3754; x_wconf 81' lang='lat' dir='ltr'><strong>suis3</strong></span> <span class='ocrx_word' id='word_1_182' title='bbox 376 3681 483 3744; x_wconf 90' lang='lat' dir='ltr'><strong>altare</strong></span> <span class='ocrx_word' id='word_1_183' title='bbox 504 3682 636 3756; x_wconf 87' lang='lat' dir='ltr'><strong>Brachi,</strong></span> <span class='ocrx_word' id='word_1_184' title='bbox 654 3683 761 3745; x_wconf 91' lang='lat' dir='ltr'><strong>altare</strong></span> <span class='ocrx_word' id='word_1_185' title='bbox 774 3685 912 3757; x_wconf 83' lang='lat' dir='ltr'><strong>Astiaci,</strong></span> 
     </span>
     <span class='ocr_line' id='line_1_35' title="bbox 124 3769 913 3857; baseline 0.015 -28"><span class='ocrx_word' id='word_1_186' title='bbox 124 3769 332 3838; x_wconf 89' lang='lat' dir='ltr'><strong>Bredunense</strong></span> <span class='ocrx_word' id='word_1_187' title='bbox 342 3778 529 3840; x_wconf 89' lang='lat' dir='ltr'><strong>coenohium</strong></span> <span class='ocrx_word' id='word_1_188' title='bbox 540 3795 614 3841; x_wconf 92' lang='lat' dir='ltr'><strong>cum</strong></span> <span class='ocrx_word' id='word_1_189' title='bbox 625 3781 832 3857; x_wconf 88' lang='lat' dir='ltr'><strong>appendiciis</strong></span> <span class='ocrx_word' id='word_1_190' title='bbox 843 3782 913 3842; x_wconf 91' lang='lat' dir='ltr'><strong>suis</strong></span> 
     </span>
     <span class='ocr_line' id='line_1_36' title="bbox 126 3868 912 3954; baseline 0.017 -28"><span class='ocrx_word' id='word_1_191' title='bbox 126 3868 157 3928; x_wconf 91' lang='lat' dir='ltr'><strong>et</strong></span> <span class='ocrx_word' id='word_1_192' title='bbox 176 3873 361 3946; x_wconf 87' lang='lat' dir='ltr'><strong>parochiali</strong></span> <span class='ocrx_word' id='word_1_193' title='bbox 377 3875 529 3938; x_wconf 86' lang='lat' dir='ltr'><strong>ecclesia.</strong></span> <span class='ocrx_word' id='word_1_194' title='bbox 554 3879 590 3937; x_wconf 92' lang='grc'><strong>111</strong></span> <span class='ocrx_word' id='word_1_195' title='bbox 617 3878 810 3954; x_wconf 88' lang='lat' dir='ltr'><strong>episcopatu</strong></span> <span class='ocrx_word' id='word_1_196' title='bbox 824 3880 912 3939; x_wconf 83' lang='lat' dir='ltr'><strong>Tor-</strong></span> 
     </span>
     <span class='ocr_line' id='line_1_37' title="bbox 124 3971 914 4052; baseline 0.015 -29"><span class='ocrx_word' id='word_1_197' title='bbox 124 3971 253 4030; x_wconf 88' lang='lat' dir='ltr'><strong>uaoensi</strong></span> <span class='ocrx_word' id='word_1_198' title='bbox 265 3971 394 4045; x_wconf 86' lang='lat' dir='ltr'><strong>villam,</strong></span> <span class='ocrx_word' id='word_1_199' title='bbox 407 3989 480 4050; x_wconf 88' lang='lat' dir='ltr'><strong>quae</strong></span> <span class='ocrx_word' id='word_1_200' title='bbox 491 3973 613 4036; x_wconf 92' lang='lat' dir='ltr'><strong>dicitur</strong></span> <span class='ocrx_word' id='word_1_201' title='bbox 623 3974 767 4052; x_wconf 85' lang='lat' dir='ltr'><strong>capella.</strong></span> <span class='ocrx_word' id='word_1_202' title='bbox 780 3978 914 4036; x_wconf 76' lang='grc'><strong>111111-</strong></span> 
     </span>
     <span class='ocr_line' id='line_1_38' title="bbox 124 4060 914 4149; baseline 0.015 -29"><span class='ocrx_word' id='word_1_203' title='bbox 124 4060 222 4126; x_wconf 88' lang='lat' dir='ltr'><strong>diensi</strong></span> <span class='ocrx_word' id='word_1_204' title='bbox 231 4068 435 4146; x_wconf 88' lang='lat' dir='ltr'><strong>episcopatu,</strong></span> <span class='ocrx_word' id='word_1_205' title='bbox 447 4071 574 4143; x_wconf 86' lang='lat' dir='ltr'><strong>villam,</strong></span> <span class='ocrx_word' id='word_1_206' title='bbox 588 4087 661 4149; x_wconf 88' lang='lat' dir='ltr'><strong>quae</strong></span> <span class='ocrx_word' id='word_1_207' title='bbox 673 4071 795 4133; x_wconf 89' lang='lat' dir='ltr'><strong>dicitur</strong></span> <span class='ocrx_word' id='word_1_208' title='bbox 806 4072 914 4134; x_wconf 88' lang='lat' dir='ltr'><strong>Mater</strong></span> 
     </span>
     <span class='ocr_line' id='line_1_39' title="bbox 123 4163 912 4245; baseline 0.016 -27"><span class='ocrx_word' id='word_1_209' title='bbox 123 4163 246 4225; x_wconf 89' lang='lat' dir='ltr'><strong>mortua</strong></span> <span class='ocrx_word' id='word_1_210' title='bbox 261 4181 338 4227; x_wconf 89' lang='lat' dir='ltr'><strong>cum</strong></span> <span class='ocrx_word' id='word_1_211' title='bbox 347 4168 440 4229; x_wconf 87' lang='lat' dir='ltr'><strong>curte</strong></span> <span class='ocrx_word' id='word_1_212' title='bbox 453 4170 486 4230; x_wconf 90' lang='lat' dir='ltr'><strong>et</strong></span> <span class='ocrx_word' id='word_1_213' title='bbox 495 4168 712 4245; x_wconf 91' lang='lat' dir='ltr'><strong>appendiciis,</strong></span> <span class='ocrx_word' id='word_1_214' title='bbox 722 4169 912 4231; x_wconf 88' lang='lat' dir='ltr'><strong>molendina</strong></span> 
     </span>
     <span class='ocr_line' id='line_1_40' title="bbox 122 4254 913 4342; baseline 0.013 -26"><span class='ocrx_word' id='word_1_215' title='bbox 122 4254 159 4317; x_wconf 91' lang='lat' dir='ltr'><strong>de</strong></span> <span class='ocrx_word' id='word_1_216' title='bbox 175 4260 386 4336; x_wconf 79' lang='grc'><strong>(1111111111,</strong></span> <span class='ocrx_word' id='word_1_217' title='bbox 411 4264 573 4338; x_wconf 88' lang='lat' dir='ltr'><strong>Villeuas,</strong></span> <span class='ocrx_word' id='word_1_218' title='bbox 599 4266 810 4342; x_wconf 86' lang='lat' dir='ltr'><strong>Baispergas,</strong></span> <span class='ocrx_word' id='word_1_219' title='bbox 835 4267 913 4328; x_wconf 84' lang='lat' dir='ltr'><strong>Ahii</strong></span> 
     </span>
     <span class='ocr_line' id='line_1_41' title="bbox 123 4358 910 4438; baseline 0.014 -25"><span class='ocrx_word' id='word_1_220' title='bbox 123 4358 250 4423; x_wconf 84' lang='lat' dir='ltr'><strong>montis.</strong></span> <span class='ocrx_word' id='word_1_221' title='bbox 265 4360 476 4433; x_wconf 87' lang='lat' dir='ltr'><strong>Wivereutii,</strong></span> <span class='ocrx_word' id='word_1_222' title='bbox 494 4361 694 4434; x_wconf 86' lang='lat' dir='ltr'><strong>colomintii,</strong></span> <span class='ocrx_word' id='word_1_223' title='bbox 711 4363 910 4438; x_wconf 81' lang='lat' dir='ltr'><strong>Gramhusii,</strong></span> 
     </span>
     <span class='ocr_line' id='line_1_42' title="bbox 121 4450 910 4535; baseline 0.016 -24"><span class='ocrx_word' id='word_1_224' title='bbox 121 4450 357 4529; x_wconf 85' lang='lat' dir='ltr'><strong>Iaspauarum,</strong></span> <span class='ocrx_word' id='word_1_225' title='bbox 380 4459 583 4532; x_wconf 88' lang='lat' dir='ltr'><strong>Mitiencurt,</strong></span> <span class='ocrx_word' id='word_1_226' title='bbox 605 4459 755 4531; x_wconf 75' lang='lat' dir='ltr'><strong>nebulosi</strong></span> <span class='ocrx_word' id='word_1_227' title='bbox 778 4462 910 4535; x_wconf 90' lang='lat' dir='ltr'><strong>montis,</strong></span> 
     </span>
     <span class='ocr_line' id='line_1_43' title="bbox 120 4548 911 4630; baseline 0.019 -24"><span class='ocrx_word' id='word_1_228' title='bbox 120 4548 151 4607; x_wconf 88' lang='lat' dir='ltr'><strong>et</strong></span> <span class='ocrx_word' id='word_1_229' title='bbox 169 4548 210 4611; x_wconf 89' lang='lat' dir='ltr'><strong>de</strong></span> <span class='ocrx_word' id='word_1_230' title='bbox 232 4553 389 4615; x_wconf 87' lang='lat' dir='ltr'><strong>vallibus.</strong></span> <span class='ocrx_word' id='word_1_231' title='bbox 406 4556 569 4618; x_wconf 82' lang='lat' dir='ltr'><strong>Indicium</strong></span> <span class='ocrx_word' id='word_1_232' title='bbox 589 4559 709 4630; x_wconf 90' lang='lat' dir='ltr'><strong>autem,</strong></span> <span class='ocrx_word' id='word_1_233' title='bbox 727 4559 911 4621; x_wconf 83' lang='grc'><strong>1111111111-</strong></span> 
     </span>
     <span class='ocr_line' id='line_1_44' title="bbox 119 4642 914 4734; baseline 0.02 -31"><span class='ocrx_word' id='word_1_234' title='bbox 119 4642 210 4707; x_wconf 87' lang='lat' dir='ltr'><strong>tenus</strong></span> <span class='ocrx_word' id='word_1_235' title='bbox 238 4650 383 4713; x_wconf 90' lang='lat' dir='ltr'><strong>ecclesia</strong></span> <span class='ocrx_word' id='word_1_236' title='bbox 414 4655 811 4717; x_wconf 82' lang='grc'><strong>1611111111111111111</strong></span> <span class='ocrx_word' id='word_1_237' title='bbox 839 4660 914 4734; x_wconf 89' lang='lat' dir='ltr'><strong>post</strong></span> 
     </span>
     <span class='ocr_line' id='line_1_45' title="bbox 120 4738 912 4825; baseline 0.021 -27"><span class='ocrx_word' id='word_1_238' title='bbox 120 4738 203 4803; x_wconf 91' lang='lat' dir='ltr'><strong>diem</strong></span> <span class='ocrx_word' id='word_1_239' title='bbox 216 4748 432 4811; x_wconf 78' lang='lat' dir='ltr'><strong>pentecostes</strong></span> <span class='ocrx_word' id='word_1_240' title='bbox 445 4749 615 4813; x_wconf 87' lang='lat' dir='ltr'><strong>celebrare</strong></span> <span class='ocrx_word' id='word_1_241' title='bbox 623 4753 807 4825; x_wconf 89' lang='lat' dir='ltr'><strong>consuevit,</strong></span> <span class='ocrx_word' id='word_1_242' title='bbox 817 4754 912 4817; x_wconf 86' lang='lat' dir='ltr'><strong>robis</strong></span> 
     </span>
     <span class='ocr_line' id='line_1_46' title="bbox 120 4840 912 4928; baseline 0.02 -32"><span class='ocrx_word' id='word_1_243' title='bbox 120 4840 362 4917; x_wconf 84' lang='lat' dir='ltr'><strong>confirmamus,</strong></span> <span class='ocrx_word' id='word_1_244' title='bbox 379 4846 412 4908; x_wconf 91' lang='lat' dir='ltr'><strong>et</strong></span> <span class='ocrx_word' id='word_1_245' title='bbox 433 4863 476 4908; x_wconf 90' lang='lat' dir='ltr'><strong>ne</strong></span> <span class='ocrx_word' id='word_1_246' title='bbox 491 4848 566 4925; x_wconf 85' lang='lat' dir='ltr'><strong>quis</strong></span> <span class='ocrx_word' id='word_1_247' title='bbox 582 4864 652 4918; x_wconf 87' lang='lat' dir='ltr'><strong>eos,</strong></span> <span class='ocrx_word' id='word_1_248' title='bbox 669 4849 725 4927; x_wconf 90' lang='lat' dir='ltr'><strong>qui</strong></span> <span class='ocrx_word' id='word_1_249' title='bbox 747 4850 912 4928; x_wconf 91' lang='lat' dir='ltr'><strong>adipsum</strong></span> 
     </span>
     <span class='ocr_line' id='line_1_47' title="bbox 119 4933 913 5025; baseline 0.02 -31"><span class='ocrx_word' id='word_1_250' title='bbox 119 4933 276 5001; x_wconf 89' lang='lat' dir='ltr'><strong>indictum</strong></span> <span class='ocrx_word' id='word_1_251' title='bbox 291 4945 508 5006; x_wconf 81' lang='lat' dir='ltr'><strong>convenerint</strong></span> <span class='ocrx_word' id='word_1_252' title='bbox 521 4945 556 5005; x_wconf 91' lang='lat' dir='ltr'><strong>in</strong></span> <span class='ocrx_word' id='word_1_253' title='bbox 569 4945 676 5019; x_wconf 90' lang='lat' dir='ltr'><strong>bonis,</strong></span> <span class='ocrx_word' id='word_1_254' title='bbox 690 4946 744 5008; x_wconf 83' lang='grc'><strong>161</strong></span> <span class='ocrx_word' id='word_1_255' title='bbox 760 4950 913 5025; x_wconf 89' lang='lat' dir='ltr'><strong>personis</strong></span> 
     </span>
     <span class='ocr_line' id='line_1_48' title="bbox 118 5031 914 5120; baseline 0.019 -28"><span class='ocrx_word' id='word_1_256' title='bbox 118 5031 295 5111; x_wconf 84' lang='lat' dir='ltr'><strong>offendere,</strong></span> <span class='ocrx_word' id='word_1_257' title='bbox 320 5039 375 5101; x_wconf 89' lang='lat' dir='ltr'><strong>vel</strong></span> <span class='ocrx_word' id='word_1_258' title='bbox 395 5041 573 5104; x_wconf 87' lang='lat' dir='ltr'><strong>molestare</strong></span> <span class='ocrx_word' id='word_1_259' title='bbox 587 5045 775 5120; x_wconf 88' lang='lat' dir='ltr'><strong>praesumat,</strong></span> <span class='ocrx_word' id='word_1_260' title='bbox 797 5048 914 5107; x_wconf 87' lang='lat' dir='ltr'><strong>aucto-</strong></span> 
     </span>
     <span class='ocr_line' id='line_1_49' title="bbox 118 5129 912 5214; baseline 0.023 -27"><span class='ocrx_word' id='word_1_261' title='bbox 118 5129 212 5194; x_wconf 89' lang='lat' dir='ltr'><strong>ritate</strong></span> <span class='ocrx_word' id='word_1_262' title='bbox 221 5136 414 5212; x_wconf 80' lang='lat' dir='ltr'><strong>Apostolica</strong></span> <span class='ocrx_word' id='word_1_263' title='bbox 429 5138 653 5214; x_wconf 86' lang='lat' dir='ltr'><strong>prohibemus.</strong></span> <span class='ocrx_word' id='word_1_264' title='bbox 667 5140 816 5204; x_wconf 85' lang='lat' dir='ltr'><strong>Oheuute</strong></span> <span class='ocrx_word' id='word_1_265' title='bbox 831 5159 912 5205; x_wconf 91' lang='lat' dir='ltr'><strong>vero</strong></span> 
     </span>
     <span class='ocr_line' id='line_1_50' title="bbox 116 5226 912 5311; baseline 0.019 -25"><span class='ocrx_word' id='word_1_266' title='bbox 116 5226 158 5299; x_wconf 87' lang='lat' dir='ltr'><strong>te,</strong></span> <span class='ocrx_word' id='word_1_267' title='bbox 174 5246 264 5293; x_wconf 89' lang='lat' dir='ltr'><strong>nunc</strong></span> <span class='ocrx_word' id='word_1_268' title='bbox 288 5233 437 5309; x_wconf 89' lang='lat' dir='ltr'><strong>ejusdem</strong></span> <span class='ocrx_word' id='word_1_269' title='bbox 465 5236 530 5297; x_wconf 89' lang='lat' dir='ltr'><strong>loci</strong></span> <span class='ocrx_word' id='word_1_270' title='bbox 554 5228 683 5311; x_wconf 85' lang='lat' dir='ltr'><strong>abbate,</strong></span> <span class='ocrx_word' id='word_1_271' title='bbox 713 5239 912 5301; x_wconf 79' lang='lat' dir='ltr'><strong>veltuorum</strong></span> 
     </span>
     <span class='ocr_line' id='line_1_51' title="bbox 117 5327 914 5413; baseline 0.018 -29"><span class='ocrx_word' id='word_1_272' title='bbox 117 5327 261 5399; x_wconf 87' lang='lat' dir='ltr'><strong>quolibet</strong></span> <span class='ocrx_word' id='word_1_273' title='bbox 285 5346 527 5404; x_wconf 88' lang='lat' dir='ltr'><strong>successorum,</strong></span> <span class='ocrx_word' id='word_1_274' title='bbox 544 5334 656 5395; x_wconf 89' lang='lat' dir='ltr'><strong>nullus</strong></span> <span class='ocrx_word' id='word_1_275' title='bbox 682 5335 743 5397; x_wconf 89' lang='lat' dir='ltr'><strong>tihi</strong></span> <span class='ocrx_word' id='word_1_276' title='bbox 767 5337 914 5413; x_wconf 88' lang='lat' dir='ltr'><strong>qualibet</strong></span> 
     </span>
     <span class='ocr_line' id='line_1_52' title="bbox 116 5421 911 5512; baseline 0.021 -31"><span class='ocrx_word' id='word_1_277' title='bbox 116 5421 337 5502; x_wconf 84' lang='lat' dir='ltr'><strong>subreptionis</strong></span> <span class='ocrx_word' id='word_1_278' title='bbox 352 5429 486 5497; x_wconf 90' lang='lat' dir='ltr'><strong>astutia,</strong></span> <span class='ocrx_word' id='word_1_279' title='bbox 507 5446 567 5492; x_wconf 92' lang='lat' dir='ltr'><strong>seu</strong></span> <span class='ocrx_word' id='word_1_280' title='bbox 593 5432 754 5495; x_wconf 88' lang='lat' dir='ltr'><strong>violentia</strong></span> <span class='ocrx_word' id='word_1_281' title='bbox 777 5450 911 5512; x_wconf 87' lang='lat' dir='ltr'><strong>praepo-</strong></span> 
     </span>
     <span class='ocr_line' id='line_1_53' title="bbox 116 5522 913 5602; baseline 0.023 -25"><span class='ocrx_word' id='word_1_282' title='bbox 116 5522 223 5594; x_wconf 89' lang='lat' dir='ltr'><strong>natur,</strong></span> <span class='ocrx_word' id='word_1_283' title='bbox 242 5524 311 5584; x_wconf 91' lang='lat' dir='ltr'><strong>nisi</strong></span> <span class='ocrx_word' id='word_1_284' title='bbox 324 5541 420 5602; x_wconf 90' lang='lat' dir='ltr'><strong>quem</strong></span> <span class='ocrx_word' id='word_1_285' title='bbox 436 5527 557 5590; x_wconf 89' lang='lat' dir='ltr'><strong>iratres</strong></span> <span class='ocrx_word' id='word_1_286' title='bbox 566 5530 733 5591; x_wconf 88' lang='lat' dir='ltr'><strong>communi</strong></span> <span class='ocrx_word' id='word_1_287' title='bbox 748 5547 913 5594; x_wconf 85' lang='lat' dir='ltr'><strong>consensu</strong></span> 
     </span>
     <span class='ocr_line' id='line_1_54' title="bbox 114 5618 911 5701; baseline 0.02 -25"><span class='ocrx_word' id='word_1_288' title='bbox 114 5618 166 5677; x_wconf 86' lang='lat' dir='ltr'><strong>vel</strong></span> <span class='ocrx_word' id='word_1_289' title='bbox 175 5619 320 5682; x_wconf 80' lang='lat' dir='ltr'><strong>fratrum</strong></span> <span class='ocrx_word' id='word_1_290' title='bbox 335 5640 412 5701; x_wconf 87' lang='lat' dir='ltr'><strong>pars</strong></span> <span class='ocrx_word' id='word_1_291' title='bbox 425 5625 559 5686; x_wconf 88' lang='lat' dir='ltr'><strong>consilii</strong></span> <span class='ocrx_word' id='word_1_292' title='bbox 570 5627 715 5690; x_wconf 91' lang='lat' dir='ltr'><strong>sanioris</strong></span> <span class='ocrx_word' id='word_1_293' title='bbox 731 5630 911 5691; x_wconf 91' lang='lat' dir='ltr'><strong>secundum</strong></span> 
     </span>
     <span class='ocr_line' id='line_1_55' title="bbox 116 5714 911 5802; baseline 0.02 -28"><span class='ocrx_word' id='word_1_294' title='bbox 116 5714 171 5776; x_wconf 80' lang='lat' dir='ltr'><strong>liei</strong></span> <span class='ocrx_word' id='word_1_295' title='bbox 185 5717 353 5794; x_wconf 89' lang='lat' dir='ltr'><strong>timorem,</strong></span> <span class='ocrx_word' id='word_1_296' title='bbox 370 5723 402 5783; x_wconf 92' lang='lat' dir='ltr'><strong>et</strong></span> <span class='ocrx_word' id='word_1_297' title='bbox 414 5721 503 5784; x_wconf 88' lang='lat' dir='ltr'><strong>beati</strong></span> <span class='ocrx_word' id='word_1_298' title='bbox 518 5726 689 5788; x_wconf 86' lang='lat' dir='ltr'><strong>Benedicti</strong></span> <span class='ocrx_word' id='word_1_299' title='bbox 704 5727 855 5802; x_wconf 86' lang='lat' dir='ltr'><strong>regulam</strong></span> <span class='ocrx_word' id='word_1_300' title='bbox 871 5729 911 5790; x_wconf 93' lang='lat' dir='ltr'><strong>de</strong></span> 
     </span>
    </p>
   </div>
   <div class='ocr_carea' id='block_1_3' title="bbox 719 411 1162 474">
    <p class='ocr_par' dir='ltr' id='par_1_3' title="bbox 719 411 1162 474">
     <span class='ocr_line' id='line_1_56' title="bbox 719 411 1162 474; baseline -0.002 -2"><span class='ocrx_word' id='word_1_301' title='bbox 719 411 950 472; x_wconf 82' lang='lat' dir='ltr'><strong>EPISTOLAE.</strong></span> <span class='ocrx_word' id='word_1_302' title='bbox 973 413 1052 473; x_wconf 87' lang='lat' dir='ltr'><strong>LIB.</strong></span> <span class='ocrx_word' id='word_1_303' title='bbox 1076 413 1162 474; x_wconf 89' lang='lat' dir='ltr'><strong>VIII.</strong></span> 
     </span>
    </p>
   </div>
   <div class='ocr_carea' id='block_1_4' title="bbox 1632 260 1746 287">
    <p class='ocr_par' dir='ltr' id='par_1_4' title="bbox 1632 260 1746 287">
     <span class='ocr_line' id='line_1_57' title="bbox 1632 260 1746 287; baseline 0.009 -1"><span class='ocrx_word' id='word_1_304' title='bbox 1632 276 1636 281; x_wconf 80' lang='lat'><strong>·</strong></span> <span class='ocrx_word' id='word_1_305' title='bbox 1732 260 1746 287; x_wconf 66' lang='grc' dir='ltr'>ἱ</span> 
     </span>
    </p>
   </div>
   <div class='ocr_carea' id='block_1_5' title="bbox 1706 415 1767 476">
    <p class='ocr_par' dir='ltr' id='par_1_5' title="bbox 1706 415 1767 476">
     <span class='ocr_line' id='line_1_58' title="bbox 1706 415 1767 476; baseline -0.016 0"><span class='ocrx_word' id='word_1_306' title='bbox 1706 415 1767 476; x_wconf 79' lang='grc'><strong>6112</strong></span> 
     </span>
    </p>
   </div>
   <div class='ocr_carea' id='block_1_6' title="bbox 965 571 1765 5804">
    <p class='ocr_par' dir='ltr' id='par_1_6' title="bbox 970 571 1765 1217">
     <span class='ocr_line' id='line_1_59' title="bbox 972 571 1764 650; baseline 0.005 -17"><span class='ocrx_word' id='word_1_307' title='bbox 972 571 1100 646; x_wconf 86' lang='lat' dir='ltr'><strong>eodem,</strong></span> <span class='ocrx_word' id='word_1_308' title='bbox 1123 573 1176 636; x_wconf 88' lang='lat' dir='ltr'><strong>vel</strong></span> <span class='ocrx_word' id='word_1_309' title='bbox 1203 572 1243 634; x_wconf 92' lang='lat' dir='ltr'><strong>de</strong></span> <span class='ocrx_word' id='word_1_310' title='bbox 1258 572 1398 650; x_wconf 90' lang='lat' dir='ltr'><strong>collegio</strong></span> <span class='ocrx_word' id='word_1_311' title='bbox 1413 572 1552 637; x_wconf 89' lang='lat' dir='ltr'><strong>alterius</strong></span> <span class='ocrx_word' id='word_1_312' title='bbox 1566 572 1718 648; x_wconf 89' lang='lat' dir='ltr'><strong>caenobii,</strong></span> <span class='ocrx_word' id='word_1_313' title='bbox 1734 575 1764 637; x_wconf 90' lang='lat' dir='ltr'><strong>si</strong></span> 
     </span>
     <span class='ocr_line' id='line_1_60' title="bbox 970 669 1765 749; baseline 0.005 -20"><span class='ocrx_word' id='word_1_314' title='bbox 970 669 1018 729; x_wconf 92' lang='lat' dir='ltr'><strong>ihi</strong></span> <span class='ocrx_word' id='word_1_315' title='bbox 1030 670 1152 748; x_wconf 90' lang='lat' dir='ltr'><strong>aliquis</strong></span> <span class='ocrx_word' id='word_1_316' title='bbox 1167 670 1208 731; x_wconf 90' lang='lat' dir='ltr'><strong>ad</strong></span> <span class='ocrx_word' id='word_1_317' title='bbox 1228 671 1291 733; x_wconf 90' lang='lat' dir='ltr'><strong>hoc</strong></span> <span class='ocrx_word' id='word_1_318' title='bbox 1311 673 1461 748; x_wconf 89' lang='lat' dir='ltr'><strong>regimen</strong></span> <span class='ocrx_word' id='word_1_319' title='bbox 1474 672 1593 748; x_wconf 87' lang='lat' dir='ltr'><strong>dignus</strong></span> <span class='ocrx_word' id='word_1_320' title='bbox 1613 673 1765 749; x_wconf 88' lang='lat' dir='ltr'><strong>repertus</strong></span> 
     </span>
     <span class='ocr_line' id='line_1_61' title="bbox 971 767 1765 849; baseline 0.005 -22"><span class='ocrx_word' id='word_1_321' title='bbox 971 783 1038 828; x_wconf 92' lang='lat' dir='ltr'><strong>nou</strong></span> <span class='ocrx_word' id='word_1_322' title='bbox 1048 767 1159 839; x_wconf 89' lang='lat' dir='ltr'><strong>luerit,</strong></span> <span class='ocrx_word' id='word_1_323' title='bbox 1170 768 1375 844; x_wconf 82' lang='lat' dir='ltr'><strong>providerint</strong></span> <span class='ocrx_word' id='word_1_324' title='bbox 1386 770 1586 846; x_wconf 85' lang='lat' dir='ltr'><strong>eligendum,</strong></span> <span class='ocrx_word' id='word_1_325' title='bbox 1598 770 1655 849; x_wconf 92' lang='lat' dir='ltr'><strong>qui</strong></span> <span class='ocrx_word' id='word_1_326' title='bbox 1667 769 1765 847; x_wconf 82' lang='lat' dir='ltr'><strong>juxta</strong></span> 
     </span>
     <span class='ocr_line' id='line_1_62' title="bbox 971 865 1764 941; baseline 0.004 -16"><span class='ocrx_word' id='word_1_327' title='bbox 971 865 1142 941; x_wconf 89' lang='lat' dir='ltr'><strong>antiquam</strong></span> <span class='ocrx_word' id='word_1_328' title='bbox 1153 866 1303 927; x_wconf 88' lang='lat' dir='ltr'><strong>ecclesiae</strong></span> <span class='ocrx_word' id='word_1_329' title='bbox 1317 869 1438 928; x_wconf 84' lang='lat' dir='ltr'><strong>vestrae</strong></span> <span class='ocrx_word' id='word_1_330' title='bbox 1457 866 1728 928; x_wconf 90' lang='lat' dir='ltr'><strong>consuetudinem</strong></span> <span class='ocrx_word' id='word_1_331' title='bbox 1743 882 1764 928; x_wconf 93' lang='lat' dir='ltr'><strong>a</strong></span> 
     </span>
     <span class='ocr_line' id='line_1_63' title="bbox 971 961 1765 1039; baseline 0.003 -18"><span class='ocrx_word' id='word_1_332' title='bbox 971 977 1177 1038; x_wconf 86' lang='lat' dir='ltr'><strong>quocumque</strong></span> <span class='ocrx_word' id='word_1_333' title='bbox 1188 962 1375 1024; x_wconf 90' lang='lat' dir='ltr'><strong>malueritis</strong></span> <span class='ocrx_word' id='word_1_334' title='bbox 1390 961 1677 1039; x_wconf 87' lang='lat' dir='ltr'><strong>episcopoahsqne</strong></span> <span class='ocrx_word' id='word_1_335' title='bbox 1685 977 1765 1039; x_wconf 91' lang='lat' dir='ltr'><strong>pro-</strong></span> 
     </span>
     <span class='ocr_line' id='line_1_64' title="bbox 971 1057 1763 1136; baseline 0.003 -18"><span class='ocrx_word' id='word_1_336' title='bbox 971 1057 1115 1119; x_wconf 84' lang='lat' dir='ltr'><strong>fessione</strong></span> <span class='ocrx_word' id='word_1_337' title='bbox 1130 1061 1163 1120; x_wconf 93' lang='lat' dir='ltr'><strong>et</strong></span> <span class='ocrx_word' id='word_1_338' title='bbox 1177 1059 1397 1136; x_wconf 85' lang='lat' dir='ltr'><strong>promissione</strong></span> <span class='ocrx_word' id='word_1_339' title='bbox 1411 1057 1588 1136; x_wconf 85' lang='lat' dir='ltr'><strong>cujuslibet</strong></span> <span class='ocrx_word' id='word_1_340' title='bbox 1601 1058 1763 1120; x_wconf 86' lang='lat' dir='ltr'><strong>obedien·</strong></span> 
     </span>
     <span class='ocr_line' id='line_1_65' title="bbox 970 1154 1265 1217; baseline 0 0"><span class='ocrx_word' id='word_1_341' title='bbox 970 1154 1026 1217; x_wconf 84' lang='lat' dir='ltr'><strong>tiae</strong></span> <span class='ocrx_word' id='word_1_342' title='bbox 1039 1156 1265 1217; x_wconf 89' lang='lat' dir='ltr'><strong>consecretur.</strong></span> 
     </span>
    </p>

    <p class='ocr_par' dir='ltr' id='par_1_7' title="bbox 965 1252 1764 5804">
     <span class='ocr_line' id='line_1_66' title="bbox 1010 1252 1764 1325; baseline 0.001 -12"><span class='ocrx_word' id='word_1_343' title='bbox 1010 1252 1267 1325; x_wconf 84' lang='lat' dir='ltr'><strong>Chrismavem,</strong></span> <span class='ocrx_word' id='word_1_344' title='bbox 1282 1252 1393 1313; x_wconf 89' lang='lat' dir='ltr'><strong>oleum</strong></span> <span class='ocrx_word' id='word_1_345' title='bbox 1407 1253 1568 1324; x_wconf 89' lang='lat' dir='ltr'><strong>sanctum,</strong></span> <span class='ocrx_word' id='word_1_346' title='bbox 1587 1266 1764 1315; x_wconf 88' lang='lat' dir='ltr'><strong>consecra-</strong></span> 
     </span>
     <span class='ocr_line' id='line_1_67' title="bbox 970 1349 1762 1418; baseline 0.003 -9"><span class='ocrx_word' id='word_1_347' title='bbox 970 1350 1079 1410; x_wconf 91' lang='lat' dir='ltr'><strong>tiones</strong></span> <span class='ocrx_word' id='word_1_348' title='bbox 1101 1349 1257 1411; x_wconf 89' lang='lat' dir='ltr'><strong>altarium</strong></span> <span class='ocrx_word' id='word_1_349' title='bbox 1281 1364 1343 1410; x_wconf 87' lang='lat' dir='ltr'><strong>seu</strong></span> <span class='ocrx_word' id='word_1_350' title='bbox 1369 1349 1596 1418; x_wconf 88' lang='lat' dir='ltr'><strong>basilicarum,</strong></span> <span class='ocrx_word' id='word_1_351' title='bbox 1621 1350 1762 1411; x_wconf 87' lang='lat' dir='ltr'><strong>ordina·</strong></span> 
     </span>
     <span class='ocr_line' id='line_1_68' title="bbox 971 1445 1763 1524; baseline -0.003 -16"><span class='ocrx_word' id='word_1_352' title='bbox 971 1447 1077 1509; x_wconf 83' lang='lat' dir='ltr'><strong>ilonea</strong></span> <span class='ocrx_word' id='word_1_353' title='bbox 1093 1447 1344 1520; x_wconf 89' lang='lat' dir='ltr'><strong>monachorum,</strong></span> <span class='ocrx_word' id='word_1_354' title='bbox 1355 1463 1414 1509; x_wconf 88' lang='lat' dir='ltr'><strong>sen</strong></span> <span class='ocrx_word' id='word_1_355' title='bbox 1428 1446 1637 1518; x_wconf 90' lang='lat' dir='ltr'><strong>clericorum,</strong></span> <span class='ocrx_word' id='word_1_356' title='bbox 1652 1446 1708 1524; x_wconf 91' lang='lat' dir='ltr'><strong>qui</strong></span> <span class='ocrx_word' id='word_1_357' title='bbox 1719 1445 1763 1508; x_wconf 91' lang='lat' dir='ltr'><strong>ad</strong></span> 
     </span>
     <span class='ocr_line' id='line_1_69' title="bbox 970 1544 1763 1622; baseline 0.001 -18"><span class='ocrx_word' id='word_1_358' title='bbox 970 1559 1082 1605; x_wconf 89' lang='lat' dir='ltr'><strong>sacros</strong></span> <span class='ocrx_word' id='word_1_359' title='bbox 1097 1544 1230 1606; x_wconf 90' lang='lat' dir='ltr'><strong>ordines</strong></span> <span class='ocrx_word' id='word_1_360' title='bbox 1243 1544 1368 1607; x_wconf 87' lang='lat' dir='ltr'><strong>luerint</strong></span> <span class='ocrx_word' id='word_1_361' title='bbox 1378 1544 1593 1622; x_wconf 85' lang='lat' dir='ltr'><strong>promovendi</strong></span> <span class='ocrx_word' id='word_1_362' title='bbox 1604 1559 1625 1605; x_wconf 92' lang='lat' dir='ltr'><strong>a</strong></span> <span class='ocrx_word' id='word_1_363' title='bbox 1637 1544 1763 1606; x_wconf 84' lang='lat' dir='ltr'><strong>dioece-</strong></span> 
     </span>
     <span class='ocr_line' id='line_1_70' title="bbox 971 1641 1764 1720; baseline 0.001 -18"><span class='ocrx_word' id='word_1_364' title='bbox 971 1657 1053 1702; x_wconf 91' lang='lat' dir='ltr'><strong>sano</strong></span> <span class='ocrx_word' id='word_1_365' title='bbox 1068 1641 1257 1719; x_wconf 87' lang='lat' dir='ltr'><strong>suscipietis</strong></span> <span class='ocrx_word' id='word_1_366' title='bbox 1273 1642 1440 1719; x_wconf 89' lang='lat' dir='ltr'><strong>episcopo,</strong></span> <span class='ocrx_word' id='word_1_367' title='bbox 1458 1642 1488 1703; x_wconf 92' lang='lat' dir='ltr'><strong>si</strong></span> <span class='ocrx_word' id='word_1_368' title='bbox 1498 1642 1631 1720; x_wconf 88' lang='lat' dir='ltr'><strong>quidem</strong></span> <span class='ocrx_word' id='word_1_369' title='bbox 1647 1641 1764 1703; x_wconf 91' lang='lat' dir='ltr'><strong>catho-</strong></span> 
     </span>
     <span class='ocr_line' id='line_1_71' title="bbox 971 1738 1763 1818; baseline 0 -19"><span class='ocrx_word' id='word_1_370' title='bbox 971 1738 1054 1799; x_wconf 88' lang='lat' dir='ltr'><strong>licus</strong></span> <span class='ocrx_word' id='word_1_371' title='bbox 1067 1738 1167 1802; x_wconf 86' lang='grc'><strong>1111111</strong></span> <span class='ocrx_word' id='word_1_372' title='bbox 1182 1741 1215 1803; x_wconf 84' lang='grc'><strong>11</strong></span> <span class='ocrx_word' id='word_1_373' title='bbox 1229 1741 1370 1816; x_wconf 81' lang='lat' dir='ltr'><strong>gratiam</strong></span> <span class='ocrx_word' id='word_1_374' title='bbox 1384 1741 1482 1818; x_wconf 86' lang='lat' dir='ltr'><strong>atque</strong></span> <span class='ocrx_word' id='word_1_375' title='bbox 1496 1738 1763 1802; x_wconf 87' lang='lat' dir='ltr'><strong>communionem</strong></span> 
     </span>
     <span class='ocr_line' id='line_1_72' title="bbox 969 1836 1764 1913; baseline 0.005 -16"><span class='ocrx_word' id='word_1_376' title='bbox 969 1836 1166 1913; x_wconf 84' lang='lat' dir='ltr'><strong>Apostolicae</strong></span> <span class='ocrx_word' id='word_1_377' title='bbox 1181 1839 1275 1898; x_wconf 85' lang='lat' dir='ltr'><strong>Sedis</strong></span> <span class='ocrx_word' id='word_1_378' title='bbox 1299 1837 1464 1910; x_wconf 88' lang='lat' dir='ltr'><strong>habuerit,</strong></span> <span class='ocrx_word' id='word_1_379' title='bbox 1481 1839 1514 1899; x_wconf 91' lang='lat' dir='ltr'><strong>et</strong></span> <span class='ocrx_word' id='word_1_380' title='bbox 1537 1852 1578 1898; x_wconf 89' lang='lat' dir='ltr'><strong>ea</strong></span> <span class='ocrx_word' id='word_1_381' title='bbox 1604 1837 1709 1913; x_wconf 86' lang='lat' dir='ltr'><strong>gratis</strong></span> <span class='ocrx_word' id='word_1_382' title='bbox 1729 1836 1764 1901; x_wconf 87' lang='lat' dir='ltr'><strong>et</strong></span> 
     </span>
     <span class='ocr_line' id='line_1_73' title="bbox 970 1933 1760 2012; baseline -0.001 -18"><span class='ocrx_word' id='word_1_383' title='bbox 970 1933 1094 2011; x_wconf 89' lang='lat' dir='ltr'><strong>absque</strong></span> <span class='ocrx_word' id='word_1_384' title='bbox 1119 1934 1187 1995; x_wconf 90' lang='lat' dir='ltr'><strong>ulla</strong></span> <span class='ocrx_word' id='word_1_385' title='bbox 1221 1936 1384 2012; x_wconf 86' lang='lat' dir='ltr'><strong>pravitate</strong></span> <span class='ocrx_word' id='word_1_386' title='bbox 1412 1935 1556 1997; x_wconf 89' lang='lat' dir='ltr'><strong>voluerit</strong></span> <span class='ocrx_word' id='word_1_387' title='bbox 1588 1933 1760 2005; x_wconf 79' lang='lat' dir='ltr'><strong>exhibere.</strong></span> 
     </span>
     <span class='ocr_line' id='line_1_74' title="bbox 970 2030 1762 2110; baseline -0.003 -17"><span class='ocrx_word' id='word_1_388' title='bbox 970 2032 1125 2108; x_wconf 78' lang='lat' dir='ltr'><strong>Alioquin</strong></span> <span class='ocrx_word' id='word_1_389' title='bbox 1140 2032 1241 2094; x_wconf 92' lang='lat' dir='ltr'><strong>liceat</strong></span> <span class='ocrx_word' id='word_1_390' title='bbox 1254 2033 1349 2094; x_wconf 92' lang='lat' dir='ltr'><strong>vohis</strong></span> <span class='ocrx_word' id='word_1_391' title='bbox 1363 2048 1460 2110; x_wconf 90' lang='lat' dir='ltr'><strong>quem</strong></span> <span class='ocrx_word' id='word_1_392' title='bbox 1474 2032 1659 2093; x_wconf 90' lang='lat' dir='ltr'><strong>malueritis</strong></span> <span class='ocrx_word' id='word_1_393' title='bbox 1668 2030 1762 2091; x_wconf 88' lang='lat' dir='ltr'><strong>adire</strong></span> 
     </span>
     <span class='ocr_line' id='line_1_75' title="bbox 970 2127 1762 2207; baseline -0.004 -17"><span class='ocrx_word' id='word_1_394' title='bbox 970 2129 1169 2202; x_wconf 89' lang='lat' dir='ltr'><strong>antistitem,</strong></span> <span class='ocrx_word' id='word_1_395' title='bbox 1199 2130 1255 2207; x_wconf 91' lang='lat' dir='ltr'><strong>qui</strong></span> <span class='ocrx_word' id='word_1_396' title='bbox 1286 2130 1400 2191; x_wconf 91' lang='lat' dir='ltr'><strong>nostra</strong></span> <span class='ocrx_word' id='word_1_397' title='bbox 1429 2128 1531 2190; x_wconf 87' lang='lat' dir='ltr'><strong>iultus</strong></span> <span class='ocrx_word' id='word_1_398' title='bbox 1563 2127 1762 2189; x_wconf 89' lang='lat' dir='ltr'><strong>auctoritate</strong></span> 
     </span>
     <span class='ocr_line' id='line_1_76' title="bbox 970 2226 1764 2303; baseline -0.003 -17"><span class='ocrx_word' id='word_1_399' title='bbox 970 2226 1054 2302; x_wconf 90' lang='lat' dir='ltr'><strong>quod</strong></span> <span class='ocrx_word' id='word_1_400' title='bbox 1071 2227 1257 2303; x_wconf 89' lang='lat' dir='ltr'><strong>postulatur</strong></span> <span class='ocrx_word' id='word_1_401' title='bbox 1282 2226 1463 2302; x_wconf 88' lang='lat' dir='ltr'><strong>indulgeat.</strong></span> <span class='ocrx_word' id='word_1_402' title='bbox 1480 2226 1647 2287; x_wconf 89' lang='lat' dir='ltr'><strong>Praeterea</strong></span> <span class='ocrx_word' id='word_1_403' title='bbox 1674 2239 1764 2299; x_wconf 88' lang='lat' dir='ltr'><strong>prae-</strong></span> 
     </span>
     <span class='ocr_line' id='line_1_77' title="bbox 970 2320 1761 2400; baseline -0.004 -16"><span class='ocrx_word' id='word_1_404' title='bbox 970 2324 1056 2385; x_wconf 88' lang='lat' dir='ltr'><strong>senti</strong></span> <span class='ocrx_word' id='word_1_405' title='bbox 1071 2324 1195 2400; x_wconf 84' lang='lat' dir='ltr'><strong>scripto</strong></span> <span class='ocrx_word' id='word_1_406' title='bbox 1211 2324 1379 2384; x_wconf 91' lang='lat' dir='ltr'><strong>sancimus</strong></span> <span class='ocrx_word' id='word_1_407' title='bbox 1391 2324 1426 2384; x_wconf 90' lang='lat' dir='ltr'><strong>nt</strong></span> <span class='ocrx_word' id='word_1_408' title='bbox 1442 2322 1553 2383; x_wconf 91' lang='lat' dir='ltr'><strong>unllus</strong></span> <span class='ocrx_word' id='word_1_409' title='bbox 1573 2320 1761 2398; x_wconf 89' lang='lat' dir='ltr'><strong>archiepis-</strong></span> 
     </span>
     <span class='ocr_line' id='line_1_78' title="bbox 970 2418 1760 2501; baseline -0.005 -20"><span class='ocrx_word' id='word_1_410' title='bbox 970 2436 1083 2498; x_wconf 88' lang='lat' dir='ltr'><strong>copus,</strong></span> <span class='ocrx_word' id='word_1_411' title='bbox 1107 2422 1161 2482; x_wconf 93' lang='lat' dir='ltr'><strong>vel</strong></span> <span class='ocrx_word' id='word_1_412' title='bbox 1186 2421 1372 2498; x_wconf 88' lang='lat' dir='ltr'><strong>episcopus,</strong></span> <span class='ocrx_word' id='word_1_413' title='bbox 1403 2436 1463 2481; x_wconf 89' lang='grc'><strong>1111</strong></span> <span class='ocrx_word' id='word_1_414' title='bbox 1493 2418 1760 2501; x_wconf 81' lang='lat' dir='ltr'><strong>archidiaconus,</strong></span> 
     </span>
     <span class='ocr_line' id='line_1_79' title="bbox 969 2513 1762 2595; baseline -0.005 -18"><span class='ocrx_word' id='word_1_415' title='bbox 969 2518 1022 2577; x_wconf 91' lang='lat' dir='ltr'><strong>vel</strong></span> <span class='ocrx_word' id='word_1_416' title='bbox 1038 2518 1182 2579; x_wconf 83' lang='lat' dir='ltr'><strong>decanus</strong></span> <span class='ocrx_word' id='word_1_417' title='bbox 1211 2519 1246 2579; x_wconf 90' lang='lat' dir='ltr'><strong>in</strong></span> <span class='ocrx_word' id='word_1_418' title='bbox 1261 2517 1454 2595; x_wconf 88' lang='lat' dir='ltr'><strong>praescripto</strong></span> <span class='ocrx_word' id='word_1_419' title='bbox 1478 2516 1681 2578; x_wconf 89' lang='lat' dir='ltr'><strong>monasterio</strong></span> <span class='ocrx_word' id='word_1_420' title='bbox 1707 2513 1762 2577; x_wconf 92' lang='lat' dir='ltr'><strong>vel</strong></span> 
     </span>
     <span class='ocr_line' id='line_1_80' title="bbox 971 2612 1762 2692; baseline -0.003 -18"><span class='ocrx_word' id='word_1_421' title='bbox 971 2614 1183 2692; x_wconf 85' lang='lat' dir='ltr'><strong>preshyteris,</strong></span> <span class='ocrx_word' id='word_1_422' title='bbox 1201 2631 1260 2676; x_wconf 92' lang='lat' dir='ltr'><strong>seu</strong></span> <span class='ocrx_word' id='word_1_423' title='bbox 1274 2614 1496 2691; x_wconf 85' lang='lat' dir='ltr'><strong>burgensibus</strong></span> <span class='ocrx_word' id='word_1_424' title='bbox 1508 2613 1656 2691; x_wconf 90' lang='lat' dir='ltr'><strong>ejusdem</strong></span> <span class='ocrx_word' id='word_1_425' title='bbox 1671 2612 1762 2673; x_wconf 86' lang='lat' dir='ltr'><strong>villae</strong></span> 
     </span>
     <span class='ocr_line' id='line_1_81' title="bbox 970 2706 1763 2789; baseline -0.006 -15"><span class='ocrx_word' id='word_1_426' title='bbox 970 2713 1085 2774; x_wconf 90' lang='lat' dir='ltr'><strong>contra</strong></span> <span class='ocrx_word' id='word_1_427' title='bbox 1098 2713 1269 2789; x_wconf 86' lang='lat' dir='ltr'><strong>antiquam</strong></span> <span class='ocrx_word' id='word_1_428' title='bbox 1282 2711 1481 2783; x_wconf 88' lang='lat' dir='ltr'><strong>libertatem,</strong></span> <span class='ocrx_word' id='word_1_429' title='bbox 1491 2711 1698 2787; x_wconf 89' lang='lat' dir='ltr'><strong>potestatem,</strong></span> <span class='ocrx_word' id='word_1_430' title='bbox 1708 2706 1763 2770; x_wconf 89' lang='lat' dir='ltr'><strong>vel</strong></span> 
     </span>
     <span class='ocr_line' id='line_1_82' title="bbox 967 2808 1760 2888; baseline -0.003 -19"><span class='ocrx_word' id='word_1_431' title='bbox 967 2809 1235 2887; x_wconf 88' lang='lat' dir='ltr'><strong>jurisdictionem</strong></span> <span class='ocrx_word' id='word_1_432' title='bbox 1250 2809 1431 2888; x_wconf 87' lang='lat' dir='ltr'><strong>quamlibet</strong></span> <span class='ocrx_word' id='word_1_433' title='bbox 1450 2808 1571 2870; x_wconf 89' lang='lat' dir='ltr'><strong>audeat</strong></span> <span class='ocrx_word' id='word_1_434' title='bbox 1592 2821 1760 2878; x_wconf 81' lang='lat' dir='ltr'><strong>exercere,</strong></span> 
     </span>
     <span class='ocr_line' id='line_1_83' title="bbox 969 2904 1761 2969; baseline -0.005 -3"><span class='ocrx_word' id='word_1_435' title='bbox 969 2904 1761 2969; x_wconf 89' lang='lat' dir='ltr'><strong>autiueademvillaccntraeamdemlihertatem</strong></span> 
     </span>
     <span class='ocr_line' id='line_1_84' title="bbox 965 2999 1762 3091; baseline -0.004 -28"><span class='ocrx_word' id='word_1_436' title='bbox 965 3005 1023 3080; x_wconf 91' lang='lat' dir='ltr'><strong>jus</strong></span> <span class='ocrx_word' id='word_1_437' title='bbox 1052 3003 1244 3091; x_wconf 77' lang='lat' dir='ltr'><strong>parpchiale</strong></span> <span class='ocrx_word' id='word_1_438' title='bbox 1265 3004 1447 3080; x_wconf 90' lang='lat' dir='ltr'><strong>requirere.</strong></span> <span class='ocrx_word' id='word_1_439' title='bbox 1477 3004 1564 3064; x_wconf 85' lang='lat' dir='ltr'><strong>Sane</strong></span> <span class='ocrx_word' id='word_1_440' title='bbox 1593 2999 1762 3063; x_wconf 91' lang='lat' dir='ltr'><strong>novalium</strong></span> 
     </span>
     <span class='ocr_line' id='line_1_85' title="bbox 969 3099 1763 3177; baseline -0.005 -16"><span class='ocrx_word' id='word_1_441' title='bbox 969 3100 1167 3172; x_wconf 89' lang='lat' dir='ltr'><strong>vestrorum,</strong></span> <span class='ocrx_word' id='word_1_442' title='bbox 1180 3116 1253 3177; x_wconf 75' lang='lat' dir='ltr'><strong>quaa</strong></span> <span class='ocrx_word' id='word_1_443' title='bbox 1268 3100 1412 3176; x_wconf 89' lang='lat' dir='ltr'><strong>propriis</strong></span> <span class='ocrx_word' id='word_1_444' title='bbox 1425 3099 1578 3161; x_wconf 91' lang='lat' dir='ltr'><strong>manibus</strong></span> <span class='ocrx_word' id='word_1_445' title='bbox 1589 3100 1763 3174; x_wconf 88' lang='lat' dir='ltr'><strong>autsump·</strong></span> 
     </span>
     <span class='ocr_line' id='line_1_86' title="bbox 968 3196 1761 3269; baseline -0.006 -10"><span class='ocrx_word' id='word_1_446' title='bbox 968 3197 1056 3259; x_wconf 89' lang='lat' dir='ltr'><strong>tibus</strong></span> <span class='ocrx_word' id='word_1_447' title='bbox 1071 3198 1192 3269; x_wconf 91' lang='lat' dir='ltr'><strong>colitis,</strong></span> <span class='ocrx_word' id='word_1_448' title='bbox 1211 3198 1282 3260; x_wconf 88' lang='lat' dir='ltr'><strong>sive</strong></span> <span class='ocrx_word' id='word_1_449' title='bbox 1297 3198 1338 3259; x_wconf 91' lang='lat' dir='ltr'><strong>de</strong></span> <span class='ocrx_word' id='word_1_450' title='bbox 1350 3196 1562 3259; x_wconf 87' lang='lat' dir='ltr'><strong>nutrimentis</strong></span> <span class='ocrx_word' id='word_1_451' title='bbox 1573 3196 1761 3258; x_wconf 85' lang='lat' dir='ltr'><strong>vestrorum</strong></span> 
     </span>
     <span class='ocr_line' id='line_1_87' title="bbox 969 3294 1763 3370; baseline -0.005 -14"><span class='ocrx_word' id='word_1_452' title='bbox 969 3295 1173 3368; x_wconf 88' lang='lat' dir='ltr'><strong>animalium,</strong></span> <span class='ocrx_word' id='word_1_453' title='bbox 1190 3295 1302 3356; x_wconf 90' lang='lat' dir='ltr'><strong>nullus</strong></span> <span class='ocrx_word' id='word_1_454' title='bbox 1318 3311 1338 3355; x_wconf 92' lang='lat' dir='ltr'><strong>a</strong></span> <span class='ocrx_word' id='word_1_455' title='bbox 1358 3295 1452 3357; x_wconf 90' lang='lat' dir='ltr'><strong>vohis</strong></span> <span class='ocrx_word' id='word_1_456' title='bbox 1468 3294 1612 3355; x_wconf 87' lang='lat' dir='ltr'><strong>decimas</strong></span> <span class='ocrx_word' id='word_1_457' title='bbox 1634 3308 1763 3370; x_wconf 88' lang='lat' dir='ltr'><strong>praesu·</strong></span> 
     </span>
     <span class='ocr_line' id='line_1_88' title="bbox 969 3388 1764 3469; baseline -0.005 -16"><span class='ocrx_word' id='word_1_458' title='bbox 969 3394 1037 3453; x_wconf 91' lang='lat' dir='ltr'><strong>mat</strong></span> <span class='ocrx_word' id='word_1_459' title='bbox 1045 3393 1192 3469; x_wconf 84' lang='lat' dir='ltr'><strong>exigere.</strong></span> <span class='ocrx_word' id='word_1_460' title='bbox 1205 3394 1373 3455; x_wconf 82' lang='lat' dir='ltr'><strong>Praeterea</strong></span> <span class='ocrx_word' id='word_1_461' title='bbox 1386 3391 1582 3454; x_wconf 87' lang='lat' dir='ltr'><strong>auctoritate</strong></span> <span class='ocrx_word' id='word_1_462' title='bbox 1593 3388 1764 3467; x_wconf 83' lang='lat' dir='ltr'><strong>Apostoli-</strong></span> 
     </span>
     <span class='ocr_line' id='line_1_89' title="bbox 969 3488 1760 3567; baseline -0.005 -16"><span class='ocrx_word' id='word_1_463' title='bbox 969 3506 1007 3551; x_wconf 88' lang='lat' dir='ltr'><strong>ca</strong></span> <span class='ocrx_word' id='word_1_464' title='bbox 1019 3490 1243 3566; x_wconf 90' lang='lat' dir='ltr'><strong>prohibemus,</strong></span> <span class='ocrx_word' id='word_1_465' title='bbox 1251 3506 1293 3551; x_wconf 94' lang='lat' dir='ltr'><strong>ne</strong></span> <span class='ocrx_word' id='word_1_466' title='bbox 1301 3491 1402 3552; x_wconf 90' lang='lat' dir='ltr'><strong>alicui</strong></span> <span class='ocrx_word' id='word_1_467' title='bbox 1410 3490 1511 3551; x_wconf 89' lang='lat' dir='ltr'><strong>liceat</strong></span> <span class='ocrx_word' id='word_1_468' title='bbox 1522 3488 1760 3567; x_wconf 86' lang='lat' dir='ltr'><strong>possessiones,</strong></span> 
     </span>
     <span class='ocr_line' id='line_1_90' title="bbox 969 3583 1763 3664; baseline -0.006 -16"><span class='ocrx_word' id='word_1_469' title='bbox 969 3603 1052 3664; x_wconf 89' lang='lat' dir='ltr'><strong>quas</strong></span> <span class='ocrx_word' id='word_1_470' title='bbox 1067 3603 1086 3648; x_wconf 93' lang='lat' dir='ltr'><strong>a</strong></span> <span class='ocrx_word' id='word_1_471' title='bbox 1101 3589 1213 3649; x_wconf 89' lang='lat' dir='ltr'><strong>vestro</strong></span> <span class='ocrx_word' id='word_1_472' title='bbox 1224 3588 1425 3650; x_wconf 88' lang='lat' dir='ltr'><strong>monasterio</strong></span> <span class='ocrx_word' id='word_1_473' title='bbox 1435 3587 1536 3659; x_wconf 90' lang='lat' dir='ltr'><strong>tenet,</strong></span> <span class='ocrx_word' id='word_1_474' title='bbox 1548 3583 1763 3647; x_wconf 88' lang='lat' dir='ltr'><strong>sinelicentia</strong></span> 
     </span>
     <span class='ocr_line' id='line_1_91' title="bbox 968 3680 1762 3762; baseline -0.006 -17"><span class='ocrx_word' id='word_1_475' title='bbox 968 3683 1097 3746; x_wconf 89' lang='lat' dir='ltr'><strong>abbatis</strong></span> <span class='ocrx_word' id='word_1_476' title='bbox 1121 3685 1155 3747; x_wconf 88' lang='lat' dir='ltr'><strong>st</strong></span> <span class='ocrx_word' id='word_1_477' title='bbox 1174 3685 1311 3761; x_wconf 91' lang='lat' dir='ltr'><strong>capituli</strong></span> <span class='ocrx_word' id='word_1_478' title='bbox 1338 3685 1458 3762; x_wconf 89' lang='lat' dir='ltr'><strong>cuique</strong></span> <span class='ocrx_word' id='word_1_479' title='bbox 1483 3684 1518 3743; x_wconf 91' lang='lat' dir='ltr'><strong>in</strong></span> <span class='ocrx_word' id='word_1_480' title='bbox 1537 3684 1618 3755; x_wconf 88' lang='lat' dir='ltr'><strong>vita,</strong></span> <span class='ocrx_word' id='word_1_481' title='bbox 1643 3681 1697 3743; x_wconf 89' lang='lat' dir='ltr'><strong>vel</strong></span> <span class='ocrx_word' id='word_1_482' title='bbox 1724 3680 1762 3741; x_wconf 91' lang='lat' dir='ltr'><strong>in</strong></span> 
     </span>
     <span class='ocr_line' id='line_1_92' title="bbox 968 3779 1762 3844; baseline -0.003 -3"><span class='ocrx_word' id='word_1_483' title='bbox 968 3783 1073 3844; x_wconf 89' lang='lat' dir='ltr'><strong>morte</strong></span> <span class='ocrx_word' id='word_1_484' title='bbox 1103 3782 1282 3844; x_wconf 88' lang='lat' dir='ltr'><strong>alienando</strong></span> <span class='ocrx_word' id='word_1_485' title='bbox 1315 3782 1508 3844; x_wconf 88' lang='lat' dir='ltr'><strong>concedere.</strong></span> <span class='ocrx_word' id='word_1_486' title='bbox 1546 3779 1762 3841; x_wconf 88' lang='lat' dir='ltr'><strong>Decernimus</strong></span> 
     </span>
     <span class='ocr_line' id='line_1_93' title="bbox 968 3876 1761 3954; baseline -0.004 -14"><span class='ocrx_word' id='word_1_487' title='bbox 968 3894 1060 3954; x_wconf 91' lang='lat' dir='ltr'><strong>ergo,</strong></span> <span class='ocrx_word' id='word_1_488' title='bbox 1072 3879 1201 3941; x_wconf 90' lang='lat' dir='ltr'><strong>utnulli</strong></span> <span class='ocrx_word' id='word_1_489' title='bbox 1217 3879 1352 3941; x_wconf 91' lang='lat' dir='ltr'><strong>omnino</strong></span> <span class='ocrx_word' id='word_1_490' title='bbox 1369 3878 1541 3939; x_wconf 90' lang='lat' dir='ltr'><strong>hominum</strong></span> <span class='ocrx_word' id='word_1_491' title='bbox 1555 3876 1656 3938; x_wconf 90' lang='lat' dir='ltr'><strong>liceat</strong></span> <span class='ocrx_word' id='word_1_492' title='bbox 1670 3890 1761 3952; x_wconf 88' lang='lat' dir='ltr'><strong>pras·</strong></span> 
     </span>
     <span class='ocr_line' id='line_1_94' title="bbox 967 3972 1763 4052; baseline -0.004 -17"><span class='ocrx_word' id='word_1_493' title='bbox 967 3974 1073 4037; x_wconf 85' lang='lat' dir='ltr'><strong>latum</strong></span> <span class='ocrx_word' id='word_1_494' title='bbox 1088 3975 1327 4037; x_wconf 88' lang='lat' dir='ltr'><strong>monasterium</strong></span> <span class='ocrx_word' id='word_1_495' title='bbox 1340 3978 1465 4038; x_wconf 88' lang='lat' dir='ltr'><strong>temere</strong></span> <span class='ocrx_word' id='word_1_496' title='bbox 1484 3972 1690 4052; x_wconf 88' lang='lat' dir='ltr'><strong>perturbare,</strong></span> <span class='ocrx_word' id='word_1_497' title='bbox 1704 3972 1763 4033; x_wconf 88' lang='lat' dir='ltr'><strong>aut</strong></span> 
     </span>
     <span class='ocr_line' id='line_1_95' title="bbox 967 4056 1760 4150; baseline -0.003 -18"><span class='ocrx_word' id='word_1_498' title='bbox 967 4074 1040 4149; x_wconf 85' lang='lat' dir='ltr'><strong>ejus</strong></span> <span class='ocrx_word' id='word_1_499' title='bbox 1055 4073 1283 4150; x_wconf 87' lang='lat' dir='ltr'><strong>possessiones</strong></span> <span class='ocrx_word' id='word_1_500' title='bbox 1291 4056 1442 4143; x_wconf 75' lang='lat' dir='ltr'><strong>&#39;auterre</strong></span> <span class='ocrx_word' id='word_1_501' title='bbox 1462 4073 1515 4134; x_wconf 89' lang='lat' dir='ltr'><strong>vel</strong></span> <span class='ocrx_word' id='word_1_502' title='bbox 1531 4070 1659 4132; x_wconf 87' lang='lat' dir='ltr'><strong>ablatas</strong></span> <span class='ocrx_word' id='word_1_503' title='bbox 1673 4068 1760 4130; x_wconf 89' lang='lat' dir='ltr'><strong>reti·</strong></span> 
     </span>
     <span class='ocr_line' id='line_1_96' title="bbox 967 4166 1760 4247; baseline -0.003 -17"><span class='ocrx_word' id='word_1_504' title='bbox 967 4186 1059 4243; x_wconf 91' lang='lat' dir='ltr'><strong>nere,</strong></span> <span class='ocrx_word' id='word_1_505' title='bbox 1072 4186 1131 4231; x_wconf 91' lang='lat' dir='ltr'><strong>seu</strong></span> <span class='ocrx_word' id='word_1_506' title='bbox 1146 4170 1349 4247; x_wconf 86' lang='lat' dir='ltr'><strong>quibuslibet</strong></span> <span class='ocrx_word' id='word_1_507' title='bbox 1362 4168 1595 4232; x_wconf 85' lang='lat' dir='ltr'><strong>vexationibus</strong></span> <span class='ocrx_word' id='word_1_508' title='bbox 1606 4166 1760 4244; x_wconf 79' lang='lat' dir='ltr'><strong>fatigare,</strong></span> 
     </span>
     <span class='ocr_line' id='line_1_97' title="bbox 967 4265 1763 4344; baseline -0.004 -17"><span class='ocrx_word' id='word_1_509' title='bbox 967 4268 1024 4329; x_wconf 90' lang='lat' dir='ltr'><strong>sed</strong></span> <span class='ocrx_word' id='word_1_510' title='bbox 1037 4267 1167 4329; x_wconf 91' lang='lat' dir='ltr'><strong>illibata</strong></span> <span class='ocrx_word' id='word_1_511' title='bbox 1183 4269 1296 4329; x_wconf 87' lang='lat' dir='ltr'><strong>omnia</strong></span> <span class='ocrx_word' id='word_1_512' title='bbox 1316 4269 1349 4330; x_wconf 94' lang='lat' dir='ltr'><strong>et</strong></span> <span class='ocrx_word' id='word_1_513' title='bbox 1375 4267 1504 4344; x_wconf 90' lang='lat' dir='ltr'><strong>integra</strong></span> <span class='ocrx_word' id='word_1_514' title='bbox 1524 4265 1763 4328; x_wconf 85' lang='lat' dir='ltr'><strong>conserventur</strong></span> 
     </span>
     <span class='ocr_line' id='line_1_98' title="bbox 967 4362 1763 4442; baseline -0.003 -18"><span class='ocrx_word' id='word_1_515' title='bbox 967 4378 1093 4437; x_wconf 91' lang='lat' dir='ltr'><strong>eorum,</strong></span> <span class='ocrx_word' id='word_1_516' title='bbox 1104 4380 1163 4442; x_wconf 89' lang='lat' dir='ltr'><strong>pro</strong></span> <span class='ocrx_word' id='word_1_517' title='bbox 1175 4380 1314 4442; x_wconf 89' lang='lat' dir='ltr'><strong>quornm</strong></span> <span class='ocrx_word' id='word_1_518' title='bbox 1326 4364 1578 4441; x_wconf 79' lang='lat' dir='ltr'><strong>gubernatione,</strong></span> <span class='ocrx_word' id='word_1_519' title='bbox 1587 4379 1626 4425; x_wconf 90' lang='lat' dir='ltr'><strong>ac</strong></span> <span class='ocrx_word' id='word_1_520' title='bbox 1635 4362 1763 4423; x_wconf 87' lang='lat' dir='ltr'><strong>susten-</strong></span> 
     </span>
     <span class='ocr_line' id='line_1_99' title="bbox 966 4458 1761 4533; baseline -0.005 -9"><span class='ocrx_word' id='word_1_521' title='bbox 966 4461 1092 4524; x_wconf 88' lang='lat' dir='ltr'><strong>tatione</strong></span> <span class='ocrx_word' id='word_1_522' title='bbox 1120 4477 1280 4523; x_wconf 90' lang='lat' dir='ltr'><strong>concessa</strong></span> <span class='ocrx_word' id='word_1_523' title='bbox 1310 4463 1397 4533; x_wconf 89' lang='lat' dir='ltr'><strong>suut,</strong></span> <span class='ocrx_word' id='word_1_524' title='bbox 1425 4461 1540 4523; x_wconf 90' lang='lat' dir='ltr'><strong>usibus</strong></span> <span class='ocrx_word' id='word_1_525' title='bbox 1564 4458 1761 4522; x_wconf 88' lang='lat' dir='ltr'><strong>omnimodis</strong></span> 
     </span>
     <span class='ocr_line' id='line_1_100' title="bbox 967 4555 1761 4636; baseline -0.004 -17"><span class='ocrx_word' id='word_1_526' title='bbox 967 4558 1150 4635; x_wconf 81' lang='lat' dir='ltr'><strong>profutura,</strong></span> <span class='ocrx_word' id='word_1_527' title='bbox 1172 4559 1265 4622; x_wconf 81' lang='lat' dir='ltr'><strong>salva</strong></span> <span class='ocrx_word' id='word_1_528' title='bbox 1282 4557 1588 4636; x_wconf 76' lang='lat' dir='ltr'><strong>sedisapostolicae</strong></span> <span class='ocrx_word' id='word_1_529' title='bbox 1610 4555 1761 4619; x_wconf 90' lang='lat' dir='ltr'><strong>auctori-</strong></span> 
     </span>
     <span class='ocr_line' id='line_1_101' title="bbox 967 4654 1762 4732; baseline -0.008 -14"><span class='ocrx_word' id='word_1_530' title='bbox 967 4658 1046 4719; x_wconf 90' lang='lat' dir='ltr'><strong>tate.</strong></span> <span class='ocrx_word' id='word_1_531' title='bbox 1076 4655 1125 4717; x_wconf 87' lang='lat' dir='ltr'><strong>Ad</strong></span> <span class='ocrx_word' id='word_1_532' title='bbox 1152 4656 1312 4718; x_wconf 91' lang='lat' dir='ltr'><strong>indicium</strong></span> <span class='ocrx_word' id='word_1_533' title='bbox 1344 4658 1466 4728; x_wconf 90' lang='lat' dir='ltr'><strong>autem,</strong></span> <span class='ocrx_word' id='word_1_534' title='bbox 1497 4655 1582 4732; x_wconf 86' lang='lat' dir='ltr'><strong>quod</strong></span> <span class='ocrx_word' id='word_1_535' title='bbox 1617 4654 1762 4716; x_wconf 86' lang='lat' dir='ltr'><strong>vestrum</strong></span> 
     </span>
     <span class='ocr_line' id='line_1_102' title="bbox 968 4751 1762 4831; baseline -0.005 -17"><span class='ocrx_word' id='word_1_536' title='bbox 968 4754 1207 4816; x_wconf 90' lang='lat' dir='ltr'><strong>monasterium</strong></span> <span class='ocrx_word' id='word_1_537' title='bbox 1222 4753 1413 4831; x_wconf 89' lang='lat' dir='ltr'><strong>specialiter</strong></span> <span class='ocrx_word' id='word_1_538' title='bbox 1424 4754 1542 4831; x_wconf 87' lang='lat' dir='ltr'><strong>adjus,</strong></span> <span class='ocrx_word' id='word_1_539' title='bbox 1557 4753 1590 4815; x_wconf 90' lang='grc'><strong>61</strong></span> <span class='ocrx_word' id='word_1_540' title='bbox 1599 4751 1762 4828; x_wconf 89' lang='lat' dir='ltr'><strong>perceptae</strong></span> 
     </span>
     <span class='ocr_line' id='line_1_103' title="bbox 967 4848 1762 4914; baseline -0.008 -1"><span class='ocrx_word' id='word_1_541' title='bbox 967 4866 987 4912; x_wconf 91' lang='lat' dir='ltr'><strong>a</strong></span> <span class='ocrx_word' id='word_1_542' title='bbox 1002 4855 1152 4913; x_wconf 88' lang='lat' dir='ltr'><strong>Romana</strong></span> <span class='ocrx_word' id='word_1_543' title='bbox 1168 4852 1316 4914; x_wconf 80' lang='lat' dir='ltr'><strong>Ecclesia</strong></span> <span class='ocrx_word' id='word_1_544' title='bbox 1333 4851 1497 4913; x_wconf 89' lang='lat' dir='ltr'><strong>libertatis</strong></span> <span class='ocrx_word' id='word_1_545' title='bbox 1511 4850 1607 4911; x_wconf 88' lang='lat' dir='ltr'><strong>nobis</strong></span> <span class='ocrx_word' id='word_1_546' title='bbox 1619 4848 1762 4910; x_wconf 88' lang='lat' dir='ltr'><strong>nostris·</strong></span> 
     </span>
     <span class='ocr_line' id='line_1_104' title="bbox 968 4943 1763 5024; baseline -0.008 -15"><span class='ocrx_word' id='word_1_547' title='bbox 968 4947 1293 5024; x_wconf 87' lang='lat' dir='ltr'><strong>quesuccessorihus</strong></span> <span class='ocrx_word' id='word_1_548' title='bbox 1309 4948 1441 5010; x_wconf 85' lang='lat' dir='ltr'><strong>unciam</strong></span> <span class='ocrx_word' id='word_1_549' title='bbox 1465 4948 1540 5009; x_wconf 91' lang='lat' dir='ltr'><strong>auri</strong></span> <span class='ocrx_word' id='word_1_550' title='bbox 1565 4946 1662 5008; x_wconf 90' lang='lat' dir='ltr'><strong>annis</strong></span> <span class='ocrx_word' id='word_1_551' title='bbox 1689 4943 1763 5004; x_wconf 90' lang='lat' dir='ltr'><strong>sin·</strong></span> 
     </span>
     <span class='ocr_line' id='line_1_105' title="bbox 966 5042 1762 5123; baseline -0.003 -18"><span class='ocrx_word' id='word_1_552' title='bbox 966 5046 1055 5121; x_wconf 86' lang='lat' dir='ltr'><strong>gulis</strong></span> <span class='ocrx_word' id='word_1_553' title='bbox 1070 5046 1279 5123; x_wconf 87' lang='lat' dir='ltr'><strong>persolvetis.</strong></span> <span class='ocrx_word' id='word_1_554' title='bbox 1297 5046 1332 5106; x_wconf 84' lang='lat' dir='ltr'><strong>Si</strong></span> <span class='ocrx_word' id='word_1_555' title='bbox 1345 5046 1491 5122; x_wconf 86' lang='lat' dir='ltr'><strong>igiturin</strong></span> <span class='ocrx_word' id='word_1_556' title='bbox 1502 5045 1648 5106; x_wconf 75' lang='lat' dir='ltr'><strong>futurum</strong></span> <span class='ocrx_word' id='word_1_557' title='bbox 1659 5042 1762 5104; x_wconf 91' lang='lat' dir='ltr'><strong>eccle·</strong></span> 
     </span>
     <span class='ocr_line' id='line_1_106' title="bbox 967 5140 1762 5220; baseline -0.003 -17"><span class='ocrx_word' id='word_1_558' title='bbox 967 5142 1103 5204; x_wconf 90' lang='lat' dir='ltr'><strong>siastica</strong></span> <span class='ocrx_word' id='word_1_559' title='bbox 1127 5140 1342 5204; x_wconf 77' lang='lat' dir='ltr'><strong>secularisve</strong></span> <span class='ocrx_word' id='word_1_560' title='bbox 1366 5157 1509 5220; x_wconf 90' lang='lat' dir='ltr'><strong>persona</strong></span> <span class='ocrx_word' id='word_1_561' title='bbox 1530 5141 1616 5202; x_wconf 89' lang='lat' dir='ltr'><strong>hanc</strong></span> <span class='ocrx_word' id='word_1_562' title='bbox 1639 5140 1762 5201; x_wconf 82' lang='lat' dir='ltr'><strong>nostras</strong></span> 
     </span>
     <span class='ocr_line' id='line_1_107' title="bbox 967 5239 1761 5316; baseline -0.005 -15"><span class='ocrx_word' id='word_1_563' title='bbox 967 5240 1214 5302; x_wconf 89' lang='lat' dir='ltr'><strong>constitutionis</strong></span> <span class='ocrx_word' id='word_1_564' title='bbox 1236 5240 1391 5316; x_wconf 89' lang='lat' dir='ltr'><strong>pagiuam</strong></span> <span class='ocrx_word' id='word_1_565' title='bbox 1417 5239 1526 5300; x_wconf 88' lang='lat' dir='ltr'><strong>sciens</strong></span> <span class='ocrx_word' id='word_1_566' title='bbox 1548 5239 1663 5299; x_wconf 88' lang='lat' dir='ltr'><strong>contra</strong></span> <span class='ocrx_word' id='word_1_567' title='bbox 1687 5251 1761 5298; x_wconf 88' lang='lat' dir='ltr'><strong>eam</strong></span> 
     </span>
     <span class='ocr_line' id='line_1_108' title="bbox 967 5335 1762 5408; baseline -0.006 -8"><span class='ocrx_word' id='word_1_568' title='bbox 967 5339 1091 5400; x_wconf 89' lang='lat' dir='ltr'><strong>temere</strong></span> <span class='ocrx_word' id='word_1_569' title='bbox 1112 5337 1227 5399; x_wconf 91' lang='lat' dir='ltr'><strong>venire</strong></span> <span class='ocrx_word' id='word_1_570' title='bbox 1249 5337 1439 5408; x_wconf 86' lang='lat' dir='ltr'><strong>tentaverit,</strong></span> <span class='ocrx_word' id='word_1_571' title='bbox 1455 5335 1600 5397; x_wconf 90' lang='lat' dir='ltr'><strong>secundo</strong></span> <span class='ocrx_word' id='word_1_572' title='bbox 1622 5335 1762 5399; x_wconf 89' lang='lat' dir='ltr'><strong>tertiove</strong></span> 
     </span>
     <span class='ocr_line' id='line_1_109' title="bbox 967 5431 1763 5511; baseline -0.006 -15"><span class='ocrx_word' id='word_1_573' title='bbox 967 5435 1180 5506; x_wconf 91' lang='lat' dir='ltr'><strong>commonita,</strong></span> <span class='ocrx_word' id='word_1_574' title='bbox 1198 5435 1265 5494; x_wconf 86' lang='lat' dir='ltr'><strong>nisi</strong></span> <span class='ocrx_word' id='word_1_575' title='bbox 1284 5433 1576 5511; x_wconf 89' lang='lat' dir='ltr'><strong>praesumptionem</strong></span> <span class='ocrx_word' id='word_1_576' title='bbox 1600 5447 1695 5493; x_wconf 87' lang='lat' dir='ltr'><strong>suam</strong></span> <span class='ocrx_word' id='word_1_577' title='bbox 1710 5431 1763 5492; x_wconf 94' lang='lat' dir='ltr'><strong>di·</strong></span> 
     </span>
     <span class='ocr_line' id='line_1_110' title="bbox 966 5528 1759 5610; baseline -0.006 -16"><span class='ocrx_word' id='word_1_578' title='bbox 966 5549 1032 5610; x_wconf 87' lang='lat' dir='ltr'><strong>gua</strong></span> <span class='ocrx_word' id='word_1_579' title='bbox 1048 5532 1277 5594; x_wconf 83' lang='lat' dir='ltr'><strong>satisfactione</strong></span> <span class='ocrx_word' id='word_1_580' title='bbox 1292 5531 1487 5601; x_wconf 80' lang='lat' dir='ltr'><strong>correxerit,</strong></span> <span class='ocrx_word' id='word_1_581' title='bbox 1507 5530 1679 5606; x_wconf 88' lang='lat' dir='ltr'><strong>potestatis</strong></span> <span class='ocrx_word' id='word_1_582' title='bbox 1694 5528 1759 5590; x_wconf 90' lang='lat' dir='ltr'><strong>hc-</strong></span> 
     </span>
     <span class='ocr_line' id='line_1_111' title="bbox 967 5627 1761 5706; baseline -0.006 -14"><span class='ocrx_word' id='word_1_583' title='bbox 967 5631 1124 5706; x_wconf 89' lang='lat' dir='ltr'><strong>norisque</strong></span> <span class='ocrx_word' id='word_1_584' title='bbox 1145 5629 1198 5689; x_wconf 91' lang='lat' dir='ltr'><strong>sui</strong></span> <span class='ocrx_word' id='word_1_585' title='bbox 1213 5627 1376 5703; x_wconf 89' lang='lat' dir='ltr'><strong>dignitate</strong></span> <span class='ocrx_word' id='word_1_586' title='bbox 1400 5628 1523 5699; x_wconf 87' lang='lat' dir='ltr'><strong>careat,</strong></span> <span class='ocrx_word' id='word_1_587' title='bbox 1540 5642 1698 5704; x_wconf 83' lang='lat' dir='ltr'><strong>reamque</strong></span> <span class='ocrx_word' id='word_1_588' title='bbox 1724 5641 1761 5687; x_wconf 89' lang='lat' dir='ltr'><strong>se</strong></span> 
     </span>
     <span class='ocr_line' id='line_1_112' title="bbox 967 5724 1759 5804; baseline -0.006 -15"><span class='ocrx_word' id='word_1_589' title='bbox 967 5728 1080 5789; x_wconf 89' lang='lat' dir='ltr'><strong>divino</strong></span> <span class='ocrx_word' id='word_1_590' title='bbox 1091 5726 1219 5804; x_wconf 84' lang='lat' dir='ltr'><strong>judicio</strong></span> <span class='ocrx_word' id='word_1_591' title='bbox 1243 5725 1389 5787; x_wconf 83' lang='lat' dir='ltr'><strong>existere</strong></span> <span class='ocrx_word' id='word_1_592' title='bbox 1413 5725 1452 5787; x_wconf 91' lang='lat' dir='ltr'><strong>de</strong></span> <span class='ocrx_word' id='word_1_593' title='bbox 1479 5726 1667 5803; x_wconf 88' lang='lat' dir='ltr'><strong>perpetrata</strong></span> <span class='ocrx_word' id='word_1_594' title='bbox 1689 5724 1759 5785; x_wconf 92' lang='lat' dir='ltr'><strong>iui-</strong></span> 
     </span>
    </p>
   </div>
   <div class='ocr_carea' id='block_1_7' title="bbox 0 0 1970 6202">
    <p class='ocr_par' dir='ltr' id='par_1_8' title="bbox 0 0 1970 6202">
     <span class='ocr_line' id='line_1_113' title="bbox 0 0 1970 6202; baseline 0 0"><span class='ocrx_word' id='word_1_595' title='bbox 0 0 1970 6202; x_wconf 95' lang='lat' dir='ltr'><strong> </strong></span> 
     </span>
    </p>
   </div>
  </div>
 </body>
</html>
