3886 6214
399 552 552 640 cxliv

74 708 127 768 Ad
147 705 329 767 cautorem
353 705 387 767 et
409 705 599 781 cooperires
615 705 823 777 &albidum
839 704 874 766 at

149 806 354 875 0110101101,
367 805 551 864 cartonicoo
563 804 795 862 Parisieosea.

322 960 329 967 ·
369 931 488 990 bbnaaii
501 930 580 990 liti.

240 1054 352 1122 [tinrlot
364 1050 429 1105 ffist.
441 1054 472 1105 de
482 1054 576 1113 lteims,
591 1050 634 1114 ΙΙΙ,
646 1048 716 1117 iel]

73 1180 130 1240 Eis
141 1179 279 1239 mandata
294 1179 342 1238 dat
356 1178 391 1238 de
403 1179 486 1253 gravi
501 1179 657 1252 quaestione
677 1175 876 1237 laudunensis

407 1268 545 1342 episcopi.
797 1340 800 1345 ,

112 1386 793 1464 Honoriusepiscopns,servasservcrum
801 1382 871 1454 Dei,

72 1484 210 1547 dilectis
228 1482 308 1544 fliiis
327 1482 457 1545 cantori
476 1482 510 1544 et
528 1481 697 1558 magistris
716 1479 876 1542 Gauirido

71 1582 106 1644 et
130 1580 278 1643 Girardo
300 1579 475 1642 canonicis
496 1577 759 1647 Parisiensibus,
778 1577 874 1639 saln-

72 1679 156 1751 tem,
170 1678 236 1740 otc.

111 1774 332 1837 Venerabilis
364 1772 470 1836 irater
500 1773 614 1837 noster
644 1768 875 1833 laudunensis

70 1867 872 1951 episcopvmgravemnobisobtulitquaestionem,

70 1969 278 2049 quodquam
293 1967 649 2045 Remensecapitnlum
665 1981 773 2043 nuper
788 1980 874 2042 pns-

69 2067 220 2137 tnlasset
241 2066 284 2128 ab
311 2081 351 2128 eo
373 2065 411 2127 ut
432 2079 491 2142 pro
520 2063 710 2141 reparanda
731 2062 874 2124 eeclesia

70 2163 250 2236 Remensi,
272 2162 323 2223 eis
343 2178 403 2239 per
425 2160 680 2223 Laudunensem
704 2158 874 2221 diaecesim

69 2262 208 2324 litteras
219 2258 466 2337 praedieaticuis
478 2258 685 2329 concederet,
701 2272 804 2318 unum
816 2270 875 2316 an·

71 2374 155 2421 num
169 2356 460 2433 indulgentiarum
478 2355 684 2417 continentes
704 2367 874 2431 expresse,

70 2472 110 2518 ac
124 2470 248 2518 eorum
264 2454 372 2517 nuntii
391 2468 450 2530 per
464 2454 566 2515 totam
580 2452 690 2529 ipsam
704 2450 873 2513 diaecesim

71 2568 148 2615 oum
161 2551 379 2629 processione
394 2550 624 2627 reciperentur
635 2565 656 2610 a
669 2548 760 2610 clero
771 2549 805 2609 et
814 2562 877 2625 po-

71 2650 165 2728 pulo,
183 2649 221 2711 et
234 2647 306 2709 dies
326 2647 487 2709 adventus
506 2661 623 2709 eorum
637 2648 796 2722 tanquam
810 2644 874 2705 do·

72 2746 224 2808 minicae
259 2743 448 2816 haberetur,
477 2743 512 2805 et
544 2759 620 2805 cum
651 2741 808 2804 venirent
832 2740 875 2802 ad

75 2844 190 2907 locum
211 2840 388 2903 interdicto
407 2840 629 2919 suppositum,
643 2839 757 2901 diviua
771 2837 876 2899 libere

73 2937 459 3003 celebrarentnribidem
467 2936 626 3016 quamdin
635 2936 876 3009 0010180111οι-

73 3037 232 3100 tueretur
247 3051 309 3113 pro
325 3035 434 3111 ipsius
446 3034 600 3096 ecclesie
615 3032 796 3105 contraria,
810 3032 874 3095 etc.

71 3135 197 3196 batam
225 3132 392 3204 Laterani,
417 3130 631 3211 pontificatus
654 3130 761 3193 nostri
786 3143 877 3191 anno

71 3230 231 3311 septimo.

410 3500 543 3594 CXLV

109 3655 386 3724 mareotem
403 3655 609 3718 coacescant
627 3651 834 3715 monasterti

372 3754 582 3816 carcerae

381 3880 480 3956 linuit
493 3880 571 3939 liii.

194 4005 289 4073 flesti,
302 4004 415 4057 Historia
428 4004 512 4054 lionte
521 4001 636 4061 cassino,
648 3999 760 4063 11,abt.]

74 4134 256 4195 8011000111
277 4130 351 4187 inter
364 4130 396 4187 Ι..
413 4128 538 4201 priorem
558 4125 687 4183 ecclesia
700 4125 728 4182 S.
745 4122 874 4197 Gregorii

108 4223 146 4281 de
160 4222 311 4292 Sparzano
323 4224 353 4276 et
373 4210 504 4274 abietem
519 4213 556 4271 de
583 4211 721 4272 sennaab
739 4212 875 4284 episcopo

109 4311 139 4370 S.
160 4308 252 4368 liarci
269 4308 358 4365 iatam
377 4302 551 4363 corroborat

114 4423 873 4508 Honoriusepiscopusservusservornmiiei,

75 4532 208 4594 dilectis
223 4529 303 4590 filiis
319 4525 432 4597 abbati
446 4526 479 4587 et
497 4523 675 4587 conventui
689 4520 873 4593 casinensi,

75 4628 220 4691 salntem
235 4626 268 4686 et
279 4622 504 4700 apostolicam
518 4618 793 4680 benedictionem.

113 4712 875 4801 EaquaeJudiciovelcoucordiaterminantur

75 4820 173 4883 flama
188 4816 355 4880 debentet
368 4812 498 4876 illibata
515 4812 703 4890 persistere,
729 4811 762 4872 et
781 4825 823 4870 ne
840 4810 876 4870 in

74 4916 235 4981 recidivae
250 4910 508 4988 contemptionis
520 4907 711 4997 scrupulum
720 4904 872 4967 relaban-

74 5018 142 5087 tur,
159 5011 353 5090 Apostolico
378 5007 533 5070 convenit
548 5000 703 5082 praesidib
725 5019 875 5064 commu-

74 5112 157 5174 niri.
174 5112 224 5171 iix
239 5108 337 5186 parte
350 5104 513 5182 siquidem
532 5104 644 5164 vestra
659 5100 722 5162 init
740 5100 876 5176 exposi-

75 5211 148 5273 tnm
178 5220 292 5269 coram
316 5202 413 5265 nobis
441 5198 527 5279 quod
551 5212 654 5276 quum
674 5196 876 5260 venerabilis

73 5306 186 5369 irater
197 5306 348 5365 noster...
364 5298 572 5360 tusculanus
587 5297 773 5373 episcopus,
796 5296 876 5355 tnnc

72 5400 277 5482 apostolicae
294 5396 389 5460 Sedis
401 5395 541 5471 legatus,
558 5406 776 5469 cansamquae
788 5391 877 5452 inter

73 5505 112 5565 Ι.
146 5501 297 5579 priorem
322 5492 476 5557 ecciesiae
508 5489 622 5552 Sancti
650 5488 802 5565 Gregorii
836 5488 876 5549 de

74 5602 252 5676 spasmo
265 5593 307 5655 ad
331 5592 513 5653 casinense
535 5587 773 5649 monasterinm
799 5601 878 5662 per-

76 5692 232 5765 tinentis,
246 5694 316 5753 et...
336 5688 487 5750 abbatem
500 5686 654 5748 descura
671 5681 871 5754 vertebatur,

688 384 916 457 saisionem.
940 384 1018 449 LIB.
1042 388 1111 450 vii.

1662 386 1723 448 aba

904 560 909 607 t
927 560 1080 624 supereo
1091 548 1176 626 quod
1192 548 1279 610 idem
1295 550 1387 626 prior
1401 563 1437 610 ae
1449 547 1491 610 ab
1512 549 1585 626 ipso
1604 545 1719 611 eadem

905 645 1209 708 ecclesiacontra
1224 647 1391 723 justitiam
1413 646 1591 723 spoliatum
1615 645 1720 706 inissa

906 778 909 793 ·
927 738 1066 812 dicebat,
1083 742 1268 804 venerabili
1287 743 1383 805 iratri
1398 744 1547 807 nostro...
1564 743 1719 820 episcopo

929 839 1042 899 Sancti
1058 838 1162 900 Marci
1176 840 1393 901 commisisset
1404 840 1469 900 dne
1479 839 1589 901 debito
1603 838 1720 900 termi-

905 934 1088 1013 lnandam3
1119 936 1206 997 idem
1241 937 1416 1013 episcopus
1453 938 1565 999 Sancti
1599 936 1717 1004 Marci,

928 1032 1069 1108 cognitis
1095 1048 1205 1095 caussa
1242 1034 1380 1106 meritis,
1409 1050 1469 1111 pro
1497 1035 1584 1095 dicto
1608 1034 1722 1111 priore
1754 1090 1757 1099 .

927 1130 1120 1191 monasterii
1133 1131 1323 1192 casinensis
1338 1132 1452 1192 contra
1466 1130 1638 1209 praefatum
1654 1128 1717 1190 ab·

927 1225 1040 1288 batem·
1050 1228 1311 1303 supereamdem
1325 1226 1511 1299 ecclesiam,
1526 1228 1633 1305 quoad
1647 1242 1720 1304 pos·

928 1322 1109 1384 sessorium
1154 1323 1364 1386 diiiinitivam
1401 1324 1597 1386 sententiam
1636 1339 1718 1401 pro·

928 1420 1100 1496 mulgavit.
1135 1422 1204 1481 Nos
1237 1421 1350 1499 itaque
1396 1420 1516 1483 vestris
1547 1419 1718 1497 snpplica-

908 1538 910 1553 ¹
927 1514 1074 1579 tionibus
1099 1512 1264 1589 inclinati,
1281 1518 1479 1581 sententiam
1501 1518 1618 1594 ipsam,
1635 1516 1725 1579 sicut

929 1614 979 1675 est
992 1615 1095 1692 justa,
1128 1630 1190 1677 nec
1214 1615 1367 1691 legitima·
1387 1615 1622 1691 provocatione
1646 1629 1722 1674 sus·

928 1722 1042 1788 pensa,
1066 1712 1153 1774 etin
1181 1712 1286 1789 ipsius
1307 1712 1427 1774 litteris
1455 1712 1585 1789 plenius
1612 1710 1721 1773 conti-

928 1809 1036 1877 netur,
1052 1809 1248 1871 anctoritate
1266 1810 1455 1885 Apostolica
1472 1810 1719 1882 confirmamus,

928 1907 961 1967 et
985 1906 1160 1983 praesentis
1185 1905 1299 1983 scripti
1326 1906 1512 1983 patrocinio
1536 1905 1722 1967 communi·

928 2010 1012 2064 mus.
1037 2003 1131 2064 Nulli
1156 2018 1235 2079 ergo
1257 2003 1392 2065 omnino
1418 2003 1589 2065 hominum
1621 1998 1725 2064 liceat

928 2098 1015 2161 hanc
1028 2100 1186 2177 paginam
1199 2102 1321 2162 nosuae
1331 2100 1592 2162 confirmationis
1606 2098 1722 2160 inirin-

928 2211 1018 2271 gera,
1046 2197 1099 2258 vel
1124 2197 1156 2258 ei
1179 2213 1264 2258 ausu
1282 2197 1462 2260 temerario
1481 2196 1658 2258 contraire.
1685 2194 1721 2257 Si

929 2294 1002 2370 quis
1030 2294 1141 2356 autem
1173 2293 1237 2355 hoc
1269 2294 1432 2356 attentare
1462 2292 1719 2371 praesumpserit,

928 2390 1190 2466 indignationem
1212 2392 1447 2468 omnipotentis
1469 2391 1529 2453 Dei
1548 2392 1582 2453 et
1602 2390 1722 2453 beato-

928 2498 1005 2548 rum
1013 2488 1104 2550 Petri
1124 2489 1157 2550 et
1170 2488 1268 2549 Pauli
1282 2488 1507 2565 apostolorum
1522 2491 1594 2566 ejus
1609 2504 1646 2550 se
1660 2504 1723 2549 no-

928 2584 1015 2648 verit
1037 2585 1262 2647 incursurum.
1285 2588 1404 2649 Datum
1426 2585 1561 2661 Signiae,
1582 2586 1722 2662 septimo

929 2682 1004 2744 idus
1011 2682 1112 2762 junii,
1125 2681 1337 2760 pontificatus
1353 2683 1459 2745 nostri
1469 2697 1558 2744 anno
1569 2682 1720 2760 septimo.

1247 3019 1401 3108 CXLVI

928 3172 980 3233 Ao
993 3171 1151 3233 animem
1164 3172 1380 3243 aremarea,
1398 3170 1536 3232 trecea.
1553 3172 1720 3241 dtoeeeata,

968 3268 1003 3330 et
1023 3271 1316 3339 archidiaconum,
1330 3268 1400 3330 et...
1414 3270 1581 3330 decanam
1595 3268 1630 3329 S.
1641 3268 1722 3329 Sic-

966 3368 1074 3440 namu
1089 3366 1227 3428 moen.

1226 3478 1327 3561 iij'uaii
1339 3486 1419 3545 ΗΒ.

960 3610 1082 3675 magea„
1092 3608 1139 3661 lib.
1147 3608 1203 3669 vii,
1217 3623 1260 3675 ep.
1273 3607 1328 3660 ait.
1341 3610 1399 3660 lisa.
1412 3609 1449 3661 La
1459 3609 1535 3661 Porto
1546 3607 1581 3660 dn
1594 3608 1691 3672 llicit}

928 3728 1048 3793 mandra
1070 3740 1102 3791 ut
1115 3747 1244 3811 mnsam,
1266 3734 1339 3791 inter
1358 3731 1490 3790 abbatem
1511 3732 1541 3791 8.
1564 3732 1641 3790 Petri
1655 3730 1722 3792 iuvi

963 3822 1163 3880 8011101101.
1174 3829 1203 3881 et
1215 3820 1446 3880 archidiaoomrm
1456 3822 1654 3879 senonensem
1668 3830 1718 3877 aa·

963 3909 1052 3969 diam

967 4032 1145 4106 nonarius,
1174 4033 1251 4106 etc,
1277 4032 1409 4095 dilectis
1435 4030 1514 4094 tiliis
1516 4075 1576 4093 .....
1608 4028 1721 4094 abbati

928 4133 1123 4193 Aramacen.
1147 4132 1286 4193 Tracen
1302 4130 1398 4192 dioec.
1415 4131 1448 4193 et
1461 4129 1602 4201 archid,
1623 4131 1656 4192 et
1658 4172 1719 4191 .....

929 4228 1054 4290 decano
1068 4230 1101 4290 S.
1117 4226 1277 4305 Stephani
1288 4230 1438 4300 trecen,
1450 4227 1601 4300 salutem,
1617 4227 1679 4289 etc.

967 4324 1212 4388 Dilecto-tilio...
1231 4324 1350 4388 abbate
1367 4324 1611 4387 monasteriis.
1630 4322 1721 4386 Patri

928 4422 1004 4484 vivi
1041 4426 1205 4484 senonen.
1239 4423 1318 4484 olim
1351 4434 1448 4483 snam
1478 4422 1520 4484 ad
1549 4437 1609 4483 nos
1633 4436 1719 4499 qne-

929 4520 1106 4580 rimcniam
1116 4519 1315 4597 perierante,
1331 4519 1417 4596 quod
1433 4519 1572 4582 dilectus
1590 4520 1719 4581 iilius...

929 4615 1186 4678 archidiaconus
1211 4618 1376 4677 80101101.
1402 4617 1436 4676 in
1457 4631 1533 4677 enm
1552 4616 1721 4678 insolitam

924 4713 1191 4790 jurisdictionem
1208 4726 1385 4789 usurpans,
1402 4728 1501 4790 quam
1522 4714 1575 4775 sui
1592 4712 1721 4791 praede—

930 4822 1079 4872 cessores
1105 4810 1140 4870 in
1162 4824 1249 4881 eum,
1265 4810 1318 4870 vel
1339 4812 1413 4886 ejus
1429 4812 1628 4873 conventum
1652 4823 1720 4870 non

929 4905 1718 4983 consueverantexeroere,nosejusdemebbatis,

929 5001 982 5062 vei
995 5002 1176 5063 conventus
1191 5001 1243 5060 sui
1258 5016 1437 5076 gravamen
1448 5002 1630 5063 indebitum
1645 5016 1721 5060 sus-

928 5098 1039 5161 tinere
1056 5097 1227 5169 nolentes„
1245 5098 1352 5159 eidem
1369 5099 1607 5161 archidiacono
1624 5096 1720 5158 dedi-

930 5208 1004 5256 mus
1018 5195 1054 5255 in
1065 5194 1241 5266 mandans,
1258 5196 1295 5258 ut
1307 5196 1341 5256 in
1359 5196 1449 5273 ipsas
1464 5196 1505 5256 de
1519 5196 1639 5256 caetero
1652 5209 1719 5255 1011

931 5294 1068 5370 usurpet
1102 5292 1247 5370 aliquam
1287 5293 1555 5370 iurisdictionem
1594 5290 1719 5352 insuli-

930 5393 1012 5462 tam,
1033 5390 1087 5452 vel
1111 5392 1306 5476 excerceat3
1327 5391 1384 5451 sed
1416 5389 1468 5450 hia
1492 5389 1721 5451 tantummodo

930 5489 1104 5550 contentus
1126 5489 1284 5559 existens,
1314 5486 1432 5564 quibus
1456 5485 1722 5567 praedecessores

931 5585 983 5645 sui
1008 5585 1155 5647 conteuti
1177 5584 1321 5656 inerunt,
1340 5599 1406 5643 non
1430 5582 1543 5658 exigat
1561 5583 1651 5644 aliud
1676 5583 1720 5645 ab

931 5681 1056 5744 eisdem
1069 5697 1168 5758 quam
1181 5697 1200 5742 a
1215 5681 1312 5743 dictis
1336 5679 1635 5757 predecessoribus
1650 5682 1723 5742 suis
