4014 6224
150 319 159 346 t
220 302 260 362 23

219 460 324 525 robur
337 462 501 540 accipere,
518 477 560 524 ne
579 460 798 539 inposterum
816 460 915 524 facile
932 478 1017 540 qua-

218 560 358 623 tiantur.
376 562 463 621 Sane
486 558 671 621 venerabili
692 558 788 620 fratri
810 560 926 620 nostro
940 561 1015 620 Hu-

220 657 311 733 goni,
334 656 479 719 Ostiensi
509 656 676 734 episcopo,
695 655 893 732 Apostolicae
922 656 1016 717 Sedis

220 753 340 831 legato,
357 756 391 817 et
404 753 576 816 nonnullis
590 753 671 814 aliis
693 753 775 815 viris
790 753 958 830 religiosis
977 769 1016 815 ac

222 851 288 913 fide
301 851 422 927 dignis,
446 851 541 911 nobis
556 851 635 912 olim
648 866 708 927 per
722 867 800 911 suas
815 851 943 913 litteras
964 850 1018 911 in·

221 948 427 1020 timentibus,
451 949 692 1010 monasterium
722 948 836 1010 Sancti
858 948 949 1010 Petri
981 948 1016 1008 in

222 1046 309 1107 Caelo
323 1050 433 1108 Aureo
446 1046 486 1107 de
497 1047 611 1122 Papia,
625 1045 720 1109 nobis
738 1045 929 1107 immediate
944 1044 1018 1106 sub-

216 1144 358 1221 jectum,
383 1144 420 1204 in
446 1143 698 1221 spiritualibus,
721 1146 754 1205 et
776 1142 1017 1220 temporalibus

221 1242 369 1316 graviter
383 1242 561 1313 corruisse,
582 1240 686 1303 itaut
701 1240 849 1317 eJusdem
873 1239 1016 1302 166161)-

221 1337 331 1399 batem
360 1338 536 1399 occasione
571 1338 683 1400 multae
714 1338 943 1399 dissolutionis
975 1336 1017 1397 ad

222 1451 321 1513 quam
347 1436 585 1498 monasterium
606 1435 716 1513 Ipsum
744 1435 939 1503 devenerat,
964 1435 1019 1495 in-

220 1533 373 1609 trempto,
400 1533 434 1595 et
460 1534 570 1595 usuris
586 1534 713 1611 jugiter
736 1532 1016 1604 excrescentibus,

221 1645 289 1692 non
304 1633 506 1707 speraretur,
521 1631 606 1708 quod
624 1631 717 1691 locus
735 1631 880 1707 ipseper
894 1631 1018 1706 Nigros

222 1729 336 1806 posset
353 1727 535 1790 monachos
554 1727 732 1790 reformari
749 1743 811 1788 166
830 1742 1017 1804 suggeren-

223 1824 313 1887 tibus
327 1824 433 1897 nobis,
451 1825 486 1886 ut
498 1825 597 1902 caput
611 1825 726 1886 domus
740 1827 859 1888 vestrae
874 1825 916 1886 ad
928 1841 1019 1901 prae·

213 1920 349 1986 'dictum
391 1923 648 1996 monasterium,
679 1923 735 1983 ubi
768 1938 888 1999 corpus
914 1922 1018 1999 ipsius

224 2021 334 2082 sancti
356 2020 506 2081 noscitur
526 2020 748 2098 requiescere,
768 2020 1018 2088 tranferremus,

224 2132 287 2180 nos
308 2117 417 2178 eidem
439 2117 594 2193 episcopo
618 2116 767 2179 dedimus
786 2116 822 2177 in
841 2115 1017 2188 mandatis,

225 2214 264 2276 ut
277 2214 497 2276 consideratis
512 2213 770 2277 circumstantiis
791 2215 968 2285 universis,
984 2215 1019 2275 in

224 2312 358 2387 negotio
373 2312 446 2388 lpse
461 2312 659 2375 auctoritate
685 2313 799 2374 nostra
814 2311 1017 2389 procederet,

224 2410 324 2486 prout
346 2408 525 2470 secundum
543 2412 647 2471 Deum
667 2412 881 2487 cognosceret
902 2424 1021 2486 proce-

224 2506 379 2568 dendum.
396 2509 500 2569 Porro
511 2507 598 2569 idem
609 2507 783 2585 episcopus
798 2507 903 2569 variis
918 2523 1021 2583 nego·

223 2603 281 2665 tiis
294 2605 484 2681 occupatus,
495 2605 664 2668 mandavit
673 2604 829 2667 venerab.
844 2605 940 2667 fratri
949 2620 1024 2665 nos·

222 2702 276 2763 tro
286 2703 305 2764 J
307 2701 409 2763 acobo
423 2704 577 2780 episcopo
588 2703 796 2775 Taurinensi‚
806 2704 843 2765 ut
855 2719 1019 2780 persona-

225 2797 304 2861 liter
313 2800 354 2861 ad
367 2803 584 2862 memoratum
596 2802 833 2863 monasterium
845 2800 1019 2873 accedens,

224 2897 402 2973 diligenter
421 2898 605 2976 inquireret
629 2898 831 2961 voluntatem
860 2898 1017 2977 episcopi,

225 2995 308 3057 cleri
325 2998 358 3057 et
372 2996 485 3073 populi
498 2996 684 3072 papiensis,
701 2997 733 3058 61
748 2996 913 3058 sivideret
925 3012 1021 3073 posse
1091 2987 1096 2993 ⁴

225 3092 300 3154 fleri
326 3094 398 3154 sine
423 3094 597 3166 scandalo,
614 3094 884 3157 Mortariensium
909 3093 1021 3155 domui

224 3191 463 3252 monasterium
498 3192 695 3254 concederet
729 3192 851 3268 saepius
885 3192 1019 3263 dictum,

225 3287 376 3365 alioquin
397 3288 485 3365 quod
504 3303 606 3364 super
629 3289 692 3350 boc
718 3289 893 3361 inveniret,
917 3289 948 3349 ei
963 3303 1023 3365 per

226 3384 1024 3447 6666111161661611166161.Ρ1616166161616611-

226 3482 352 3555 666616,
362 3483 461 3558 Juxta
472 3482 577 3559 ipsius
588 3482 690 3558 legati
701 3483 1022 3560 mandatumperso·

225 3576 349 3638 naliter
363 3576 404 3638 ad
437 3578 633 3655 Papiensem
656 3578 821 3641 civitatem
848 3578 1020 3650 accedens,

227 3675 261 3736 et
274 3690 375 3752 super
389 3675 546 3753 praedicto
562 3676 694 3752 negotio
713 3675 891 3752 diligenter
911 3676 1023 3754 inqui-

133 3796 135 3799 ·
225 3788 305 3834 rens
329 3773 487 3851 episcopi,
512 3774 593 3835 cleri
617 3775 650 3835 et
669 3774 783 3852 populi
804 3773 1020 3845 voluntatem,

225 3871 382 3930 omnesin
392 3870 454 3931 boc
463 3870 590 3932 invenit
604 3870 779 3931 unanimes
788 3869 1021 3944 etconcordes,

225 3970 258 4028 et
274 3983 373 4044 quum
389 3968 520 4028 tandem
536 3967 719 4029 deliberato
732 3967 873 4029 consilio
889 3983 1024 4044 respon·

226 4063 363 4136 dIssent,
378 4066 464 4141 quod
478 4064 927 4143 hujusmoditranslationem
946 4065 1025 4142 plu-

226 4162 348 4224 rimum
364 4162 590 4239 acceptabant,
608 4163 700 4224 salvo
715 4163 826 4224 tamen
833 4167 910 4241 jure
923 4167 1025 4240 Apos-

226 4259 336 4320 161166
366 4259 476 4332 Sedis,
503 4261 536 4322 et
564 4260 698 4338 imperii
725 4262 758 4322 et
790 4261 963 4338 episcopi,
992 4262 1026 4323 et

228 4356 374 4418 civitatis
416 4356 608 4434 Papieusis‚
643 4374 683 4419 ac
713 4361 791 4435 jure
823 4374 864 4420 ac
896 4358 1024 4419 bonore

229 4453 467 4516 advocatorum
498 4456 693 4517 monasterii
726 4456 911 4528 memorati,
936 4455 1024 4516 idem

228 4552 446 4623 Taurincnsis
474 4552 516 4614 ad
540 4554 768 4631 saepedictum
787 4554 1024 4616 monasterium

228 4666 304 4711 cum
328 4649 466 4726 praelato
491 4652 604 4728 Papiae
624 4651 793 4728 episcopo,
818 4651 852 4713 et
875 4651 968 4723 cleri,
993 4653 1026 4713 et

229 4749 345 4827 populi
360 4748 572 4811 multitudine
592 4749 727 4826 copiosa
742 4750 936 4827 procedens,
953 4765 1026 4811 mo-

229 4846 416 4909 nasterium
435 4847 545 4922 ipsum
572 4862 646 4908 cum
680 4847 833 4908 omnibus
860 4848 1023 4919 ecclesiis,

229 4944 509 5023 possessionibus,
522 4944 655 5021 juribus
679 4946 712 5005 et
728 4945 940 5022 pertinentiis
955 4945 1025 5004 suis

228 5043 340 5105 domui
349 5043 562 5105 Mortariensi
572 5043 677 5104 libere
688 5043 721 5103 et
731 5043 893 5115 absolute,
906 5058 945 5104 ea
961 5058 1025 5119 qua

229 5141 433 5217 fungebatur
455 5141 653 5202 auctoritate
675 5156 834 5202 concessa
853 5155 1023 5217 expressa,

229 5240 266 5300 ut
280 5238 519 5300 monasterium
544 5239 653 5314 ipsum
677 5240 776 5315 caput
793 5237 1025 5300 Mortariensis

230 5336 358 5397 ordinis
388 5337 428 5398 de
465 5337 586 5398 caetero
614 5335 795 5408 habeatur,
826 5351 866 5397 ac
897 5338 950 5407 te,
976 5335 1025 5395 1111

230 5434 420 5511 praeposite,
437 5434 511 5495 vice
530 5434 563 5495 et
584 5434 718 5494 nomine
734 5433 830 5496 dictae
852 5432 969 5494 domus
990 5432 1025 5493 in

232 5529 338 5608 ipsius
353 5528 548 5593 monasteriI
562 5531 768 5608 corporalem
781 5530 1025 5608 possessionem

230 5627 373 5700 induxit,
396 5628 573 5691 tribuendo
587 5629 649 5693 tibi
673 5629 813 5690 liberam
833 5627 1023 5690 facultatem

839 300 1016 367 BONORII
1038 303 1083 365 111
1103 300 1254 364 OPERA.
1825 301 1866 363 24

1073 463 1320 540 possessionum
1337 463 1485 524 omnium
1496 462 1741 540 temporalium,
1754 462 1788 526 et
1801 462 1868 540 spi·

1071 560 1256 628 ritualium,
1273 576 1346 637 666
1358 560 1399 622 ad
1415 560 1522 637 ipsum
1536 560 1772 623 monasterium
1788 577 1868 639 per-

1071 657 1188 729 tinent,
1226 658 1424 720 auctoritate
1463 658 1598 735 propria
1626 657 1864 730 nanciscendi,

1071 757 1210 833 ejusque
1237 771 1428 832 processum
1459 757 1658 818 auctoritate
1686 756 1867 832 legationis

1071 851 1135 912 sibi
1157 852 1342 913 commissae
1360 853 1570 914 confirmavit
1591 851 1749 931 praelatus
1770 852 1865 929 eple-

1072 965 1173 1026 copus
1188 950 1360 1011 Ostiensis.
1390 952 1460 1012 Nos
1487 950 1591 1026 igitur
1621 950 1865 1019 instrumentis,

1072 1046 1191 1123 quibus
1207 1048 1318 1108 omnia
1340 1047 1530 1124 supradicta
1543 1049 1675 1125 plenius
1690 1048 1869 1110 continen-

1070 1145 1137 1216 tur,
1154 1145 1332 1222 diligenter
1343 1146 1513 1223 inspectis,
1525 1145 1773 1208 concessionem
1784 1160 1869 1221 prae·

1072 1242 1193 1303 dictam
1221 1244 1420 1306 auctoritate
1447 1245 1631 1321 apostolica
1665 1243 1866 1311 roborante,

1072 1341 1311 1402 monasterium
1326 1341 1435 1418 ipsum
1450 1358 1524 1404 cum
1540 1341 1707 1402 universis
1718 1339 1865 1417 juribus,

1072 1438 1350 1515 possessionibus,
1365 1439 1517 1501 666166116
1527 1438 1781 1517 etpertinentiis
1797 1438 1868 1498 suis

1071 1535 1322 1612 temporalibus,
1343 1537 1376 1598 et
1393 1536 1632 1614 spiritualibus,
1652 1534 1747 1598 vobis
1761 1536 1794 1597 61
1808 1549 1868 1612 per

1071 1648 1131 1693 vos
1147 1633 1255 1694 ordini
1263 1635 1373 1697 vestro
1384 1634 1581 1696 auctoritate
1591 1633 1774 1710 apostolica
1789 1648 1869 1694 con·

1073 1730 1870 1808 firmamusetpraeseutisscriptipatrociniocom·

1073 1829 1251 1901 munimus,
1270 1830 1462 1901 statuentes,
1484 1829 1521 1890 61
1534 1828 1616 1890 ordo
1633 1827 1868 1890 Mortariensis

1074 1925 1195 1987 ibidem
1219 1927 1387 2004 perpetuis
1417 1927 1622 2003 temporibus
1660 1925 1868 1987 observetur.

1073 2024 1166 2085 Nulli
1196 2040 1276 2100 ergo
1305 2024 1440 2085 omnino
1465 2025 1636 2086 hominum
1655 2023 1757 2085 liceat
1781 2024 1870 2084 banc

1074 2123 1229 2199 paginam
1244 2122 1367 2184 nostrae
1380 2122 1654 2190 confirmationis,
1666 2121 1701 2182 et
1712 2120 1872 2183 constitu·

1074 2219 1175 2281 tionis
1188 2220 1381 2296 intringere,
1394 2219 1490 2281 16161
1504 2235 1589 2281 6666
1599 2219 1777 2280 temerario
1788 2233 1871 2279 con-

1074 2318 1189 2379 traire.
1201 2318 1320 2396 Siquis
1333 2319 1443 2379 autem
1456 2318 1520 2379 boc
1530 2317 1694 2379 attentare
1709 2331 1870 2393 praesum-

1075 2417 1190 2492 pserit,
1207 2416 1468 2492 indignationem
1490 2415 1726 2492 omnipotentis
1745 2414 1817 2486 Dei,
1837 2414 1871 2477 et

1075 2515 1247 2576 beatorum
1267 2514 1358 2575 Petri
1374 2515 1407 2576 61
1422 2514 1518 2575 Pauli
1539 2513 1765 2591 apostolorum
1780 2514 1866 2589 ejus,

1075 2630 1112 2675 se
1138 2612 1267 2675 noverit
1300 2613 1523 2673 incursurum.
1551 2612 1669 2672 Datum
1691 2609 1868 2682 Laterani,

1076 2711 1184 2773 idibus
1199 2708 1400 2783 novembris,
1426 2709 1637 2787 pontificatus
1657 2708 1763 2769 nostri
1780 2722 1871 2770 anno

1076 2810 1181 2871 sexto.

1390 3029 1557 3117 XXVIII
1629 3088 1634 3095 «

1104 3185 1156 3245 Ad
1173 3182 1321 3253 abbates,
1341 3185 1494 3256 priores,
1509 3184 1665 3253 decanos,
1683 3180 1759 3251 etc,
1778 3193 1847 3254 per

1135 3283 1341 3343 Remensem
1359 3281 1579 3353 provinciam
1596 3276 1808 3340 constitutos.

1317 3418 1353 3477 15
1373 3417 1537 3477 novembris
1552 3417 1630 3475 ram.

1181 3552 1317 3619 [bouquet
1331 3553 1389 3604 Res.
1405 3550 1448 3602 des
1459 3550 1535 3610 11161,
1546 3556 1566 3601 1.
1579 3549 1646 3609 xlx,
1657 3564 1684 3615 p.
1694 3549 1763 3614 mn]

1078 3678 1221 3737 Honorius
1234 3676 1377 3750 significat
1400 3691 1431 3734 se
1448 3674 1560 3733 dedisse
1583 3674 1717 3732 ilamensi
1734 3681 1763 3733 61
1779 3672 1875 3732 archi·

1112 3766 1247 3840 episcopo
1262 3772 1442 3838 potestatem,
1460 3774 1491 3821 61
1512 3766 1541 3820 16
1561 3764 1695 3822 ilamensi
1716 3770 1744 3819 et
1766 3762 1874 3821 Retho-

1112 3855 1244 3929 mageosi
1263 3854 1417 3927 provinciis
1432 3853 1598 3911 1166616616
1619 3859 1807 3925 proventuum
1822 3867 1874 3909 ec·

1113 3944 1336 4002 clesiasticomm
1362 3957 1412 4015 per
1439 3941 1593 4000 triennium
1618 3941 1716 4014 jubeat
1737 3939 1875 4010 conferri,

1113 4048 1176 4106 que
1192 4029 1357 4105 reparandis
1370 4031 1436 4088 belli
1450 4029 1615 4104 albigensis
1637 4027 1765 4087 cladibus
1787 4027 1872 4085 adbi-

1112 4122 1224 4180 beatur.

1118 4257 1480 4334 Honoriusepiscopus‚
1490 4271 1606 4317 servus
1619 4269 1790 4316 servorum
1799 4253 1874 4326 Dei,

1079 4358 1211 4419 dilectis
1226 4357 1306 4417 111116
1322 4354 1508 4424 abbatibus,
1525 4352 1704 4430 prioribus
1721 4351 1873 4424 decaniS,

1080 4454 1327 4516 archidiaconis
1344 4454 1377 4515 61
1392 4451 1468 4513 61116
1483 4450 1701 4512 ecclesiarum
1725 4448 1876 4525 praelatis

1080 4564 1119 4610 ac
1148 4548 1280 4609 clericis
1307 4546 1474 4607 universis
1496 4561 1556 4622 per
1584 4546 1780 4605 Remensem
1795 4557 1878 4619 pro-

1079 4647 1225 4709 vinciam
1240 4643 1441 4716 constitutis,
1453 4643 1606 4713 salutem,
1623 4642 1686 4703 etc.

1120 4746 1200 4805 Cum
1212 4739 1422 4805 venerabiles
1437 4739 1557 4801 tratres
1570 4740 1678 4800 nostri
1700 4736 1877 4799 Remensis

1080 4841 1352 4917 archiepiscopus
1367 4842 1405 4900 A.
1423 4840 1457 4899 S.
1474 4837 1604 4913 legatus
1618 4839 1651 4898 et
1668 4836 1876 4912 suffraganei

1079 4940 1144 5011 sui,
1161 4937 1360 4999 auctoritate
1369 4934 1517 4996 mandati
1532 4933 1649 5005 nostri,
1664 4948 1728 5010 quo
1743 4933 1808 5010 ipsi
1823 4948 1878 4993 ar-

1080 5040 1294 5118 cbiepiscopo
1309 5037 1461 5100 dedimus
1471 5037 1668 5113 potestatem
1682 5033 1827 5096 faciendi
1838 5033 1877 5096 in

1080 5154 1141 5199 sua
1156 5138 1189 5199 et
1201 5134 1462 5210 Rotbomagensi
1477 5132 1671 5210 provinciis,
1687 5132 1756 5192 tam
1770 5133 1805 5192 in
1820 5132 1878 5192 in-

1080 5234 1261 5311 dulgentiis
1274 5249 1373 5311 quam
1388 5232 1424 5293 in
1444 5231 1532 5303 aliis,
1548 5229 1660 5291 omnia
1673 5245 1747 5306 quae
1763 5229 1804 5290 ad
1819 5245 1879 5290 re-

1081 5333 1280 5395 levationem
1311 5329 1437 5406 negotii
1462 5328 1539 5389 fidei
1560 5327 1647 5405 quod
1669 5326 1878 5403 inpartibus

1082 5430 1268 5491 Provinciae
1296 5430 1425 5504 geritur
1457 5425 1673 5502 cognosceret
1699 5423 1875 5502 expedire,

1081 5528 1247 5591 communi
1274 5525 1414 5588 consilio
1437 5526 1472 5586 et
1496 5538 1663 5585 consensu
1684 5523 1875 5595 statuerint,

1081 5624 1118 5688 ut
1131 5625 1196 5703 ipsi
1212 5626 1245 5686 et
1257 5639 1372 5686 omnes
1387 5621 1522 5684 omnino
1537 5636 1688 5699 personas
1702 5619 1880 5683 ecclesias-
