3886 6214
88 232 163 296 221·
713 228 943 292 EPISTOLAE.
967 230 1140 293 313131.
1686 238 1747 301 222

90 386 311 469 lampadibus
324 404 386 469 per
399 403 501 471 opera
515 388 702 453 sanctitatis
716 390 840 469 jugiter
861 404 898 451 se
951 388 1128 454 abbatissae
1141 388 1261 454 333133
1274 391 1424 456 Romano
1439 392 1605 468 Pontifici,
1621 395 1676 461 rel
1689 395 1744 459 le-

91 487 439 567 praeparantobviam
462 502 584 565 sponso
602 487 664 559 ire,
680 488 714 549 et
735 486 897 564 cumipse
951 487 1028 563 gato
1056 487 1098 548 ab
1121 489 1194 565 ejus
1217 487 1322 551 latere
1343 489 1522 564 destinato,
1545 491 1748 565 33131331

91 586 141 648 ad
156 585 311 647 coelesies
330 585 463 662 nuptias
477 584 618 646 introire
632 585 783 646 nostrum
798 584 899 645 debe-
952 584 1107 646 Pontifex
1120 588 1288 649 Romanus
1300 586 1497 664 injunxerit,
1510 590 1744 665 praesentetur,

92 699 176 744 mus
190 682 384 760 presidium
399 682 575 759 impertiri,
596 698 639 743 ne
653 682 739 744 forte
758 681 899 759 cujusli-
952 697 1048 759 aquo
1063 681 1178 744 electae
1191 683 1463 757 confirmationis,
1483 686 1517 746 et
1535 685 1744 749 benedictio-

92 780 156 843 bet
170 780 370 843 temeritatis
382 779 538 841 incursus
552 780 606 841 uel
620 794 678 840 eas
696 795 715 840 3
728 780 898 856 proposito
952 781 1005 841 nis
1019 780 1128 855 gratia
1150 779 1374 857 impendatur.
1395 783 1626 845 consutiones
1649 784 1748 845 insu·

93 879 323 949 3333331331
344 876 458 949 robur,
475 877 561 954 quod
575 877 673 949 absit,
696 891 801 939 sacrae
822 876 899 937 reli·
953 893 1012 955 per
1034 878 1102 939 133]
1123 877 1253 954 capitis,
1271 894 1370 957 quam
1398 881 1621 942 membrorum
1647 897 1749 959 super

94 975 213 1051 giouis
233 973 614 1051 indicassemus,
633 973 812 1035 dilectaeiu
832 976 900 1034 lio·
952 974 1124 1048 omnibus,
1155 991 1228 1054 quiae
1257 976 1292 1037 in
1316 978 1429 1039 uestra
1454 978 1597 1040 ecclesia
1622 978 1749 1041 inerint

93 1072 194 1134 mino
220 1071 310 1144 iilia,
334 1071 456 1133 uestris
487 1071 588 1149 justis
620 1070 898 1148 postulationibus
953 1072 1160 1149 corrigenda,
1180 1073 1244 1133 soli
1268 1076 1418 1136 Romano
1441 1075 1607 1148 Pouiidci,
1628 1076 1681 1138 vei
1700 1056 1756 1148 ei,

93 1170 199 1246 grato
246 1161 484 1231 concurrentes
528 1183 692 1241 assensu,
735 1168 898 1245 capellam
953 1185 1049 1247 quem
1062 1169 1106 1230 ad
1122 1170 1187 1232 hoe
1201 1170 1272 1247 ipse
1285 1169 1505 1247 deputaverit,
1523 1166 1754 1237 reservamus,

95 1268 236 1329 Sanctae
248 1265 441 1328 Peuoniliae
456 1281 532 1328 cum
546 1265 704 1343 hospitali
718 1280 739 1326 a
752 1266 898 1343 capitulo
953 1267 1172 1329 proibemus
1193 1268 1310 1344 igitur,
1331 1283 1374 1330 ne
1395 1269 1470 1346 quis
1488 1258 1676 1347 episcopus,
1692 1271 1748 1335 vei

94 1364 244 1426 Senensi
270 1364 311 1424 de
333 1377 473 1425 assensu
495 1362 644 1440 episcopi
672 1362 842 1435 Senensis,
866 1364 899 1425 et
952 1364 1430 1442 quaelibetaliaecclesiastica,
1446 1368 1660 1429 secularisve
1669 1383 1748 1445 per-

93 1460 241 1523 rundum
255 1460 441 1539 quemdam,
464 1460 565 1522 situm
579 1461 676 1523 extra
692 1464 822 1538 portam
837 1460 910 1535 Se·>
952 1476 1035 1525 sona
1055 1461 1228 1525 libertates
1251 1464 1381 1526 3331333
1396 1462 1592 1540 infringere,
1608 1463 1747 1527 331311-

95 1573 242 1620 mensem
257 1559 300 1619 de
321 1557 481 1619 camullia
496 1572 572 1618 cum
586 1557 900 1634 possessionibuset
952 1560 1045 1622 tentn
1067 1559 1333 1633 consuetudinis,
1360 1561 1415 1623 uel
1437 1560 1506 1622 alio
1529 1561 1627 1624 modo
1649 1561 1748 1640 queis-
1879 1544 1886 1577 ¹

96 1655 256 1718 omnibus
271 1654 484 1733 pertinentiis
498 1655 568 1715 suis
583 1669 603 1716 a
617 1655 720 1717 vitali
735 1655 897 1717 1311331-
952 1672 1087 1734 quama
1107 1656 1203 1719 vobis
1219 1658 1340 1720 audeat
1353 1658 1563 1737 extorquere.
1580 1658 1747 1736 83331311-

97 1755 178 1816 3313
201 1754 276 1815 cive
298 1752 438 1815 Senensi
458 1750 553 1814 nobis
578 1752 715 1814 nomine
738 1755 898 1815 Romanae
952 1755 1124 1816 terautem
1139 1754 1339 1828 iuhibemus,
1356 1770 1399 1817 ns
1414 1755 1598 1828 usurarios,
1612 1771 1749 1818 excom-

97 1851 260 1913 Ecciesiae
282 1849 338 1928 pia
360 1849 563 1911 iiberalitate
589 1850 721 1922 collata,
744 1850 779 1911 iu
793 1852 851 1927 jus
866 1850 899 1913 et
952 1852 1150 1924 munieatos,
1178 1852 1236 1913 aut
1259 1852 1447 1924 haereticos,
1478 1852 1533 1913 uel
1555 1852 1596 1914 de
1623 1851 1747 1915 13331331

96 1949 339 2026 proprietatem
360 1946 451 2009 beati
473 1946 564 2008 Petri
584 1948 618 2009 31
638 1946 795 2009 Ecclesia
827 1950 897 2010 Ro·
952 1949 1143 2022 infamatos,
1160 1949 1193 2012 et
1205 1949 1402 2011 nominatim
1416 1965 1437 2010 a
1450 1948 1589 2011 Senensi
1603 1950 1747 2013 33313313

96 2062 212 2108 mansa
235 2045 454 2122 suscepimus,
492 2043 549 2105 ubi
581 2045 821 2107 monasterium
855 2044 896 2106 ad
951 2046 1146 2109 interdictos
1156 2046 1366 2123 praesnmatis
1376 2046 1413 2106 in
1424 2046 1614 2119 vita,ve11n
1627 2046 1745 2119 morte,

97 2143 266 2205 bonorem
282 2142 353 2214 Dei,
370 2142 404 2204 et
417 2141 565 2217 Virginis
580 2141 736 2217 gloriosae
751 2142 899 2204 (ianitri-
953 2143 1199 2223 quomodolibet
1207 2143 1359 2220 recipere
1372 2143 1413 2204 ad
1429 2143 1558 2218 diviua3
1573 2159 1634 2205 nec
1646 2143 1748 2207 liceat

97 2243 149 2302 cis
162 2244 248 2319 ejus,
264 2240 301 2303 ut
313 2255 374 2302 ros
389 2239 555 2301 offerretis
576 2237 623 2300 ibi
640 2239 780 2300 Domino
802 2239 899 2301 holo-
951 2241 1046 2304 vobis
1060 2241 1265 2318 sepulturam
1283 2240 1419 2313 babere,
1435 2240 1502 2301 nisi
1515 2255 1576 2317 pro
1592 2239 1698 2312 vobis,
1713 2241 1747 2302 et

98 2340 266 2405 caustum,
294 2339 329 2399 et
348 2336 433 2398 31133
452 2335 605 2413 exemplo
619 2337 732 2398 vestro
749 2336 792 2397 ad
811 2336 898 2397 divi-
952 2339 1028 2399 aliis
1047 2337 1212 2415 personis,
1224 2352 1298 2413 333
1313 2336 1355 2397 ad
1369 2339 1517 2399 rastrum
1531 2336 1655 2399 1333131
1673 2350 1747 2411 ser-

99 2450 182 2496 uum
215 2432 411 2511 obsequium
444 2433 636 2505 traheretis,
661 2432 797 2495 nomine
830 2436 899 2494 ilo-
951 2435 1070 2497 3111333
1084 2434 1259 2511 deputatae.
1275 2433 1500 2495 Adiudicium
1513 2435 1625 2496 autem
1644 2433 1745 2509 buiris

100 2548 211 2594 manae
222 2531 393 2602 Ecclesiae,
405 2530 492 2608 quod
508 2530 550 2591 ad
562 2530 670 2607 ipsam
683 2530 775 2592 nullo
789 2529 898 2591 medio
952 2534 1149 2609 perceptae
1170 2530 1254 2592 Sede
1278 2530 1469 2607 Apostolica
1491 2530 1654 2592 libertatis
1679 2545 1746 2591 au·

100 2630 257 2709 pertinet,
287 2628 444 2689 duximus
471 2628 740 2690 construendum.
774 2629 898 2688 Verum
951 2644 1046 2690 reum
1065 2644 1171 2688 unum
1190 2627 1389 2705 persolvetis
1411 2629 1561 2688 Romano
1591 2625 1747 2687 Pontifici

102 2727 181 2805 quia
204 2726 378 2805 petistisa
401 2724 508 2797 nobis,
530 2725 566 2787 ut
588 2724 698 2786 locum
717 2724 838 2801 ipsum,
865 2726 899 2787 et
953 2725 1136 2788 aunuatim.
1166 2725 1286 2787 Datum
1308 2723 1441 2786 Perusii
1462 2723 1548 2800 apud
1577 2723 1750 2784 monaste-

101 2838 266 2902 personas
281 2822 366 2884 inibi
381 2824 522 2885 Domino
543 2821 754 2893 famulantes,
781 2823 898 2885 contra
952 2824 1039 2884 rium
1067 2823 1180 2885 Sancti
1204 2821 1308 2890 Petri,
1334 2823 1379 2882 IV
1405 2820 1568 2881 kalendas
1601 2818 1746 2895 augusti,

99 2923 327 2999 malignorum
361 2920 518 2981 incursus
551 2919 766 2996 protectionis
802 2918 899 2981 Sedis
952 2936 1040 2981 anno
1055 2918 1186 2981 Domini
1202 2919 1374 2989 MCCXIX,
1390 2916 1572 2979 indictione
1584 2918 1655 2987 Vll,
1668 2930 1749 2992 pon-

101 3020 304 3097 spostolicae
318 3017 496 3095 privilegio
510 3017 730 3088 muniremus,
742 3002 815 3089 nos,
826 3032 899 3079 ves·
951 3017 1096 3081 tidcatus
1106 3031 1187 3079 vero
1201 3015 1326 3077 domini
1338 3013 1479 3076 Honorii
1493 3015 1594 3089 Papae
1604 3013 1646 3074 lii
1656 3026 1747 3074 anno

98 3116 276 3195 trisjustis
289 3113 443 3193 precibus
457 3114 622 3185 inclinati,
632 3113 755 3174 dictum
763 3128 899 3175 monas·
951 3116 1082 3193 quarto.
1096 3128 1115 3174 a

98 3215 235 3285 terium,
252 3213 339 3290 quod
354 3212 396 3274 ad
410 3214 594 3274 Romanam
607 3210 792 3272 Ecclesiam
804 3211 897 3274 nullo
990 3211 1084 3273 Nulli
1103 3222 1182 3286 ergo
1203 3207 1336 3271 omniuo
1358 3205 1530 3268 hominurn
1543 3206 1644 3268 liceat
1657 3206 1748 3269 hunc

99 3312 247 3390 pertinet
266 3310 444 3381 mediante,
465 3310 502 3370 in
524 3324 588 3387 quo
603 3308 717 3371 113133
731 3309 812 3370 estis
833 3307 896 3370 ob·
952 3309 1109 3388 paginam
1132 3308 1256 3368 nostrae
1271 3304 1533 3368 confirmationis
1548 3302 1745 3379 intringere,

99 3410 219 3487 sequio
233 3408 443 3484 mancipatae,
460 3422 535 3468 cum
555 3406 718 3483 personis,
738 3407 771 3468 et
789 3406 899 3467 omni·
951 3408 1005 3469 vel
1020 3406 1052 3468 ei
1066 3421 1152 3467 ausu
1161 3402 1339 3466 temerario
1354 3400 1532 3464 contraire.
1547 3401 1583 3462 Si
1595 3401 1669 3478 quis
1681 3416 1749 3463 au-

98 3507 163 3569 bns
186 3506 291 3568 rebus
310 3505 380 3566 suis
397 3504 460 3566 sub
480 3503 572 3566 beati
588 3503 680 3565 Petri
694 3503 898 3580 protectione
951 3506 1019 3567 1333
1039 3505 1104 3565 hoc
1125 3502 1290 3564 attentare
1311 3498 1571 3576 praesumpserit,
1587 3498 1752 3573 indigna-1

57 3608 75 3621 ‘
100 3605 315 3682 suscipimus,
329 3603 364 3665 et
382 3601 558 3680 praesentis
577 3600 694 3677 scripti
720 3601 898 3678 priuilegio
952 3602 1075 3664 tionem
1088 3598 1321 3676 omnipotentis
1336 3597 1406 3669 Dei,
1423 3595 1640 3657 etbeatorum
1653 3595 1746 3656 Petri

99 3700 357 3765 communimus.
379 3698 568 3763 Formulam
590 3698 807 3759 nihilominus
821 3698 899 3760 vitae
953 3700 988 3760 et
1000 3697 1098 3760 Pauli
1108 3696 1333 3774 apostolorum
1347 3697 1420 3772 ejus
1435 3708 1471 3754 se
1483 3692 1616 3754 nouerit
1627 3682 1750 3753 incur-'

97 3802 232 3870 vestrae,
258 3812 357 3876 quam
375 3813 395 3859 a
411 3797 508 3859 nobis
527 3796 699 3858 humiliter
711 3795 896 3872 recepistis,
953 3811 1080 3857 surum.
1093 3794 1212 3854 Datum
1226 3791 1393 3862 Laterani,
1408 3790 1487 3851 XIII
1501 3787 1670 3849 Kalendas
1686 3802 1749 3849 oc-

98 3914 176 3961 cum
196 3895 288 3957 beati
303 3894 473 3956 Benedicti
488 3895 616 3970 regula,
630 3894 800 3971 perpetuis
815 3894 901 3954 iem-
952 3891 1069 3963 tobris,
1084 3887 1296 3967 pontificatus
1311 3887 1418 3949 nostri
1431 3900 1519 3947 anno
1533 3884 1685 3961 septimo.

98 3993 239 4074 poribus
262 4006 398 4053 manere
417 3992 626 4053 decernimus
649 3990 824 4063 illibatam,
847 3990 901 4051 lo-

98 4108 177 4155 cum
212 4090 362 4154 vestrum
395 4104 472 4151 cum
507 4088 660 4150 omnibus
687 4087 899 4165 pertinentiis

100 4190 186 4262 suis,
204 4185 901 4264 etomnia,quaejnsteetcanonicepossi-
1321 4206 1383 4292 ΠΙ

101 4287 202 4359 detis,
213 4284 312 4347 robis
325 4285 361 4346 31
373 4299 433 4361 per
446 4297 507 4345 uos
522 4282 578 4355 iis,
596 4299 669 4360 333
683 4281 778 4345 robis
792 4297 899 4344 cauo·

100 4384 180 4446 „100
201 4382 435 4453 successerint,
451 4381 699 4443 confirmantes,
713 4382 742 4441 Α
760 4381 901 4457 ppaegta.
953 4362 1005 4424 Ad
1019 4359 1228 4424 abbailddam
1239 4357 1273 4418 el
1289 4359 1455 4417 1111111ίαί88
1468 4353 1605 4416 Saitctoe
1618 4350 1746 4413 Mal'l'db'
1806 4438 1812 4443 q

99 4483 197 4545 tione
219 4494 302 4542 vero
320 4478 528 4541 decimarum
540 4477 705 4539 clausura
718 4477 850 4549 333133,
867 4476 902 4538 31
1192 4458 1233 4518 αθ
1253 4452 1372 4515 ΜΟΜΘ
1391 4454 1506 4512 ΜΟ·

100 4579 146 4642 de
171 4577 347 4640 hortorum
375 4574 548 4646 fructibus,
578 4575 611 4635 et
638 4588 813 4651 pomorum
841 4588 900 4634 vos
1205 4593 1239 4651 pp
1253 4589 1392 4666 septemb.
1414 4589 1493 4648 1222,

101 4690 180 4739 ΘΜ
199 4673 411 4736 decemimus
434 4671 632 4734 mmmm
660 4671 792 4749 μείω
812 4685 903 4748 prae*
1060 4717 1199 4785 [Sbarulea,
1209 4715 1306 4768 Bullar.
1320 4712 1456 4772 Francius,
1467 4713 1488 4771 I,
1498 4710 1538 4770 la,
1551 4723 1579 4761 n.
1591 4708 1643 4775 11]

101 4773 211 4836 sentis
225 4772 402 4832 immunes.
419 4772 484 4831 Pro
498 4769 542 4830 113
557 4770 679 4841 autem
696 4769 730 4830 et
747 4769 785 4829 in
809 4768 900 4840 aliis,

100 4872 140 4933 in
162 4867 283 4947 quibus
311 4866 454 4929 ecclesia
474 4870 587 4929 ,ema
612 4865 687 4943 1030
712 4866 902 4928 djoeoegana
955 4844 1138 4918 privilegium
1160 4840 1345 4916 protectionis
1358 4839 1393 4896 ab
1414 4839 1537 4910 Hugone
1552 4832 1742 4907 episcoparis

101 4968 221 5029 forsan
242 4966 364 5026 Senem
379 4962 531 5025 ecclesias
544 4965 725 5036 teneretur,
743 4962 902 5024 3333311-
1114 4930 1212 4988 d⁰¹¹¹¹¹¹
1228 4927 1368 5002 apim
1380 4932 1409 4984 ⁰¹
1427 4924 1587 4982 ⁰⁰⁰fi‘mat·

100 5063 200 5125 brem
224 5076 311 5123 cerae
334 5061 474 5132 1331333,
490 5061 524 5122 31
546 5076 613 5122 333
637 5059 739 5133 31131,
759 5059 794 5121 13
817 5058 903 5122 13313
995 5055 1665 5145 Honorinsepiscopus,servusserrorum
1673 5045 1746 5118 Dei,

101 5156 352 5236 assumptionis
378 5157 535 5234 gloriosa
569 5157 718 5234 Virginis
752 5157 901 5233 Augusto
955 5156 1086 5219 dilectis
1117 5155 1153 5215 in
1176 5153 1308 5216 Christo
1337 5149 1470 5212 filiabus
1498 5142 1686 5213 abbatissae,
1711 5142 1745 5202 et

103 5256 248 5321 8333331
268 5255 425 5333 episcopo
445 5255 543 5317 33313
569 5254 712 5331 angulis
729 5254 903 5332 persolve·
955 5252 1157 5315 monialibus
1168 5248 1364 5313 monasterii
1392 5249 1425 5309 S.
1442 5242 1557 5305 Mariae
1581 5238 1621 5300 de
1635 5237 1748 5299 Monte

101 5355 169 5430 tis3
187 5368 250 5414 nec
268 5352 370 5415 113331
383 5352 627 5429 aiiispersonis
645 5351 779 5428 ingredi
790 5350 903 5413 claus-
955 5350 1069 5424 Lucio,
1086 5350 1228 5411 salutem
1243 5349 1276 5408 et
1291 5342 1515 5422 apostolicam
1535 5334 1745 5399 benedictio-

101 5450 589 5529 trumvestrumpraeterillas,
606 5450 647 5511 de
662 5448 780 5526 quibus
791 5448 901 5511 licen-
956 5464 1044 5510 nem.
1107 5457 1109 5460 ·

102 5550 189 5611 uum
211 5546 396 5609 habueritis
421 5546 611 5623 specialem.
627 5538 751 5609 Electio
771 5560 902 5623 quoque
997 5544 1215 5607 sacrosancta
1229 5544 1380 5603 Romana
1393 5532 1541 5595 Ecclesia
1556 5530 1691 5593 devotos
1715 5530 1749 5591 et
