3972 6204
720 323 950 389 EfflS'I'OIaAE.
971 327 1051 388 ΜΒ.
1074 330 1114 389 X.

449 488 539 576 LIV

109 642 163 700 Act
175 642 371 701 Romanam
385 642 504 702 Sancti
518 643 638 718 arpen
654 646 875 718 cardinalem,

361 741 400 799 A.
416 742 451 801 S·
471 740 632 815 tapetam.

360 878 533 936 13n0veutb.
549 880 629 938 1225.

129 1011 270 1076 [bouquet
282 1010 341 1062 Rea.
354 1012 483 1070 desiliat,
497 1012 564 1070 xlx,
583 1013 642 1072 7773
657 1015 764 1078 Regsst,
774 1013 820 1065 lib.
828 1014 860 1074 X,

421 1091 494 1155 epist.
511 1091 579 1158 idi]

94 1204 215 1263 Mandat
229 1207 382 1279 utlagatus
394 1206 573 1264 resarcienda
585 1222 648 1280 qua
658 1206 783 1266 arnaldo
793 1210 891 1282 Agen-

132 1295 217 1352 nensl
236 1295 370 1367 episcopo
385 1294 562 1353 ltaimundus
583 1296 741 1353 ’dolosanus
769 1297 894 1353 intulerit

132 1383 238 1440 damna
253 1390 396 1455 procuret,
417 1385 440 1440 si
453 1384 603 1457 continget
624 1384 697 1441 inter
711 1385 845 1441 comitem
863 1392 894 1442 et

134 1471 288 1528 ecclesiam
298 1470 447 1529 reformari
462 1487 572 1545 pacem.

138 1606 308 1685 Honorius
323 1607 550 1683 episcopus...,
568 1607 688 1670 dilecto
704 1607 773 1670 filio
789 1611 842 1678 R„
858 1613 891 1671 S.

96 1701 217 1777 angeli
233 1701 372 1764 diacono
388 1702 563 1775 cardinali,
577 1707 615 1764 A.
645 1705 678 1766 S.
702 1703 822 1781 legato,
838 1722 894 1768 sa·

97 1798 214 1870 lutem,
232 1800 295 1860 etc.

138 1897 219 1955 Cum
231 1893 432 1957 venerabilis
448 1897 551 1959 frater
562 1899 893 1975 nosteragennensis

97 1992 273 2069 episcopus
297 1990 475 2072 [arnaldus
490 1993 559 2075 IV],
581 1996 623 2056 ad
644 1996 893 2073 exstirpandam

96 2089 297 2165 pravitatem
332 2090 524 2153 haereticam
562 2109 635 2170 quae
673 2094 709 2155 in
746 2094 893 2171 partibus

96 2188 298 2257 Provinciae,
315 2190 519 2264 propagante
540 2188 683 2263 diaholo,
705 2191 892 2267 pullulavit,

95 2282 188 2344 inter
203 2283 286 2344 alios
310 2284 458 2362 eJusdem
480 2287 653 2363 religionis
668 2289 834 2365 praelatos,
852 2288 893 2350 ad

97 2378 326 2443 defensionem
366 2383 445 2444 fidei
484 2383 691 2453 orthodoxae,
728 2386 893 2462 quondam

1675 335 1737 396 950

944 486 1104 549 Ecclesia
1114 488 1272 551 Romame
1285 503 1379 551 mora
1405 488 1504 552 solito
1526 488 1653 552 zelatus
1674 489 1739 553 ho-

945 598 1073 657 norem,
1089 600 1224 647 causam
1246 586 1396 665 ejusdem
1422 587 1569 664 episcopi
1583 589 1740 666 prosequi

946 681 1079 743 studeas
1102 682 1246 759 benigno
1274 683 1400 749 favore.
1426 687 1459 747 et
1484 685 1560 756 sibi,
1587 684 1738 747 ecclesiae

944 778 1193 855 coadjutoribus
1217 784 1301 858 ejus,
1330 797 1430 858 super
1456 781 1736 859 possessionibus,

946 875 1076 938 damnis
1096 878 1130 938 et
1152 878 1284 954 injuriis
1307 879 1420 950 illatis,
1444 879 1569 941 eisdem
1588 879 1738 956 plenarie

947 973 1102 1036 satisfieri
1115 974 1225 1036 studio
1234 975 1386 1052 vigilanti
1399 988 1568 1053 procures,
1577 976 1607 1036 si
1620 991 1737 1052 pacem

946 1071 1117 1148 contingat
1130 1072 1218 1135 inter
1236 1073 1359 1135 dicaam
1382 1075 1535 1136 comitem
1563 1075 1597 1135 et
1617 1073 1736 1134 Eccle-

947 1169 1030 1229 siam
1055 1170 1242 1231 reformari.
1259 1172 1378 1232 Datum
1402 1173 1516 1244 Reate,
1543 1170 1653 1232 idibus
1676 1185 1739 1232 no-

948 1265 1102 1339 vembris,
1115 1283 1202 1329 anno
1218 1268 1356 1330 decimo.

1309 1536 1378 1624 LV

1026 1697 1079 1757 Ad
1101 1699 1284 1758 universos
1306 1698 1499 1771 presentes
1524 1697 1662 1759 litteras
1716 1702 1718 1705 ’

1229 1795 1454 1868 inspecturos.

1203 1934 1239 1990 ²0
1252 1933 1385 1990 novemb.
1403 1935 1483 1992 litt.

1041 2055 1286 2120 [devastantium.
1303 2058 1336 2108 ad
1352 2070 1411 2107 ann.
1431 2057 1501 2116 liat,
1515 2054 1647 2121 famata

948 2181 1114 2240 Constitutio
1133 2181 1251 2238 lionorii
1273 2182 1302 2238 in
1321 2182 1438 2251 eosqui
1457 2180 1568 2254 injuriis
1583 2179 1743 2238 cardinales

1275 2268 1413 2327 alliciunt.

988 2403 1005 2444 a
1017 2385 1190 2448 Universis
1199 2390 1379 2464 praesentes
1389 2386 1519 2448 litteras
1528 2384 1739 2463 inspecturis.

95 2474 300 2556 ntaimundo
312 2478 369 2559 VI]
388 2480 501 2541 comiti
515 2481 680 2542 Tolosano
695 2484 727 2542 et
747 2482 823 2543 aliis
839 2499 895 2543 sa-
987 2482 1145 2543 «summi
1170 2482 1378 2559 providentia
1401 2482 1561 2560 principis
1588 2480 1741 2558 peculia-

97 2577 282 2635 crosanctae
296 2576 496 2637 universalis
517 2578 674 2639 Ecclesiae
690 2577 894 2641 adversariis
948 2594 1018 2639 rem
1033 2578 1201 2656 populum,
1211 2595 1307 2655 quem
1324 2579 1515 2656 praetulerat
1525 2579 1612 2650 aliis,
1625 2576 1742 2654 gratiae

97 2669 258 2732 haeretica
272 2674 436 2749 pravitate
460 2674 623 2751 respersis
650 2676 842 2752 opposuerit
859 2692 894 2736 se
948 2676 1123 2753 privilegio
1142 2675 1297 2753 specialis
1319 2675 1451 2738 fovebat
1471 2691 1593 2736 manna
1607 2675 1744 2735 miseri·

95 2766 243 2830 viriliter
265 2770 300 2832 et
320 2770 511 2846 prudenter,
527 2771 630 2832 multa
645 2774 678 2834 et
692 2773 809 2848 gravia
825 2773 895 2833 dis·
949 2773 1082 2840 cordiae,
1099 2787 1138 2834 ac
1152 2773 1274 2848 rigoris
1294 2773 1389 2849 virga
1405 2771 1553 2848 regebat,
1569 2770 1743 2833 beneficiis

97 2863 219 2939 pendia
234 2865 285 2927 est
308 2881 328 2926 a
352 2865 471 2928 comite
495 2866 634 2943 praefato
658 2883 847 2945 perpessus,
862 2869 895 2930 et
949 2869 1101 2941 affluens,
1119 2869 1301 2931 ultionibus
1324 2886 1391 2930 non
1411 2869 1581 2930 remissus.
1608 2868 1743 2929 Amicus

98 2974 211 3020 comes
224 2957 415 3041 R[aimund.
432 2960 503 3042 VII]
518 2961 606 3022 filins
616 2965 698 3039 ejns,
708 2964 744 3023 in
755 2966 894 3040 paterna
948 2967 1049 3027 etiam
1073 2967 1205 3027 Domini
1230 2968 1361 3043 Moyses
1390 2982 1451 3043 pro
1479 2966 1594 3026 eodem
1620 2964 1742 3042 populo

99 3072 240 3118 manens
255 3057 405 3135 perfidia,
422 3076 489 3120 non
507 3059 614 3121 solum
638 3060 746 3137 ipsum
762 3076 896 3138 posses·
948 3063 1088 3125 vitulum
1104 3062 1222 3125 obtulit
1233 3063 1410 3134 labiorum,
1423 3063 1455 3124 et
1468 3077 1624 3122 manuum
1636 3061 1744 3123 sacri-

102 3153 254 3214 sionibus
269 3157 302 3216 et
313 3155 409 3217 bonis
422 3156 575 3218 omnibns
590 3156 757 3233 spoliavit,
779 3173 894 3219 verum
949 3160 1060 3221 ficium
1076 3176 1142 3222 non
1160 3159 1282 3231 omisit,
1299 3162 1373 3237 post
1392 3158 1647 3236 supplicationis
1662 3157 1744 3218 hos-

99 3252 213 3326 etiam,
236 3253 494 3329 praesumptione
520 3253 711 3325 damnabili,
742 3254 894 3315 eumdem
948 3258 1029 3319 tiam
1049 3252 1244 3319 holocausto
1262 3257 1500 3318 satisfactionis
1518 3254 1639 3326 oblate,
1657 3270 1742 3316 cau-

99 3347 133 3408 et
147 3350 220 3425 ejus
234 3348 372 3410 clericos
391 3350 532 3426 turpiter
549 3350 745 3427 captivavit,
771 3351 804 3413 et
817 3351 896 3412 licet
949 3370 1020 3415 sam
1035 3352 1148 3432 populi
1169 3370 1282 3414 coram
1298 3353 1436 3415 Domino
1452 3352 1617 3429 precibus,
1634 3353 1667 3413 et
1682 3350 1742 3413 Dei

99 3444 320 3521 postmodum,
348 3447 384 3506 in
413 3445 616 3508 venerabilis
651 3446 766 3509 fratris
789 3449 894 3509 nostri
950 3466 1085 3512 causam
1099 3451 1134 3511 in
1152 3451 1274 3528 populo
1296 3449 1418 3525 gladiis
1433 3450 1637 3527 prosecutus.
1657 3450 1744 3509 Sane
1815 3494 1822 3509 .

98 3536 329 3602 Narbonensis
353 3541 597 3619 archiepiscopi
619 3546 652 3604 et
677 3544 895 3620 quorumdam
950 3547 984 3607 in
998 3547 1143 3623 maligno
1156 3547 1256 3623 positi
1267 3547 1380 3607 mnndi
1395 3547 1534 3618 malitia,
1550 3546 1626 3607 dum
1639 3545 1743 3622 impu·

99 3638 245 3698 aliorum
259 3640 438 3715 praesentia
462 3639 641 3715 provincias
668 3639 892 3717 praelatorum,
950 3645 1029 3708 uitis
1044 3643 1248 3716 excessibus,
1269 3660 1329 3722 par
1349 3660 1499 3720 campum
1516 3644 1658 3704 licentiae
1675 3641 1745 3703 dis-

98 3750 136 3794 se
163 3735 393 3797 restituturum
423 3735 531 3812 ipsum
560 3737 594 3796 et
617 3738 689 3813 ejus
719 3737 895 3798 ecclesiam
950 3742 1055 3805 currit
1066 3740 1223 3814 effraenis»,
1234 3741 1379 3802 claustra
1386 3741 1473 3818 juris
1489 3740 1652 3816 infringit,
1669 3738 1745 3800 adi-

99 3836 291 3912 promiserit
314 3838 347 3898 et
367 3837 558 3915 juramento
583 3836 735 3910 firmarit,
752 3838 894 3915 quihus·
949 3841 1019 3901 tum
1033 3838 1148 3915 pandit
1164 3838 1309 3915 injuriis,
1327 3837 1432 3913 legem
1448 3838 1584 3898 damnat
1596 3835 1740 3907 honesti,

98 3932 176 3993 dam
191 3934 302 3995 tamen
318 3950 360 3993 ex
373 3933 422 3994 eis
436 3934 639 3995 restitutisin
654 3936 759 4011 parte,
774 3935 894 4012 ipsum,
951 3936 1161 4013 privilegium
1186 3934 1348 4012 promittit
1364 3934 1483 4007 errori,
1500 3936 1533 3996 et
1553 3930 1629 3995 dum
1651 3949 1742 4010 spem

93 4030 278 4107 juramenti
303 4030 466 4107 religione
490 4033 695 4108 contempta,
721 4033 896 4094 restituere
950 4034 1157 4109 impunitatis
1183 4032 1223 4094 ad
1248 4033 1333 4094 alios
1358 4032 1525 4109 prorogat,
1547 4030 1588 4092 ad
1611 4030 1742 4106 culpam

99 4143 169 4189 non
184 4129 329 4204 curavit;
360 4129 440 4205 quin
464 4129 576 4199 immo,
593 4128 702 4191 adhuc
723 4145 799 4191 eum
821 4129 896 4191 odio
950 4130 1129 4192 nonnullos
1148 4129 1279 4200 invitat,
1298 4131 1412 4207 sicque
1428 4129 1464 4191 nt
1477 4127 1618 4206 poenalis
1633 4126 1744 4204 impu-

98 4240 304 4302 persequens
346 4226 495 4303 speciali,
537 4226 727 4288 convocatis
766 4226 895 4290 civibus
951 4229 1039 4289 nitas
1063 4244 1137 4289 cum
1165 4227 1271 4304 poenis
1297 4227 1446 4289 reservet
1473 4223 1656 4303 majoribus
1680 4241 1744 4301 pu-

97 4322 365 4397 Agennensibus,
382 4324 415 4385 et
430 4322 626 4401 quibusdam
641 4323 799 4385 aliissuae
812 4324 897 4386 dioe-
950 4324 1102 4397 mendas,
1124 4327 1157 4386 at
1180 4339 1240 4402 per
1266 4322 1438 4400 impunitae
1466 4322 1743 4399 transgressionis

99 4417 189 4479 cesis
213 4421 269 4497 qui
301 4421 379 4483 sunt
406 4421 749 4483 excommunicatione
777 4421 893 4493 notati,
950 4418 1744 4497 exemplarblandiaturaliisadoffensamUnde

98 4514 606 4595 adversuseumconjmationes
622 4519 763 4594 paravit,
788 4520 831 4591 et,
856 4534 896 4581 eo
951 4517 1116 4580 interdum
1140 4518 1317 4594 utcumque
1343 4516 1517 4593 tyrannice
1535 4514 1694 4592 parcitur,
1711 4515 1745 4576 et

96 4616 276 4689 praesente,
291 4615 357 4691 ipsi
371 4612 650 4692 cumqnibusdam
663 4614 896 4677 haereticorum
951 4614 1210 4676 misericorditer
1222 4612 1411 4686 desaevitur,
1428 4627 1502 4674 cum
1516 4612 1657 4689 publicas
1672 4610 1743 4671 uti-

98 4711 287 4776 fautorihns
309 4711 343 4772 in
366 4726 482 4773 necem
508 4714 580 4788 ejus
602 4712 734 4775 noviter
758 4712 895 4790 conspi-
950 4711 1055 4773 litatis
1072 4710 1216 4783 intersit,
1233 4711 1269 4772 ut
1288 4725 1461 4772 excessum
1480 4709 1626 4771 vindicta
1649 4721 1745 4769 coer-

99 4810 220 4871 rarunt
233 4806 293 4888 (1).
951 4811 1035 4879 ceat,
1050 4808 1084 4870 et
1096 4824 1193 4884 poena
1209 4807 1252 4869 sit
1263 4807 1359 4868 limes
1374 4806 1521 4868 offensae.

141 4908 222 4966 Cum
245 4905 348 4981 igitur
362 4905 393 4967 ei
419 4906 476 4983 qui
491 4921 551 4983 pro
567 4906 718 4968 ecclesia
743 4906 896 4969 libertate
990 4904 1110 4966 «Hinc
1125 4906 1185 4976 est,
1202 4904 1288 4982 quod
1306 4904 1441 4981 propter
1455 4901 1688 4980 praesumptam
1708 4899 1743 4961 in

96 5002 346 5067 acdefensione
361 5000 439 5063 fidei
465 5000 657 5065 christianae
681 5005 772 5066 tanta
794 5003 898 5066 susti·
951 5003 1111 5080 quosdam
1137 5002 1177 5063 de
1205 5000 1363 5063 fratribus
1393 5001 1517 5061 nostris
1544 4997 1742 5062 temeritatis

98 5102 176 5163 nuit
195 5098 372 5177 opprobria
401 5103 434 5162 et
453 5102 614 5177 jacturas,
639 5101 734 5162 favor
747 5104 895 5179 Aposto·
951 5100 1124 5161 audaciam
1146 5115 1217 5169 nos,
1234 5114 1276 5159 ne
1296 5096 1440 5158 coelestis
1463 5097 1552 5173 regis
1567 5097 1744 5157 contume-

99 5200 187 5261 licus
207 5197 326 5259 merito
348 5196 518 5271 debeatur,
548 5198 783 5260 discretmnem
805 5207 896 5260 tuam
950 5198 1042 5264 liam,
1059 5197 1114 5274 qni
1130 5196 1313 5258 honoratur
1334 5196 1367 5257 et
1385 5195 1552 5270 spernitur
1569 5194 1603 5253 in
1620 5191 1743 5252 minis-

84 5294 284 5370 ‚rogandam
294 5293 449 5355 duximus
464 5293 719 5366 etmonendam,
730 5298 897 5371 parapos·
950 5295 1024 5363 tris,
1052 5293 1310 5356 dissimulationi
1339 5292 1540 5368 relinquere,
1566 5306 1605 5351 ac
1629 5288 1746 5350 Chris·

99 5392 203 5454 tolica
229 5389 291 5451 tibi
325 5389 449 5467 scripta
486 5390 692 5463 mandantes,
720 5392 894 5467 quatenus,
950 5392 1050 5456 tianae
1072 5389 1247 5467 religionis
1275 5388 1489 5466 opprobrium
1517 5387 1594 5448 dum
1621 5385 1743 5447 Christi

138 5563 180 5639 (l)
201 5567 303 5623 Denuo
328 5564 474 5623 conversis
506 5564 541 5621 ad
561 5562 713 5623 Raimundi
738 5564 896 5623 dominium
951 5580 1050 5623 mense
1064 5565 1229 5633 maiolltt,
1243 5564 1531 5634 redanimata,
1547 5571 1567 5622 t.
1583 5559 1742 5637 lltprobat.

101 5635 326 5711 agennensibus
341 5635 557 5707 autumpnae
573 5636 647 5693 inter
669 5648 720 5693 eos
743 5643 895 5707 conventu,
952 5652 1019 5710 pag.
1031 5637 1095 5694 3⁰7.
1105 5635 1267 5710 (bonomi.)
1346 5660 1353 5673 ·
