3972 6204
136 268 199 330 825
632 262 639 267 “
743 264 974 326 EPISTOLAE.
997 265 1075 326 LIB.
1100 266 1157 326 IX.
1624 274 1628 281 '
1722 272 1783 336 820

136 424 264 488 latione
286 424 474 495 didicimus,
491 421 577 500 quod
597 435 717 499 corpus
740 422 847 499 ipsius
869 422 932 484 sub
987 423 1110 484 Verum
1137 438 1213 484 cum
1245 423 1425 500 praedictus
1455 424 1623 501 gloriosus
1656 429 1784 507 martyr

136 523 259 600 majori
274 522 379 583 altare
399 521 547 597 ejusdem
567 519 717 580 ecclesiae
734 520 769 579 in
790 518 932 596 quadam
986 518 1196 596 inpartibus
1226 520 1349 582 vestris
1382 522 1548 598 passionis
1574 539 1644 587 suae
1672 525 1782 588 locum

136 619 251 683 tumba
266 619 327 680 sub
350 617 493 679 clavium
508 617 649 677 duarum
671 616 832 688 custodia,
845 632 932 693 qua-
987 615 1145 691 elegerit,
1176 617 1209 678 et
1237 632 1297 693 per
1324 618 1388 680 hoc
1413 620 1449 679 in
1474 618 1581 680 foedus
1607 622 1721 699 populi
1749 625 1784 685 et

136 732 212 777 rum
241 732 308 777 una
342 731 403 792 per
425 713 626 775 abbatissam
659 715 789 774 Sanctae
819 715 932 775 Crucis
988 713 1096 773 lucem
1132 713 1280 788 gentium
1316 714 1465 790 regionis
1500 717 1593 778 illius
1630 717 1728 780 datus
1762 735 1782 782 a

137 812 357 884 pictavensis,
385 813 418 873 et
442 826 501 887 per
532 825 591 871 vos
617 810 722 872 altera
749 810 934 871 custoditur
989 809 1128 870 Domino
1154 810 1326 883 videatur,
1353 813 1555 875 venerabilis
1580 814 1684 877 irater
1709 831 1784 878 nos·

137 910 307 971 conditum
334 907 523 985 requiescit.
551 909 618 968 Vos
642 906 754 983 itaque
779 909 932 984 putantes
988 906 1039 967 ter
1051 908 1226 967 Remensis
1238 909 1522 987 archiepiscopus,
1539 912 1572 974 et
1585 912 1638 972 sui
1655 912 1782 975 suffra-

136 1006 313 1082 indignum
324 1006 352 1066 sl
366 1004 515 1065 muneris
529 1005 596 1065 tam
607 1003 744 1080 pretiosi
754 1004 933 1065 thesaurus
987 1003 1085 1078 ganei
1114 1004 1201 1080 apud
1229 1007 1374 1080 Burgum
1402 1007 1438 1066 in
1466 1010 1699 1081 veromandia,
1724 1011 1783 1087 qni

136 1119 214 1165 cum
229 1119 268 1164 eo
283 1118 347 1181 quo
358 1101 452 1164 decet
461 1102 600 1172 honore,
614 1116 653 1161 ac
663 1101 851 1162 reverentia
866 1116 933 1161 non
988 1115 1076 1160 nunc
1103 1101 1243 1162 Sanctus
1270 1103 1448 1173 Quiutlnus
1474 1104 1605 1176 dicitur,
1627 1105 1683 1166 ubi
1703 1122 1784 1183 pro-

135 1201 311 1271 condatur‚
333 1216 407 1261 cum
430 1198 639 1261 considerata
666 1197 773 1273 gloria
796 1198 934 1259 merito-
987 1192 1132 1254 vinciale
1154 1195 1217 1256 luit
1235 1196 1414 1258 concilium
1434 1197 1635 1260 celebratum
1655 1199 1783 1262 delibe-

135 1315 213 1360 rum
226 1298 350 1359 sanetae
366 1296 534 1374 praedictae
550 1294 653 1372 ipsius
666 1295 865 1357 venerandae
879 1311 934 1355 re-
988 1289 1117 1352 ratione
1141 1291 1280 1368 provida
1305 1294 1502 1367 statuerunt,
1523 1296 1559 1357 ut
1583 1296 1625 1356 ad
1649 1297 1782 1360 laudem

136 1395 252 1473 liquiae
278 1395 411 1473 injuriae
439 1382 678 1470 quodammodo
693 1391 854 1469 expositae
879 1392 934 1453 vi-
988 1387 1048 1447 Dei
1063 1389 1310 1465 omnipotentis,
1327 1391 1361 1452 et
1372 1390 1521 1466 praedicti
1537 1394 1692 1470 martyris
1707 1397 1781 1471 ejus

137 1492 291 1564 deantur,
304 1491 489 1569 proponitis
500 1490 529 1550 si
544 1489 583 1550 de
599 1489 713 1550 nostra
728 1489 772 1551 sit
786 1489 931 1566 permis·
988 1482 1150 1545 honorem
1178 1500 1300 1561 corpus
1321 1486 1428 1561 ipsius
1442 1488 1529 1564 quod
1550 1488 1586 1548 in
1610 1490 1701 1551 terra
1723 1489 1781 1552 diu

137 1591 232 1651 sione
247 1605 306 1650 eas
319 1589 354 1649 in
365 1587 503 1666 praefato
514 1587 624 1658 altari,
637 1586 693 1646 ubi
708 1585 826 1647 melius
836 1588 933 1649 erunt
983 1581 1138 1656 1001101οῑ
1152 1581 1458 1646 101010010011001
1473 1584 1548 1645 etin
1562 1601 1666 1648 aurea
1681 1602 1781 1664 capsa

136 1690 237 1765 atque
248 1685 604 1758 decentius,colloeare
619 1685 736 1746 devote
754 1700 793 1745 ac
808 1700 931 1745 recon-
986 1678 1193 1740 reconditum
1219 1679 1261 1740 ad
1285 1680 1395 1743 locum
1419 1682 1526 1757 magis
1549 1682 1782 1746 honorabilem

136 1784 217 1846 dere
230 1785 432 1846 reverenter.
448 1785 556 1854 Quare
567 1781 740 1843 humiliter
752 1781 933 1859 supplicas·
987 1766 1322 1849 ramesensem
1338 1778 1677 1842 1111160011111110101111
1691 1797 1779 1855 011111,

139 1882 181 1944 tis
192 1880 371 1943 utvobisid
383 1879 704 1942 iaciendilicentiam
714 1895 773 1955 pro
784 1879 932 1956 eJusdem
987 1873 1198 1948 quantumin
1215 1873 1265 1934 eis
1280 1876 1433 1936 0101000
1448 1876 1598 1938 exaltare
1619 1878 1656 1939 in
1676 1879 1779 1952 terra,

139 1979 270 2041 Sanctae
291 1977 478 2041 reverentia
504 1977 685 2038 concedere
706 1976 930 2051 dignaremur.
988 1983 1085 2044 quom
1115 1969 1152 2030 in
1182 1970 1265 2031 00010
1294 1972 1455 2032 Dominus
1488 1973 1657 2036 exaltavit.
1694 1975 1782 2036 ludi-

136 2079 207 2139 Nos
215 2091 294 2137 vero
303 2076 405 2153 pium,
416 2072 622 2136 etlaudabile
630 2075 775 2135 vestrum
785 2074 933 2150 proposi·
987 2080 1087 2140 gnum
1102 2082 1232 2144 01100110
1244 2069 1396 2130 canonici
1409 2069 1608 2146 reputabant
1619 2072 1648 2132 si
1658 2088 1780 2134 mune-

137 2176 207 2237 tum
222 2174 442 2244 attendentes,
454 2171 668 2249 praesentium
680 2170 774 2232 vobis
787 2169 933 2231 auctori·
986 2161 1034 2222 ris
1049 2162 1117 2223 10111
1131 2163 1269 2239 pretiosi
1286 2165 1463 2226 thesaurus
1478 2182 1552 2228 cum
1567 2182 1618 2240 οο,
1638 2184 1702 2244 quo
1717 2169 1779 2230 de·

136 2269 481 2342 tateconcedimus,ut
490 2267 623 2329 easdem
632 2267 792 2344 reliquias
802 2267 842 2329 de
851 2283 933 2344 prae-
987 2260 1040 2320 001
1067 2259 1206 2331 honoro,
1229 2276 1269 2322 00
1295 2262 1483 2324 reverentia
1511 2279 1577 2324 non
1607 2263 1779 2338 0011101111,

135 2368 207 2430 lata
231 2367 355 2438 tumba,
379 2381 527 2438 cumea,
553 2380 626 2442 quae
648 2364 814 2436 convenit,
836 2363 933 2425 devo·
985 2370 1063 2416 cum
1073 2356 1284 2419 considerata
1295 2358 1405 2433 gloria
1419 2359 1613 2421 meritorum
1624 2362 1782 2438 martyris

131 2466 229 2527 tione
250 2464 411 2535 levantes,
427 2477 485 2525 eas
500 2463 536 2523 in
551 2462 665 2523 eodem
681 2462 779 2523 altari
794 2462 933 2523 bonori—
988 2453 1171 2529 supradicti
1182 2454 1381 2515 venerandae
1396 2456 1504 2533 ipsius
1526 2456 1678 2533 reliquiae
1698 2474 1783 2534 quo-

135 2561 201 2623 fice
219 2560 419 2632 recondatis,
434 2560 541 2637 ipsius
562 2560 687 2620 sanctae
708 2558 932 2634 patrocinium
987 2549 1161 2612 (1011101000
1186 2551 1300 2627 patara
1327 2567 1418 2613 nunc
1439 2553 1574 2632 inluriae
1592 2554 1779 2617 videantur.

135 2660 328 2734 satagentes
341 2673 399 2735 pro
414 2657 521 2718 salute
533 2656 692 2727 fidelium,
708 2658 741 2718 et
755 2656 933 2718 universa·
988 2647 1083 2708 1111110
1098 2650 1221 2724 quanto
1243 2648 1429 2710 devotionis
1448 2649 1579 2711 fervore
1599 2650 1703 2727 ipsius
1722 2667 1782 2713 ve·

135 2756 180 2818 lis
200 2755 351 2817 ecclesiae
367 2754 488 2817 vestris
505 2754 570 2831 piis
592 2753 798 2814 orationibus
818 2752 933 2829 implo·
987 2745 1146 2805 11010111111
1167 2746 1361 2806 memoriam
1382 2746 1531 2809 volentes
1551 2747 1726 2810 ostendere
1745 2750 1781 2809 10

134 2868 226 2915 rare.
242 2854 360 2915 Datum
376 2853 543 2925 Laterani,
559 2854 605 2913 XI
620 2852 782 2913 kalendas
801 2851 930 2930 aprilis,
985 2839 1119 2913 01100111,
1150 2841 1191 2903 do
1215 2845 1330 2904 1108110
1365 2844 1571 2907 conscientia
1604 2844 1783 2908 voluerunt

134 2950 350 3030 pontificatus
363 2950 470 3012 nostri
484 2964 573 3011 anno
585 2963 685 3011 nono.
987 2938 1135 3013 ejusdem
1159 2939 1316 3015 martyris
1334 2936 1473 3014 gloriosi
1493 2939 1666 3017 reliquias,
1682 2943 1782 3019 prout

986 3032 1050 3095 tuit
1061 3034 1098 3095 in
1112 3035 1254 3096 concilio
1269 3035 1428 3111 praedicto
1443 3037 1602 3099 statutum
1615 3037 1781 3100 cossocare

988 3131 1115 3203 devote,
1128 3147 1168 3193 ac
1181 3132 1363 3194 recondere
1374 3136 1575 3195 reverenter.
1588 3135 1658 3194 Nos
1669 3134 1781 3211 itaque

457 3234 614 3321 CXXIV
986 3227 1078 3303 pium
1091 3228 1124 3289 et
1141 3227 1309 3289 laudabile
1323 3230 1541 3290 memoratum
1562 3229 1731 3302 statutum,
1749 3233 1783 3293 et

134 3397 191 3458 Ad
987 3324 1225 3385 canonicorum
1249 3325 1453 3402 propositum
1479 3326 1698 3399 attendentes,
1723 3342 1782 3388 ac·

207 3396 390 3458 universos
411 3394 539 3455 Christi
561 3393 678 3465 sidetes
692 3406 761 3466 per
783 3404 932 3468 rapacem
987 3421 1204 3497 commus,
1219 3423 1257 3484 ut
1275 3421 1381 3499 ipsius
1396 3421 1557 3499 reliquias
1572 3438 1646 3484 cum
1661 3439 1701 3485 ea
1715 3440 1781 3500 qua

338 3493 499 3551 Franci&
513 3490 727 3551 OOWWOS·
986 3517 1143 3579 convenit
1152 3517 1327 3579 devotione
1338 3518 1465 3580 levatas
1474 3519 1667 3591 honorifice,
1684 3520 1783 3598 prout

422 3620 558 3678 11001111
569 3619 648 3677 1111.
987 3614 1110 3676 dictum
1125 3616 1186 3687 est,
1203 3616 1358 3677 canonici
1373 3618 1548 3678 memorati
1561 3618 1782 3680 reconderent

151 3746 276 3810 integret,
288 3743 335 3795 lib.
347 3744 392 3800 lx,
404 3741 478 3807 epist.
491 3740 548 3792 11011.
565 3744 623 3793 llss.
638 3742 674 3793 ba
684 3742 761 3792 Porta
772 3741 808 3793 du
822 3740 915 3807 rhen]
986 3712 1134 3788 ⁰j¹¹⁸d⁰m
1161 3713 1288 3789 martyr
1290 3713 1319 3773 1⁸
1345 3714 1565 3789 patfficmium
1589 3729 1649 3789 ΡΓΟ
1672 3714 1782 3776 salute

491 3867 497 3880 ,
661 3866 668 3880 ,
704 3864 741 3879 ,,
987 3808 1135 3870 fidelium
1149 3810 1184 3869 et
1196 3809 1400 3870 universalis
1414 3809 1572 3871 Ecclesiae
1583 3810 1648 3885 piis
1660 3810 1782 3886 implo-

316 3870 358 3926 ⁰⁰
369 3866 556 3925 “mmmm
571 3868 599 3924 s·
616 3866 752 3935 omnum·
986 3904 1093 3966 raturi
1119 3904 1326 3966 orationibus
1350 3906 1437 3984 apud
1452 3908 1566 3967 Deum.
1583 3908 1663 3967 Cum
1678 3906 1782 3980 igitur

177 4003 358 4074 Honorius,
393 4003 468 4074 eto,
498 4001 627 4065 dilectis
653 4000 733 4061 filiis
765 3999 931 4063 universis
987 4017 1046 4078 pro
1060 4003 1128 4063 tam
1143 4002 1289 4078 pretioso
1307 4002 1477 4074 thesauro,
1497 4016 1595 4079 quem
1615 4002 1651 4063 in
1671 4004 1779 4079 parti·

134 4101 264 4164 christi
310 4098 462 4161 fidelibus
504 4113 565 4175 per
601 4113 741 4174 ragnum
780 4097 931 4159 Francia
986 4097 1048 4159 bus
1067 4097 1187 4159 vestris
1214 4098 1356 4171 habetis,
1374 4100 1411 4160 in
1432 4099 1633 4176 multiplices
1652 4100 1780 4169 laudes,

135 4197 340 4267 constitutis,
355 4196 508 4268 salntem,
524 4197 587 4257 etc.
986 4198 1019 4257 et
1038 4195 1164 4271 gratias
1191 4194 1339 4258 debeatis
1368 4210 1546 4271 assurgere
1569 4195 1732 4269 Creatori,
1746 4199 1782 4259 et

132 4322 136 4331 ·
177 4296 265 4356 Vota
292 4293 487 4354 dilectorum
521 4292 666 4353 tiliorum
694 4292 931 4353 canonicorum
986 4291 1164 4368 praedictus
1177 4294 1303 4369 martyr
1316 4294 1493 4355 coronatus
1507 4308 1528 4353 a
1542 4294 1683 4355 Domino
1702 4293 1781 4369 glo·
1857 4366 1862 4377 Ι

134 4396 174 4456 S·
200 4390 350 4463 Quintini
368 4391 403 4450 in
431 4390 554 4466 pietate
575 4404 615 4449 ac
634 4387 810 4450 devotione
833 4388 931 4465 plena
986 4389 1038 4449 ria
1057 4389 1091 4450 et
1117 4388 1244 4450 honore
1265 4389 1537 4451 honorificandus
1560 4391 1615 4462 sit,
1639 4405 1783 4467 praeser-

132 4488 357 4564 oognovimus
373 4486 406 4548 et
415 4488 495 4558 Deo,
510 4487 543 4549 01
555 4484 747 4547 bominibus
759 4486 857 4561 grata
871 4499 933 4560 pa·
985 4485 1080 4545 tima
1102 4483 1196 4546 vobis
1219 4501 1240 4546 a
1267 4485 1387 4563 quibus
1406 4486 1561 4561 eligendo
1581 4486 1617 4548 in
1644 4487 1782 4562 regione

132 4586 232 4656 riter,
259 4586 293 4646 et
319 4584 467 4659 accepta.
495 4581 563 4659 lpsi
590 4581 680 4643 enim
706 4597 773 4644 non
807 4580 932 4656 ingrati
985 4580 1046 4643 illa
1064 4581 1231 4658 passionis
1252 4598 1322 4643 suae
1344 4583 1454 4644 locum
1480 4576 1586 4646 doluit
1608 4584 1780 4657 honorari,

80 4722 85 4729 -
133 4682 224 4746 tanti
251 4679 417 4752 beneficii,
445 4679 532 4756 quod
561 4678 611 4739 eis
644 4677 836 4754 dignatione
871 4693 931 4739 sua
986 4678 1237 4742 universitatem
1252 4681 1397 4742 vestram
1417 4696 1588 4742 monemus
1607 4680 1641 4742 at
1661 4681 1780 4742 borta-

134 4779 290 4842 Ghristus
304 4776 445 4840 contulit
464 4776 499 4837 in
513 4776 658 4853 pretioso
679 4775 839 4837 thesauro
856 4789 933 4836 cor·
986 4791 1061 4836 mur
1086 4776 1222 4849 0110010,
1252 4777 1417 4852 qnatenus
1440 4776 1482 4837 ab
1506 4777 1718 4850 elevationis,
1747 4780 1780 4841 et

134 4877 232 4957 poris
245 4874 384 4952 gloriosi
404 4873 560 4950 martyris
574 4872 664 4934 beati
679 4870 829 4944 Quintini
844 4871 931 4948 quod
984 4873 1216 4935 translationis
1231 4889 1301 4935 suae
1326 4873 1413 4935 diem
1429 4868 1590 4936 studeatis
1604 4875 1640 4934 in
1659 4875 1781 4951 spiritu

134 4975 176 5037 in
193 4988 308 5034 eorum
332 4969 475 5033 ecclesia
491 4969 660 5031 conditum
678 4968 858 5046 requiescit
872 4967 932 5029 de-
985 4970 1161 5032 bumiliato
1176 4970 1210 5032 et
1224 4971 1367 5033 contrito
1395 4971 1507 5033 animo
1536 4971 1726 5043 convenire,
1744 4973 1781 5033 ut

134 5070 265 5133 siderio
297 5066 489 5131 desiderant
519 5069 592 5143 ejus
627 5066 788 5143 reliquias
825 5066 933 5127 bono·
985 5067 1019 5129 01
1041 5083 1100 5145 per
1114 5067 1323 5129 devotionem
1337 5070 1481 5130 vestram
1495 5069 1664 5145 appareat,
1680 5083 1780 5144 quam

133 5166 291 5235 rabidus,
313 5167 347 5228 et
380 5163 551 5226 decentius
582 5162 758 5236 collocare,
784 5162 930 5238 diligen·
986 5163 1128 5224 celebris
1162 5163 1249 5241 apud
1288 5163 1373 5226 alios
1402 5165 1503 5225 etiam
1549 5179 1623 5224 esse
1662 5163 1781 5227 debeat

134 5266 207 5329 tius
228 5263 446 5333 attendentes,
470 5261 555 5338 quod
586 5260 728 5321 ecclesia
749 5259 864 5321 eadem
889 5274 933 5320 ex
986 5260 1148 5322 memoria
1176 5261 1335 5339 martyris
1363 5261 1549 5333 memorati,
1578 5266 1611 5323 et
1634 5276 1694 5323 vos
1720 5278 1780 5339 per
1884 5314 1889 5323 .
1967 5312 1968 5323 ,

134 5377 180 5426 eo
206 5360 293 5438 quod
323 5358 445 5420 meruit
466 5359 552 5420 tanti
575 5355 731 5433 martyris
760 5354 934 5418 sanctissi-
988 5357 1061 5418 baec
1076 5358 1110 5419 01
1132 5355 1200 5419 alia
1215 5356 1410 5434 bonaque,
1424 5357 1564 5419 Domino
1579 5358 1776 5436 inspirante,

135 5475 220 5524 num
248 5472 369 5533 corpus
394 5454 530 5527 babere,
559 5470 627 5516 non
653 5453 865 5517 mediocriter
883 5452 933 5514 est
987 5453 1133 5516 feceritis
1152 5453 1193 5515 ad
1208 5454 1344 5516 aeterna
1362 5454 1497 5532 possitis
1515 5454 1685 5517 felicitatis
1701 5469 1781 5535 gau·

135 5558 229 5621 inter
255 5554 340 5615 alias
355 5552 548 5614 aelliarum
574 5551 734 5614 ecclesias
753 5550 930 5614 illustrata.
987 5549 1042 5611 dia
1066 5550 1252 5627 pervenire.
1276 5552 1346 5613 Nos
1370 5552 1459 5613 enim
1482 5552 1525 5613 do
1543 5552 1779 5629 omnipotentis
