3886 6214
78 299 143 362 83³
693 300 923 365 saisinam.
948 304 1026 365 Lis.
1050 305 1120 365 vii.
1665 304 1727 365 ssi

80 458 210 521 siturus
227 453 271 521 ad
291 458 426 523 Patrem
439 457 612 537 discipulis
630 460 666 522 in
681 459 879 525 testamento
929 465 1008 541 Jura
1022 462 1137 525 didno
1158 463 1283 527 intuitu
1301 462 1434 526 illibata
1447 463 1639 537 conservem
1655 461 1729 539 epi·

79 556 231 634 reliqssit,
245 557 320 634 post
342 560 415 635 ejus
430 557 509 620 sitae
531 558 700 620 curricula
715 558 881 623 aetemua·
934 574 1069 637 scopum
1084 568 1164 622 tero
1179 562 1215 623 ut
1228 562 1389 639 quantum
1408 560 1482 622 sine
1502 559 1598 636 gravi
1618 558 1727 621 deiri-

79 654 127 716 tis
141 654 236 732 pacis
256 656 394 732 praemia
418 655 611 732 largiturus.
625 657 784 719 tuendas
808 657 879 733 igi-
934 660 1046 719 mento
1057 658 1144 735 juris
1162 658 1384 720 ecclesiastici
1397 658 1529 736 poterit,
1545 656 1647 733 regim
1662 656 1730 718 stu·

78 752 150 825 tur,
187 751 447 829 diligentissime
480 753 540 826 dli,
582 754 668 831 quod
708 755 766 832 quii
805 769 878 817 cum
934 754 1011 817 deat
1029 754 1396 841 solemnitatideierre,
1410 754 1593 816 secundnm
1618 753 1729 816 datam

79 850 239 927 proximo
261 865 377 927 pacem
402 867 470 913 non
494 850 604 923 babet
620 852 679 913 uix
704 854 764 913 aut
787 862 881 912 num·
933 851 1029 912 robis
1044 868 1064 914 a
1078 853 1218 913 Domino
1233 852 1455 929 prudentiam,
1472 851 1616 914 sollicite
1629 850 1730 912 indu-

79 962 184 1024 quam
201 948 310 1026 potest
322 949 443 1011 meniis
453 949 730 1026 tranquillitatem
741 949 877 1023 babere,
935 950 1048 1011 centes
1063 950 1264 1026 quaestiones
1279 949 1369 1026 ipses
1389 950 1501 1026 sopire
1515 964 1575 1027 per
1589 963 1728 1026 compo-

79 1044 236 1122 sineque
250 1060 348 1107 nemo
363 1048 497 1109 aternus
507 1047 605 1124 pacis
628 1047 766 1125 praemio
781 1048 879 1124 pote-
935 1046 1089 1107 sitionem
1103 1044 1326 1119 amicabilem,
1340 1045 1609 1119 studeatisQuod
1625 1046 1654 1107 si
1669 1060 1730 1123 per

78 1141 128 1203 rit
150 1143 334 1207 munerari.
351 1144 491 1206 Studeas
511 1144 666 1221 denique,
683 1144 807 1207 intuitu
825 1158 882 1205 re-
935 1143 1082 1205 studium
1116 1145 1265 1205 restrum
1307 1143 1495 1220 nequiverit
1531 1142 1729 1220 compositio

78 1239 277 1304 tributionis
298 1241 455 1315 coelestis,
478 1242 639 1319 quantum
662 1241 698 1302 in
717 1241 878 1313 tefuerit,
935 1242 1123 1317 provenire,
1140 1240 1319 1318 inquiratis
1341 1241 1431 1303 circa
1452 1240 1592 1302 sormam
1608 1239 1728 1317 judicii

78 1352 204 1415 pacem
218 1336 342 1400 babere
363 1354 438 1400 cum
458 1339 744 1417 proximantem
766 1352 881 1416 pacem
936 1353 1039 1416 super
1051 1339 1206 1402 omnibus
1221 1338 1333 1401 causis
1347 1337 1522 1400 discordiae
1541 1337 1729 1414 diligentis-

78 1434 259 1497 hsbeastn
281 1435 413 1512 teipso,
434 1437 468 1498 et
492 1450 690 1514 supeream
716 1435 881 1498 inoffenso
936 1436 1019 1498 sime
1041 1437 1229 1508 nectutem,
1255 1437 1289 1499 et
1311 1452 1385 1498 eam
1409 1435 1505 1497 nobis
1535 1434 1728 1497 fidelissime

78 1532 168 1610 pede
193 1532 371 1605 currendo,
397 1533 440 1595 ad
466 1534 559 1611 pacis
587 1534 721 1596 aterna
744 1533 881 1611 premia
935 1533 1106 1606 inbmetis,
1130 1535 1167 1596 ut
1185 1550 1225 1596 ea
1245 1534 1376 1612 plenius
1398 1533 1578 1605 intellecta,
1595 1530 1728 1593 salubre

77 1629 200 1691 nalem
220 1631 408 1707 pervenire.
423 1631 600 1701 Gaeterum,
613 1646 714 1708 quum
734 1642 881 1692 venera·
936 1631 1112 1693 consilium
1142 1644 1310 1709 apponere
1323 1631 1506 1699 valeamus,
1523 1632 1556 1693 et
1583 1630 1624 1692 ad
1642 1633 1728 1707 jun·

78 1725 184 1789 bilem
206 1726 345 1790 fratrem
363 1729 526 1799 nostrum,
543 1728 775 1806 Pandulpbum
793 1730 883 1790 Noo-
935 1728 1063 1804 gendos
1085 1745 1143 1791 eos
1161 1729 1296 1791 vinculo
1316 1729 1466 1791 caritatis
1485 1728 1574 1789 viam
1595 1727 1730 1789 facilius

79 1823 266 1885 nicensem
289 1823 494 1901 episcopum,
508 1840 618 1903 quem,
635 1840 705 1886 suae
731 1823 881 1902 probita·
936 1826 1099 1887 invenire.
1110 1826 1203 1889 Datis
1216 1826 1386 1900 Laterani,
1399 1828 1475 1889 ΚΝ
1487 1825 1620 1887 kalend.
1635 1823 1727 1889 maii.

79 1921 124 1983 tis
139 1920 289 1993 omenta,
307 1922 511 1985 sinceritatis
535 1922 683 1984 brachiis
707 1922 880 1999 amplexa·
936 1936 1024 1986 anno
1039 1924 1135 1986 sexto
1151 1921 1329 2004 [septimop

79 2034 169 2091 mur,
205 2018 248 2080 ad
275 2020 489 2096 praeentiam
522 2021 614 2081 tuam
646 2022 782 2097 propter
819 2020 882 2082 hoc

79 2116 277 2193 specialiter
301 2115 522 2193 destinemusr
551 2119 763 2180 serenitatem
789 2116 881 2179 tuam

79 2212 208 2275 iterato
221 2228 391 2289 rogamus,
408 2215 572 2290 qnatenus
594 2210 636 2275 ob
658 2213 881 2277 reverentiam
1272 2234 1393 2324 CXVI

78 2309 286 2387 apostolice
313 2311 408 2374 sedis
431 2312 465 2374 et
486 2312 636 2374 nostram
655 2311 762 2375 cidem
780 2324 883 2389 super

79 2407 145 2469 isis'
158 2406 340 2484 benignum
355 2409 495 2487 praestes
509 2409 672 2482 anditum,
688 2408 722 2472 et
747 2409 882 2471 monitis
937 2416 989 2475 Ad
1005 2414 1192 2485 sermnem,
1217 2414 1513 2487 archiepiscopum
1529 2411 1731 2472 Bituriccu-

81 2504 125 2566 nb
161 2520 203 2567 eo
234 2506 339 2583 regiae
367 2505 540 2568 serenitati
562 2520 607 2568 ex
640 2508 736 2583 parte
768 2507 881 2568 nostra
975 2522 1061 2583 scca,
1080 2510 1303 2573 tisanarium
1331 2511 1527 2585 episcopum
1546 2509 1581 2570 et
1603 2506 1731 2587 Getide-

81 2602 266 2679 propositis
306 2603 513 2681 acqrriescas.
554 2604 672 2665 Datum
711 2602 880 2676 Laterani,
976 2622 1057 2670 nem
1070 2610 1352 2670 archidiaconum
1370 2606 1602 2669 Lcmoctccss.

80 2700 161 2762 ΚΝ
169 2699 240 2761 kal.
250 2701 342 2774 maii,
357 2700 571 2779 pontificatus
587 2700 693 2791 nostrl
705 2714 797 2763 anno
811 2714 883 2778 sep
1203 2736 1238 2796 43
1262 2737 1360 2812 aprilis
1385 2734 1463 2794 litt.

82 2797 177 2861 umo-
1091 2860 1224 2927 [llariena
1237 2860 1358 2912 Thestor.
1371 2859 1468 2918 anecd,
1479 2858 1500 2920 l,
1509 2857 1578 2921 soi]

937 2985 1112 3058 Quibusdam
1127 2986 1295 3044 auctoritate
1309 2983 1472 3057 apendice
1493 2982 1628 3056 permittit
1645 2982 1732 3041 Gran

437 3102 538 3191 CXV
972 3075 1202 3224 ῗῗθῠῑθῠθῑωῦ
1224 3070 1544 3148 nomiomacensis
1561 3076 1642 3129 extra
1668 3084 1730 3129 me·

84 3283 140 3343 ad
167 3283 351 3343 limeum
376 3283 575 3356 episcopum
602 3281 820 3351 trecensem,
850 3280 885 3341 ct
973 3289 1072 3349 Simon
1091 3287 1145 3347 uel
1162 3284 1255 3362 gratia
1278 3284 1463 3344 bituricensis
1483 3283 1727 3357 archiepiscopus,

124 3378 393 3441 cisterciensem
421 3378 457 3441 ct
486 3381 523 3440 S.
553 3379 680 3439 Marte
711 3378 885 3439 Biescosis
938 3372 1731 3452 aquitanieprimnaetllernerduseadcmgretiaepis·

123 3475 276 3538 abbates
939 3480 1039 3540 copus,
1055 3480 1091 3525 ac
1108 3465 1248 3539 magister
1265 3462 1357 3522 Guido
1384 3461 1604 3521 archidiaconus
1628 3462 1732 3518 besco-

366 3571 401 3628 le
416 3569 514 3643 aprilis
528 3569 609 3628 ilat.
938 3556 1074 3625 vicensis,
1091 3555 1233 3613 ursiversis
1247 3560 1403 3626 presentes
1426 3553 1535 3610 literas
1552 3549 1733 3622 inspecturis,

939 3646 1061 3703 salutem
1072 3645 1101 3701 in
1117 3643 1248 3702 Domino
1264 3640 1431 3701 liandatum
1442 3639 1551 3699 domini
1562 3626 1734 3711 Peperece

180 3708 333 3779 mumque,
347 3710 459 3763 baumes
467 3710 580 3772 Cisterc,
596 3709 673 3771 th,
687 3724 713 3776 p.
724 3706 793 3775 m]
940 3732 1035 3808 pimus
1049 3733 1078 3790 in
1093 3731 1171 3790 hune
1184 3731 1301 3789 modum
1315 3747 1322 3787 :

105 3847 143 3906 Ut
158 3845 293 3906 audeant
308 3845 481 3921 questiones
498 3845 594 3904 varias
611 3845 685 3903 inter
705 3843 868 3944 ilbilippum
980 3859 1734 3943 Honoriusepjwopus‚5m0330pvommpop‚

124 3937 299 3993 Francorum
315 3948 416 4009 regem
428 3940 457 3992 et
466 3934 658 3992 parisiensem
672 3946 850 4006 episcopum.
939 3962 1190 4029 venerabilibus
1201 3961 1362 4025 mmm
1371 3959 1625 4037 archiepiscopo
1638 3957 1736 4019 Bitu,

127 4072 292 4149 Episcopo
316 4069 489 4141 trecensi,
512 4069 546 4131 et
566 4067 783 4131 Gistsrciensi
797 4067 831 4130 et
850 4068 884 4128 S·
940 4063 1077 4136 ricenei,
1102 4063 1260 4139 episcopo
1284 4056 1525 4128 lemovicensi,
1550 4068 1591 4116 ac
1614 4053 1737 4116 dilecto

90 4167 207 4230 Maria
221 4166 390 4230 Blesensls
402 4162 590 4229 abbadias.
941 4162 1011 4223 iilic
1024 4160 1183 4238 magistro
1198 4156 1341 4220 (luidoni
1356 4153 1594 4217 archidiacono
1611 4154 1736 4214 thO*

130 4265 359 4327 intelleximus
369 4264 571 4342 quaesdones
584 4263 710 4334 varias,
725 4263 760 4324 et
773 4261 888 4324 multi-
918 4326 919 4329 ,
941 4258 1069 4320 emensi
1076 4296 1086 4331 ‚
1111 4250 1252 4318 salutem
1276 4250 1555 4329 eapostolicam
1578 4246 1739 4311 benedic·

90 4362 196 4439 plices
217 4362 308 4424 inter
331 4361 544 4431 carissimum
565 4360 602 4422 in
625 4359 759 4422 christo
780 4358 888 4419 illium
940 4356 1078 4418 bouem.

90 4462 244 4521 noenum
264 4458 469 4536 Philippum,
485 4472 598 4535 regem
612 4459 817 4519 Francorum
840 4456 888 4517 il·
982 4452 1067 4515 olim
1080 4449 1278 4530 quibusdam
1296 4446 1430 4511 clericis
1442 4441 1660 4508 etconrersls
1675 4455 1738 4505 cr-

89 4554 241 4629 lustrem,
258 4556 293 4619 et
309 4556 539 4619 venerabilem
563 4555 701 4617 fratrem
721 4555 885 4625 nostrum,
941 4545 1458 4620 dinisarandimontenslssuper
1470 4540 1668 4619 quibusdam
1680 4552 1739 4603 re-

88 4646 321 4715 Parisiensem
332 4654 527 4730 episcopum
540 4652 719 4714 emersisse
730 4651 789 4725 ;ad
804 4665 887 4728 quas
941 4647 1029 4723 gula
1044 4660 1114 4707 suae
1128 4644 1283 4721 capitulis
1297 4644 1333 4703 in
1354 4643 1471 4702 nostra
1496 4637 1677 4716 praesentia
1692 4635 1738 4697 ll-

89 4747 268 4827 sopiendas
282 4751 437 4812 columns
450 4764 491 4812 eo
504 4749 611 4826 magis
625 4748 810 4819 intendere,
822 4760 887 4824 quo
941 4742 1135 4821 tigantibns,
1151 4757 1212 4803 nos
1234 4738 1431 4818 quibusdam
1455 4735 1606 4814 ejusdem
1638 4733 1737 4810 capi-

88 4848 266 4926 uli-umque
286 4846 465 4910 sinceriori
487 4846 632 4909 caritate
648 4845 831 4922 diligimus,
855 4843 890 4905 et
941 4842 1022 4904 tulis
1035 4855 1097 4917 per
1110 4837 1420 4915 interpretationem
1433 4846 1614 4909 congruam
1625 4830 1739 4893 decla-

88 4960 133 5006 ex
148 4958 264 5006 eorum
275 4945 457 5007 discordiis
479 4947 607 5021 majora
621 4943 767 5004 vidimus
788 4955 889 5018 posse
942 4937 1038 5009 ratis,
1073 4950 1148 4999 cum
1187 4933 1344 4997 conversi
1383 4931 1608 5009 proponerent
1650 4927 1739 4989 inter

91 5040 265 5118 dispendia
284 5045 319 5104 at
333 5041 492 5104 scandala
513 5040 703 5118 provenire.
726 5040 888 5101 (terentes
943 5036 1076 5107 caetera,
1090 5032 1177 5111 quod
1201 5032 1298 5093 extra
1313 5031 1406 5107 septa
1425 5042 1486 5089 sua
1508 5038 1575 5088 non
1597 5022 1740 5086 debeant

91 5138 199 5215 igitur
211 5139 253 5201 de
265 5139 455 5218 prudentia,
471 5138 537 5200 tide
551 5151 591 5199 ac
605 5136 794 5199 constantia
805 5146 890 5198 ves·
943 5132 1067 5194 habere
1080 5130 1216 5192 mobilia
1231 5129 1285 5191 rel
1297 5127 1431 5190 cubilia
1444 5124 1626 5187 secundnm
1640 5122 1738 5184 ordi-

92 5238 150 5297 tra
174 5236 325 5299 ildnciam
353 5236 547 5313 specialem,
577 5250 639 5313 per
665 5233 889 5311 apostolicam
943 5231 997 5291 nis
1012 5230 1064 5290 sui
1077 5229 1228 5290 instituta
1244 5248 1252 5287 ι
1268 5226 1347 5305 qriia
1359 5226 1394 5285 in
1415 5224 1509 5285 tanto
1524 5219 1656 5296 negotio
1669 5234 1739 5281 non

92 5332 192 5395 vobis
212 5335 330 5397 wem
349 5333 558 5402 mandamus,
582 5326 747 5409 quatenus
771 5344 889 5407 persc-
944 5324 1055 5388 subito
1067 5324 1244 5403 providere
1258 5336 1318 5400 per
1333 5321 1462 5383 litteras
1486 5319 1618 5379 nostras
1638 5317 1741 5393 pote-

92 5430 217 5492 naliter
240 5432 438 5495 accedentes
461 5431 615 5502 Parisiis,
638 5429 692 5490 vel
717 5428 758 5490 ed
780 5428 890 5489 iocum
944 5422 1312 5496 ramus,mandnvimus
1326 5413 1633 5493 archiepiscopiset
1646 5414 1744 5491 epis·

94 5527 201 5590 alium
227 5529 465 5607 opportunum,
494 5529 529 5590 et
557 5528 664 5603 ipsum
693 5540 824 5602 regem,
855 5524 892 5585 ut
945 5522 1038 5598 copis
1052 5516 1087 5581 ln
1106 5534 1210 5596 regno
1230 5515 1382 5579 Francia
1392 5512 1591 5583 constitutis,
1615 5513 1652 5574 ut
1666 5526 1741 5573 om·

95 5622 218 5704 spretis
236 5627 351 5706 pravis
369 5624 640 5704 suggestionibus
660 5622 890 5687 ecclesiastica
945 5619 1013 5692 nia,
1045 5618 1113 5680 tam
1139 5614 1288 5687 mobilia,
1314 5626 1414 5691 quam
1441 5608 1637 5682 immobilia,
1664 5624 1740 5688 quae
