3972 6204
113 292 174 357 965
734 292 962 355 EPISTOLAE.
986 291 1065 355 LIB.
1086 294 1127 355 X.
1692 295 1753 358 966

108 450 252 524 trarunt,
267 449 353 529 quod
369 450 448 514 olim
466 450 546 515 Adae
566 450 701 515 mulieri
721 450 904 515 liberaliter
957 451 1078 517 datrici
1091 450 1197 530 ipsius
1220 450 1337 515 domus
1358 451 1447 517 facta
1468 454 1643 527 contentae,
1666 455 1753 518 nihil

110 550 359 622 concesseruut,
385 550 422 611 ut
455 548 632 613 incorum
663 549 832 612 territorio
863 549 904 610 de
958 564 1094 626 prorsus
1120 551 1235 612 contm
1264 551 1459 628 praedictum
1483 552 1671 615 condictum
1694 555 1749 616 at·

110 648 243 708 Harnes
267 646 309 709 ad
324 662 406 723 opus
430 645 647 724 quarumdam
671 645 904 722 religiosarum
958 647 1100 721 tentent3
1133 648 1235 709 immo
1272 648 1381 725 potius
1421 651 1587 722 revocent,
1617 649 1752 727 siquid

109 743 289 805 mulierum
313 742 445 807 domum
469 745 662 804 construere
676 743 709 803 et
723 743 903 818 capellam:
959 742 1059 805 suerit
1073 745 1279 816 attentatum,
1293 746 1476 808 monitione
1486 748 1670 825 premissa,
1685 764 1752 809 me·

110 836 219 913 ipsam
234 837 367 903 domum
390 835 431 899 ab
442 836 531 899 omni
550 835 755 913 subjectione
767 851 904 897 monas·
960 839 1072 903 diante
1081 842 1213 918 justitia
1223 842 1442 919 compellatis.
1455 845 1545 916 Quod
1561 846 1590 905 si
1604 861 1670 906 non
1680 860 1755 906 om-

111 933 191 995 terii
212 932 276 1004 sui,
301 949 364 1004 uec
386 948 453 994 uon
477 949 497 993 a
518 932 739 994 decimatione
754 948 794 993 ao
812 933 906 1009 parte
959 952 1019 1000 nes
1045 937 1098 999 his
1124 940 1345 1016 exsequendis
1372 942 1546 1017 potueritis
1574 942 1751 1016 interesse,

113 1030 331 1098 oblationum,
349 1046 431 1107 quas
445 1030 481 1091 in
494 1030 589 1091 domo
604 1031 678 1106 ipsa
693 1028 809 1093 offerri
824 1045 908 1090 oon·
961 1034 1025 1097 duo
1045 1035 1193 1097 restrum
1217 1052 1257 1097 ea
1279 1037 1496 1100 nibilominus
1515 1040 1750 1117 exsequantur.

109 1127 264 1203 tingeret,
281 1127 505 1188 absolverunt.
528 1128 691 1193 Caeterum
711 1141 905 1204 praecavere
960 1131 1079 1194 Datum
1094 1134 1208 1205 Reate,
1221 1136 1252 1194 X
1266 1133 1428 1196 kalendas
1439 1136 1602 1213 januarii,
1618 1136 1755 1215 pontid-

110 1222 261 1284 volentes
276 1238 318 1283 ne
333 1222 523 1299 hujusmodi
538 1222 721 1284 liberalitas
734 1222 798 1283 sibi
813 1222 907 1282 dam·
961 1229 1054 1291 catus
1068 1230 1175 1292 nostri
1185 1246 1274 1292 anno
1287 1231 1426 1293 decimo.

112 1334 196 1381 nosa
224 1319 384 1381 existeret
412 1320 448 1379 in
477 1318 634 1391 futurum,
663 1336 738 1381 cum
768 1318 906 1396 praefata

111 1416 253 1477 muliere
286 1417 400 1478 taliter
433 1417 663 1489 condixerunt,
693 1417 729 1478 ut
751 1416 909 1478 videlicet

113 1529 265 1590 personae
276 1513 442 1590 praedictae
452 1513 569 1574 domus
579 1529 646 1574 non
657 1515 791 1590 possent
797 1528 907 1574 emere

113 1610 167 1672 tel
183 1610 219 1670 in
233 1610 478 1688 eleemosynam
494 1627 553 1672 seu
566 1610 602 1671 in
621 1611 742 1688 pignus
756 1611 906 1686 recipere

113 1709 173 1769 aut
185 1707 282 1768 titulo
303 1722 509 1785 quocumque
530 1709 703 1784 acquirere
722 1707 907 1784 possessio-

112 1820 191 1865 nem
206 1804 363 1881 aliquam,
375 1804 417 1865 ad
430 1804 603 1880 praefatum
613 1804 817 1866 territorium
831 1819 915 1891 per-¹

112 1901 285 1976 tinentem3
311 1902 483 1963 eteorum
510 1901 758 1962 concessionem
785 1900 907 1961 factam

114 1998 176 2059 sub
200 1998 353 2075 pactione
380 1998 571 2075 hujusmodi
595 1998 803 2059 dioecesanus
818 1997 908 2072 epis-

1306 1487 1410 1574 LXV

1100 1638 1152 1697 Ad
1165 1642 1320 1699 conantes
1335 1640 1614 1701 Tarracinenses.

1224 1767 1259 1824 at
1273 1767 1403 1826 decemb.
1417 1769 1500 1827 1225.

1130 1888 1271 1953 [Cantator
1289 1890 1352 1941 llist.
1366 1891 1501 1953 Tamaniu,
1513 1891 1579 1956 tta]

961 2014 1011 2071 Eis
1024 2011 1143 2070 mandat
1160 2021 1303 2087 utquam
1324 2015 1478 2087 imperator
1491 2023 1568 2089 petat
1583 2015 1618 2074 ab
1640 2016 1682 2074 eis
1709 2032 1757 2074 res

944 2163 949 2171 ι
996 2101 1215 2173 balistariorum,
1235 2118 1300 2175 quau
1319 2103 1393 2176 apud
1417 2106 1601 2162 Tarracinam
1620 2106 1755 2173 existunt,

996 2190 1053 2246 tale
1066 2206 1152 2263 super
1174 2191 1230 2248 boc
1257 2190 1384 2249 habeant
1402 2193 1565 2261 consillum,
1590 2192 1667 2265 quod
1691 2193 1759 2250 inde

996 2275 1191 2336 difficultatem
1206 2280 1350 2337 incurrere
1365 2282 1559 2353 nonpossint.

112 2111 227 2172 copus,
255 2094 297 2155 ad
329 2095 479 2171 ipsorum
505 2096 538 2157 et
560 2095 726 2171 praedictae
756 2093 906 2154 mulieris

111 2192 318 2264 instantiam,
330 2191 536 2268 approbavit.
558 2193 703 2268 Cumque
725 2190 904 2261 abbatissa,

112 2305 189 2367 quae
199 2289 246 2349 ibi
260 2288 373 2350 creata
388 2288 594 2365 postmodum
603 2288 713 2349 extitit
726 2288 759 2349 et
773 2303 906 2349 sorores

114 2386 223 2462 ipsius
244 2386 473 2447 cisterciensis
497 2385 624 2446 ordinis
647 2385 763 2447 venire
791 2378 906 2444 contra
1000 2414 1672 2492 Honoriusepiscopus'sorvusservorum
1686 2418 1757 2489 Dei,

111 2482 148 2544 id
162 2482 306 2545 indebite
321 2482 533 2554 attentarent
549 2482 655 2545 dimus
670 2481 772 2542 abhas
792 2481 906 2542 V⁰¹0¹²⁸
961 2509 1090 2571 dilectis
1121 2510 1199 2572 tiliis
1226 2510 1419 2573 consulibus
1445 2486 1756 2586 Terracinensibus,

109 2579 322 2642 indemnitati
335 2580 386 2643 sui
401 2579 596 2643 monasterii
610 2594 810 2655 praecarere,
827 2576 907 2640 fecit
961 2607 1102 2668 salutem
1117 2609 1150 2670 et
1163 2608 1387 2685 Apostolpcam
1407 2609 1684 2672 benedictionem

111 2677 174 2737 sub
187 2677 278 2738 Gesta
304 2693 402 2753 poena
423 2676 459 2737 11¹
480 2676 561 2738 Villa
577 2675 617 2736 ‘¹⁰
636 2678 765 2737 Halm
780 2675 905 2737 mnus
1003 2707 1083 2765 Cum
1096 2706 1182 2767 sicut
1192 2706 1418 2768 intelleximus
1442 2724 1501 2784 per
1524 2708 1652 2769 litteras
1672 2725 1758 2770 ves-

110 2773 270 2846 inniberi,
284 2790 327 2835 ΗΘ
339 2775 412 2851 quis
423 2774 458 2833 ¹¹¹
468 2772 548 2835 lilla
561 2774 633 2849 iim
646 2772 793 2848 Psaefafis
803 2771 906 2833 abba·
959 2802 1030 2863 tras
1044 2802 1226 2878 imperator
1240 2805 1359 2881 petata
1373 2804 1468 2866 vobis
1487 2820 1541 2866 res
1556 2806 1758 2868 balistario-

206 2968 215 2981 ,
408 2968 413 2978 ,
472 2967 479 2980 ,
960 2914 1045 2971 rum,
1069 2915 1143 2976 quae
1158 2899 1244 2976 apud
1266 2902 1481 2975 Terracinam
1507 2903 1667 2975 existunt,
1694 2920 1759 2965 nos

110 2969 308 3046 praedmtum
333 2967 539 3029 terr¹t⁰r¹¹¹m
563 2967 763 3043 “pectantffl’
801 2966 907 3027 ‘¹⁰⁰³'
961 2995 1109 3057 volentes
1125 2995 1156 3056 ei
1171 2996 1381 3058 occasionem
1394 2997 1552 3072 tribuere,
1570 3000 1656 3060 unde
1671 3016 1760 3081 con-

111 2873 207 2934 tisere
221 2887 261 2933 ac
274 2870 444 2932 sororibus
464 2870 691 2946 possessiones
706 2869 846 2946 aliquae,
863 2869 905 2930 ad

107 3067 173 3139 ret,
188 3065 348 3128 venderet
361 3063 414 3125 tel
428 3064 564 3139 legaret.
582 3061 758 3124 abbatissa
773 3078 852 3124 vero
874 3066 907 3126 et
960 3094 974 3154 t

108 3163 293 3225 conventus
321 3161 488 3239 praedictae
521 3161 561 3223 ad
591 3161 759 3221 cantorem
794 3161 905 3222 Sancti

108 3259 221 3323 Amati
236 3258 271 3323 in
283 3262 395 3320 Duaco
410 3257 443 3319 et
457 3257 646 3334 conjudices
669 3273 748 3318 suos
772 3271 792 3317 a
811 3257 905 3317 nobis

975 3107 1013 3152 ra
1022 3108 1081 3154 ros
1091 3093 1200 3170 ipsum
1212 3096 1337 3157 moveri
1346 3095 1527 3172 contingat,
1539 3098 1757 3173 praesentium

960 3190 1054 3251 robis
1068 3191 1267 3253 auctoritate
1280 3191 1476 3255 mandamus
1503 3195 1666 3271 quatenus
1686 3196 1756 3257 tale

401 3355 407 3368 .
960 3278 1149 3364 super'hoc
1172 3288 1323 3351 babeatis
1349 3292 1537 3363 consilium,
1561 3293 1647 3371 quod
1678 3292 1756 3355 iude

110 3357 377 3435 impetraverunt
387 3355 514 3417 litteras
529 3357 645 3416 contra
657 3370 725 3425 eos,
743 3370 815 3431 quae
831 3354 907 3415 nul·
960 3361 1187 3448 difficultatem
1202 3387 1374 3451 incurrere
1398 3404 1464 3450 non
1486 3391 1636 3466 possitis;
1653 3390 1754 3466 quid,

107 3455 178 3516 lam
193 3453 360 3516 faciebant
383 3453 584 3514 mentionem
613 3452 654 3512 de
677 3451 903 3523 concessione,
960 3482 1161 3559 quidtamen
1177 3484 1217 3545 de
1230 3484 1329 3546 rebus
1348 3486 1421 3547 fieri
1444 3487 1572 3559 debeat,
1593 3503 1754 3564 personas

107 3552 275 3630 mum
291 3550 491 3613 mmmmm
505 3548 686 3626 pfaediCtiS’
701 3547 758 3611 sed
772 3549 905 3624 Simpfi'
959 3580 1051 3641 nulla
1064 3581 1194 3642 ratione
1206 3582 1358 3645 tradatis.
1372 3585 1491 3646 Datum
1506 3587 1619 3657 Reate,
1636 3588 1666 3646 X
1690 3586 1754 3646 ka-

108 3650 195 3711 citer
209 3647 423 3710 continebant
437 3646 524 3723 quod
545 3645 648 3707 abbas
673 3646 706 3709 et
724 3646 906 3707 conventus
960 3677 1075 3739 landas
1105 3680 1266 3756 januarii,
1294 3681 1506 3758 pontificatus
1532 3683 1637 3744 nostri
1662 3696 1751 3744 anno

107 3746 261 3825 praedicti
275 3761 374 3822 super
396 3745 495 3806 terris
510 3745 542 3806 et
556 3743 656 3804 rebus
670 3743 747 3803 aliis
762 3743 907 3819 injuria·
959 3774 1099 3837 dem-mo·

107 3844 234 3906 buntur
247 3842 389 3915 eisdem;
409 3842 443 3903 et
462 3857 562 3917 quum
584 3839 751 3901 abbatissa
774 3843 808 3902 et
824 3856 906 3901 con-

105 3944 227 4004 ventus
238 3941 387 4018 peterent
397 3939 571 4000 occasione
579 3937 905 4014 buJusmodilittera-

106 4056 183 4102 rum
197 4040 232 4101 ut
245 4038 352 4099 dictus
366 4036 468 4097 abbas
483 4034 727 4105 inhibitionem,
740 4050 839 4110 quam
855 4034 905 4095 le-

106 4137 212 4208 cerat,
220 4135 402 4207 revocaret,
414 4136 446 4195 et
456 4133 526 4194 dies
537 4131 578 4192 ad
589 4131 820 4209 proponendas
831 4148 904 4192 om-

105 4231 447 4295 nesdilatoriasesset
455 4229 604 4306 partibus
614 4228 794 4303 assignata,
805 4226 903 4288 abba·

104 4332 192 4393 tissa
213 4332 246 4391 et
272 4329 454 4403 conventus
477 4324 645 4409 annegotii
670 4324 902 4402 prosecutione
999 4350 1009 4361 -

105 4428 293 4490 cessarunt.
319 4424 415 4488 Unde
440 4422 542 4485 abbam
568 4423 602 4483 et
628 4422 810 4483 conventus
831 4424 901 4498 jam

104 4525 188 4587 dicti
202 4522 408 4586 attendentes
419 4520 505 4597 quod
516 4520 589 4581 sine
598 4518 692 4594 gravi
703 4518 901 4580 detrimento

103 4620 303 4685 monasterii
321 4620 374 4679 sui
401 4634 467 4678 non
493 4618 604 4693 posset
629 4615 767 4691 infringi
791 4615 900 4692 pactio

1291 3955 1415 4045 LXVI

957 4105 1010 4165 Ad
1021 4105 1313 4167 sarisberiensem
1328 4107 1362 4169 et
1375 4110 1548 4170 Ettcneern
1562 4112 1747 4185 maeones.

1128 4231 1255 4308 (absque
1269 4244 1335 4294 nota
1348 4236 1576 4313 chronologica.)

1079 4357 1228 4424 [ftanriqua
1242 4357 1354 4413 tondes
1366 4360 1480 4423 Cistena,
1491 4363 1536 4421 tv,
1550 4363 1619 4430 aad]

955 4483 1005 4541 Eis
1014 4480 1112 4540 scribit
1126 4482 1161 4539 de
1176 4483 1360 4541 Dunelmensi
1372 4484 1506 4558 episcopo
1521 4501 1571 4544 reo
1585 4489 1746 4562 sanguinis,

1015 4571 1155 4641 simoniae,
1169 4569 1309 4641 adulterii,
1329 4573 1483 4646 sacrilegii,
1497 4575 1614 4647 rapine,
1628 4584 1682 4635 etc.

103 4717 310 4796 supradicta,
337 4715 433 4776 nobis
457 4713 628 4777 humiliter
658 4713 898 4788 supplicarunt,
994 4706 1161 4767 Honorius
1171 4706 1358 4782 episcopus,
1368 4722 1663 4770 servusservorum
1673 4713 1743 4784 Dei,

102 4817 143 4878 ut
154 4814 340 4892 pactionem
351 4811 499 4873 eamdem
509 4811 666 4886 tanquam
678 4809 815 4886 proinde
829 4809 902 4871 tae-
954 4802 1085 4863 dilectis
1112 4801 1271 4863 fratribus
1303 4802 1540 4865 sarisberiensi
1564 4808 1597 4869 et
1619 4808 1744 4870 Eliensi

102 4916 175 4975 tam
194 4912 228 4973 et
242 4912 278 4972 ut
292 4909 416 4971 dictum
431 4909 481 4969 est
495 4922 555 4983 per
569 4906 793 4966 dioecesanum
806 4907 898 4982 epis·
954 4900 1129 4976 episcopis,
1145 4901 1297 4970 salutem,
1321 4903 1383 4962 etc.

102 5025 225 5085 copum
242 5005 468 5083 approbatam,
490 5003 675 5063 faceremus
695 5001 900 5064 inviolabili·
993 4999 1042 5058 Ita
1053 4995 1190 5057 nobisin
1201 4995 1404 5059 odorebonae
1416 4999 1581 5076 opinionis
1591 5001 1741 5079 fratrum,

101 5103 346 5170 terobserrari.
369 5103 419 5163 Ne
438 5101 540 5177 igitur
555 5100 695 5177 gratiam
718 5099 814 5161 dictae
825 5118 900 5161 mu-
953 5093 986 5154 et
1000 5094 1250 5168 cooperatorum
1265 5095 1454 5155 nostrorum
1469 5098 1625 5159 convenit
1639 5098 1744 5161 delec-

100 5204 182 5268 lieri
192 5202 312 5263 factam
320 5200 355 5261 in
365 5198 527 5259 dictorum
539 5195 666 5259 abbatis
675 5197 708 5258 et
717 5198 898 5259 conventus
952 5190 1028 5261 tari,
1045 5189 1081 5250 ut
1092 5189 1126 5249 in
1142 5189 1371 5265 pestilentibus
1384 5193 1465 5253 vitia
1476 5209 1542 5254 non
1558 5195 1740 5273 palpemus

102 5297 300 5362 monasterii
315 5294 545 5373 praejudicium
566 5295 752 5370 retorqueri
768 5295 899 5354 contin·
952 5302 1027 5348 oum
1037 5302 1102 5347 non
1114 5286 1228 5348 deceat
1238 5302 1297 5362 pro
1309 5290 1497 5351 reverentia
1511 5292 1649 5364 ordinis
1665 5312 1742 5356 sus-

101 5398 172 5474 gat,
180 5387 504 5457 discretionivestrae
514 5390 764 5466 parapostolica
774 5391 898 5467 scripta
951 5385 1058 5446 tinere
1079 5384 1264 5462 peccantes,
1284 5400 1422 5460 quorum
1435 5385 1532 5463 culpa
1545 5390 1595 5451 tot
1610 5405 1666 5452 eos
1689 5392 1742 5452 di-

101 5492 313 5562 mandamus,
331 5490 493 5565 quatenus
510 5487 630 5548 dictam
652 5487 851 5547 abbatissam
865 5487 898 5549 et
950 5497 1034 5558 gnos
1048 5479 1209 5542 mortibus
1227 5479 1317 5552 faofi,
1334 5476 1413 5558 quot
1426 5483 1467 5543 ad
1480 5484 1645 5562 subductos
1660 5506 1741 5567 per.

104 5589 308 5655 contentum
324 5581 512 5665 (moneatis)
537 5585 574 5645 ut
593 5582 807 5646 concessione
821 5584 898 5645 fun-
951 5578 1088 5643 ditionis
1120 5578 1271 5655 exempla
1298 5580 1534 5654 transmittunt,
1574 5585 1642 5661 qui,
1670 5588 1740 5651 sola
