3930 6206
87 336 145 397 6ῗῖ

89 495 127 557 de
148 493 243 557 Bello
261 495 391 564 Mauso,
413 494 567 556 villanus
586 493 682 556 miles
703 495 773 556 61...
796 506 883 556 uxor

88 595 170 671 ejus,
185 593 390 656 monasterio
402 594 513 655 vestro
529 591 583 669 pia
603 591 803 654 liberalitate
822 590 884 653 do·

87 692 264 762 naverunt,
290 705 420 751 necnon
443 690 589 752 decimas
611 690 652 751 de
673 689 884 752 Mensandis-

88 787 219 849 cultura
234 787 269 849 et
282 787 559 849 deBerlaimonte
574 803 649 849 cum
660 785 880 857 libertatibus,

88 884 352 946 immunitatibus
376 900 417 946 ac
435 885 513 946 aliis
535 884 632 947 honis
647 884 778 956 1631113,
797 884 883 945 31611

87 997 127 1043 ea
143 981 255 1043 omnia
267 983 368 1059 justo,
385 983 547 1044 canonice
560 997 600 1043 ac
615 981 753 1059 pacifice
770 981 882 1058 possi·

87 1079 184 1150 detis,
199 1080 233 1140 et
248 1079 283 1139 iu
298 1079 502 1142 authenticis
516 1079 675 1142 confectis
690 1078 811 1140 exinde
826 1077 882 1138 di-

86 1174 176 1237 citur
188 1176 364 1246 contineri,
380 1175 473 1237 vobis
488 1178 521 1238 et
537 1186 595 1252 per
613 1192 672 1237 vos
686 1175 793 1237 eidem
812 1189 891 1255 moq

86 1273 236 1335 nasterio
247 1273 639 1350 anctoritatehpostolica
648 1273 883 1355 confirmamus

87 1371 121 1431 et
140 1371 317 1447 praesentis
345 1372 459 1448 scripti
484 1372 670 1448 patrocinio
693 1372 881 1431 communi-

87 1483 174 1539 mus,
191 1468 285 1529 salvo
300 1484 402 1545 super
413 1469 550 1530 decimis
561 1468 786 1530 moderamine
797 1471 884 1529 Gon-

88 1563 159 1627 cilii
169 1566 351 1641 generalis.
366 1565 459 1626 Nulli
472 1580 550 1641 ergo
562 1567 696 1627 omniuo
711 1565 882 1626 hominum

86 1662 188 1724 liceat
203 1662 290 1724 hanc
310 1664 464 1739 paginam
484 1665 606 1725 nostrae
621 1663 836 1739 protectionis
851 1664 884 1724 61

86 1759 354 1822 confirmationis
376 1760 570 1836 infringere,
592 1760 646 1822 vel
669 1760 701 1821 ei
723 1774 808 1821 ausu
832 1762 883 1821 te-

85 1857 233 1918 merario
244 1857 424 1919 contraire.
437 1858 472 1919 Si
483 1858 558 1933 quis
573 1859 682 1920 autem
693 1858 757 1918 hoc
771 1858 881 1919 atten-

84 1956 158 2016 tare
173 1954 436 2031 presumpserit,
454 1954 716 2030 indignationem
731 1953 884 2031 omnipo-

84 2052 188 2113 tentis
201 2052 264 2112 Dei
279 2053 312 2113 et
324 2051 496 2113 beatorum
513 2053 603 2113 Petri
618 2056 650 2114 61
666 2051 764 2113 Ρ6111
779 2067 882 2128 apos·

85 2149 231 2225 trilorum
246 2152 319 2226 ejus
332 2165 368 2210 se
382 2150 514 2219 noverit
525 2150 750 2211 incursurum.
764 2151 883 2212 Datum

683 328 914 395 EPISTOLAE.
939 334 1016 394 Lib.
1042 334 1127 393 vili.

1670 336 1732 395 678

937 492 1083 554 decimas
1103 491 1233 554 solvere
1255 493 1442 565 teneantur,
1463 493 1597 570 quidam
1619 491 1661 554 ab
1683 493 1732 554 eis

937 588 1157 650 nihilominus
1191 590 1265 665 post
1302 589 1558 652 celebrationem
1591 589 1732 652 concilii

937 686 1183 758 Lateranensis,
1208 687 1323 748 contra
1362 687 1601 763 indulgentiam
1636 687 1732 749 Sedis

937 783 1147 860 apostolicas,
1169 783 1314 844 decimas
1334 785 1468 860 exigere
1484 787 1516 847 et
1531 788 1731 862 extorquere

938 881 1143 959 praesumunt
1157 896 1197 942 ac
1211 896 1314 957 prava
1329 884 1362 943 et
1377 883 1513 943 sinistra
1527 882 1732 959 interpreta-

937 979 1028 1040 tione
1053 978 1235 1054 Apostolici
1261 979 1428 1055 privilegii
1449 980 1630 1057 capitulum
1653 997 1733 1057 per-

937 1076 1104 1137 vertentes
1119 1075 1273 1136 asserunt
1287 1076 1327 1136 de
1346 1076 1521 1137 novalibus
1541 1076 1661 1138 debere
1678 1077 1733 1138 in-

938 1173 1055 1249 telligi,
1095 1172 1149 1233 ubi
1186 1173 1338 1234 noscitur
1369 1173 1410 1233 de
1451 1173 1621 1235 laboribus
1657 1190 1731 1236 6336

938 1272 1108 1347 scriptum.
1135 1270 1296 1342 Quoniam
1319 1270 1422 1346 igitur
1443 1271 1653 1332 manifestum
1682 1274 1734 1333 est

939 1368 1101 1439 omnibus,
1137 1368 1193 1444 qui
1222 1369 1312 1429 recte
1346 1367 1489 1445 sapiunt,
1526 1368 1731 1445 iuterpreta-

939 1466 1062 1526 tionem
1078 1465 1266 1542 hujusmodi
1281 1481 1472 1541 perversam
1492 1481 1567 1526 esse
1586 1466 1734 1528 6111161-

939 1562 1133 1624 1661113616
1149 1563 1360 1635 contrariam,
1383 1578 1458 1623 cum
1478 1562 1659 1624 secundum
1675 1579 1734 1624 ca-

939 1660 1077 1737 pitulum
1092 1659 1380 1721 111116361111616
1393 1660 1596 1721 decimarum
1608 1662 1677 1723 tam
1692 1661 1733 1722 de

938 1757 1037 1818 terris
1060 1757 1138 1828 illis,
1163 1772 1245 1833 quas
1268 1756 1478 1819 deduxerunt
1497 1758 1549 1818 vel
1567 1758 1734 1821 deducunt

939 1854 980 1916 ad
1006 1854 1141 1925 cultum,
1168 1870 1266 1931 quam
1296 1855 1336 1915 de
1363 1856 1464 1917 terris
1493 1856 1592 1917 etiam
1621 1855 1731 1927 cultis,

939 1969 1021 2031 quas
1039 1953 1183 2029 propriis
1199 1952 1351 2014 manibus
1366 1953 1419 2014 vel
1435 1954 1619 2030 sumptibus
1636 1970 1734 2015 exco-

939 2052 1021 2123 lunt,
1032 2049 1129 2111 tiberi
1140 2051 1208 2112 sint
1218 2051 1350 2127 penitus
1361 2053 1394 2112 et
1403 2051 1578 2122 immunes,
1591 2068 1633 2112 ne
1644 2053 1732 2112 ullus

938 2150 1054 2210 contra
1068 2163 1125 2208 eos
1140 2149 1313 2209 materiam
1326 2148 1449 2209 habeat
1463 2148 1667 2225 malignandi
1680 2144 1734 2211 vel

938 2245 1184 2323 quomodolibet
1205 2246 1294 2322 ipsos
1327 2247 1442 2307 contra
1467 2246 1633 2321 justitiam
1658 2262 1733 2307 mo-

940 2343 1092 2413 lestandi,
1107 2342 1202 2404 vohis
1216 2358 1276 2418 per
1291 2343 1481 2419 apostolica
1497 2342 1620 2420 scripta
1633 2360 1734 2404 man-

939 2440 1056 2501 161113
1082 2440 1115 2524 61
1140 2440 1292 2501 districte
1318 2439 1543 2516 praecipimus,
1571 2442 1735 2517 quatenus

939 2536 1091 2599 omnibus
1126 2537 1340 2614 parochianis
1382 2537 1502 2599 vestris
1537 2538 1736 2601 auctoritate

937 2635 1126 2712 apostolica
1148 2634 1325 2712 prohibere
1344 2635 1479 2706 curetis,
1504 2650 1582 2696 nea
1604 2651 1736 2697 memo·

938 2731 1021 2792 ratis
1036 2730 1193 2793 iratribus
1209 2730 1249 2792 de
1264 2730 1439 2791 novalibus
1453 2731 1505 2791 vel
1526 2731 1603 2792 aliis
1623 2733 1733 2804 terris,

84 2247 259 2319 Laterani,
287 2248 349 2308 Vll
372 2247 533 2308 kalendas
553 2246 643 2324 julii,
671 2246 883 2324 pontificatus

84 2344 195 2406 1163111
210 2357 300 2409 anno
315 2344 442 2407 161611.

84 2792 137 2853 Ad
164 2780 403 2883 batmarcbas,
430 2795 722 2868 archiepiscopos,
752 2768 884 2866 661366-

122 2901 199 2962 poa,
226 2887 304 2979 etc,
329 2890 374 2949 ud
394 2903 478 2961 quos
507 2890 637 2951 crecere
662 2891 884 2965 1311166166-

125 2984 260 3045 oertnt.
458 3054 461 3061 ,

378 3062 413 3119 22
425 3061 498 3133 junii
514 3062 594 3120 aral.

139 3183 280 3248 [Strehlka
295 3184 359 3235 Teb.
372 3186 428 3235 ord.
446 3185 606 3245 Theutonici,
617 3202 644 3252 p.
657 3186 713 3248 3311,
724 3202 748 3238 1.
762 3182 831 3253 311]

938 2838 1020 2906 quas
1033 2828 1179 2905 propriis
1195 2827 1350 2888 manibus
1364 2827 1417 2888 vel
1433 2828 1618 2904 sumptibus
1634 2844 1736 2890 exco-

938 2927 1020 2997 lunt,
1037 2924 1581 2987 36111611111116111361111611111
1597 2940 1734 2988 suorum

939 3023 1104 3084 ullatenus
1127 3022 1274 3083 decimas
1299 3022 1435 3097 exigere
1456 3022 1509 3083 vei
1535 3024 1735 3099 extorquere

939 3120 1152 3198 praesumant.
1179 3121 1265 3180 Nam
1287 3119 1317 3179 si
1340 3119 1381 3179 de
1405 3119 1580 3181 novalibus
1602 3121 1731 3181 tantum

722 3296 725 3302 Α
939 3218 1099 3279 vellemus
1128 3217 1283 3292 intelligi,
1309 3215 1366 3277 ubi
1393 3216 1547 3293 ponimus
1573 3218 1614 3278 de
1635 3216 1734 3278 labo-

82 3309 172 3367 16161
196 3307 234 3365 ab
256 3307 364 3367 ordinis
387 3309 554 3368 Tbeutouici
578 3311 728 3368 novalibus
751 3312 797 3371 vet
820 3313 883 3370 eliis

120 3397 206 3454 terris
230 3404 294 3470 post
323 3398 480 3456 Concilium
507 3401 663 3471 acquisitis,
689 3416 760 3472 quas
783 3399 884 3459 iratres

119 3485 245 3557 propriis
262 3493 310 3543 aut
327 3485 815 3560 116111136113111111113661611,
832 3489 881 3548 de·

119 3574 214 3632 cimas
228 3574 316 3647 exigi.

939 3316 1043 3387 ribus,
1060 3315 1101 3376 de
1123 3314 1298 3375 novalibus
1317 3328 1526 3390 poneremus.
1550 3314 1635 3388 Quia
1656 3326 1736 3376 vero

939 3429 1005 3475 nou
1018 3414 1069 3474 est
1083 3411 1284 3474 conveniens
1300 3411 1352 3472 vei
1368 3411 1554 3482 honestum,
1570 3413 1736 3474 utcontra

939 3508 1171 3571 3161116861113
1188 3508 1387 3583 apostolicae
1403 3508 1568 3578 veniatur,
1585 3508 1736 3585 (1166611-

938 3607 1046 3667 tinere
1059 3605 1180 3667 debent
1197 3603 1400 3665 immobilem
1417 3605 1618 3677 firmitatem,
1641 3622 1737 3666 man·

124 3700 297 3762 Honorius
305 3701 492 3779 episcopus,
503 3719 619 3765 servus
628 3698 800 3766 servorum
810 3705 881 3778 Dei,
939 3704 1054 3765 damus
1068 3703 1161 3766 vobis
1176 3701 1382 3778 firmiterque
1402 3703 1624 3778 praecipimus,
1643 3704 1688 3773 ut,
1705 3703 1736 3762 si

81 3796 335 3859 venerabilibus
353 3799 510 3861 1161111113
527 3796 742 3878 patriarchis,
756 3802 884 3863 archie-
939 3803 996 3878 qui
1011 3800 1175 3873 canonici,
1193 3798 1319 3870 clerici,
1335 3798 1388 3861 vel
1404 3800 1481 3860 laici
1497 3802 1613 3861 contra
1631 3800 1737 3876 privi-

82 3896 234 3972 piscopis
253 3898 286 3957 et
305 3896 470 3973 episcopis
486 3901 519 3960 61
537 3898 667 3960 dilectis
686 3900 765 3961 filiis
781 3899 885 3962 abba·
938 3899 1027 3975 legia
1052 3898 1145 3959 sedis
1171 3895 1371 3973 apostolice
1405 3896 1582 3973 praedictos
1614 3896 1734 3958 fratres

75 3991 188 4065 tibus,
208 3993 388 4069 prioribus,
410 3995 668 4069 archidiaconis,
693 3997 830 4058 decanis
851 4000 884 4061 et
939 3986 1142 4059 decimarum
1168 3994 1343 4056 exactione
1371 3993 1596 4070 gravaverint,
1627 3980 1734 4056 cano-

83 4090 165 4152 aliis
181 4089 400 4152 ecclesiarum
415 4093 573 4169 praelatis,
598 4094 640 4155 ad
659 4108 741 4170 quos
763 4094 882 4157 litterae
939 4094 1043 4164 nicos,
1068 4093 1207 4155 clericos
1230 4092 1301 4153 sive
1323 4091 1516 4170 monachos,
1542 4090 1735 4154 contradic-

81 4187 160 4248 istae
188 4188 413 4263 pervenerint,
438 4189 579 4253 salutem
604 4194 638 4252 et
657 4192 883 4269 apostolicam
937 4192 1029 4254 tione
1044 4193 1077 4254 et
1089 4190 1314 4268 appellatione
1329 4192 1492 4259 cessante,
1509 4190 1595 4251 sicut
1607 4193 1736 4267 iustum

80 4283 366 4347 benedictionem.
939 4289 1049 4360 116111,
1068 4288 1249 4349 monitione
1267 4287 1452 4363 premissa,
1471 4287 1634 4373 absofflcio
1656 4299 1755 4350 313-·

125 4380 212 4455 eria
233 4381 428 4459 plerumque
451 4384 602 4447 veritatis
625 4385 803 4463 integritas
824 4398 885 4464 per
938 4386 1102 4464 pendatis,
1132 4384 1237 4447 laicos
1269 4385 1625 4448 excommunicationis
1658 4402 1737 4449 sen-

81 4478 251 4539 miuorem
264 4476 519 4556 intelligentiam
534 4484 591 4545 aut
606 4484 768 4547 malitiam
781 4484 885 4546 homi·
938 4485 1044 4546 tentia
1071 4482 1274 4569 percellatis,
1306 4484 1340 4544 61
1362 4483 1431 4543 tam
1444 4490 1448 4507 ¹
1459 4485 1735 4545 excommunica·

81 4590 167 4636 num
183 4566 397 4653 depravatur,
414 4590 481 4639 non
499 4578 632 4641 videtur
650 4581 882 4657 incongruum,
938 4582 1040 4644 tionis
1048 4596 1146 4658 quam
1157 4579 1386 4657 suspensionis
1394 4580 1595 4643 sententiam
1604 4579 1737 4647 16616113

82 4671 184 4743 isica,
201 4688 276 4749 quoe
291 4688 359 4733 non
375 4675 549 4738 manifesta
562 4676 651 4738 dicta
663 4677 828 4749 videntur,
843 4678 884 4740 ad
940 4695 1044 4756 usqua
1060 4679 1101 4740 ad
1122 4678 1257 4753 dignam
1275 4676 1536 4739 satisfactionem
1553 4678 1735 4740 inviolabi-

81 4784 219 4831 omnem
229 4768 456 4846 ambiguitatis
465 4775 656 4851 scrupulum
666 4776 884 4839 amovendum
940 4776 1017 4839 liter
1034 4775 1217 4847 observari,
1235 4774 1329 4835 salva
1348 4774 1575 4836 moderatione
1596 4776 1735 4837 concilii

82 4866 276 4929 evidentius
296 4870 506 4945 exponantur
525 4872 558 4932 et
580 4871 807 4937 turbatoribus
827 4889 886 4935 ve·
940 4873 1117 4950 generalis.
1131 4872 1179 4933 Ad
1194 4872 1265 4933 haec
1277 4871 1371 4933 vobis
1387 4873 1600 4949 praesentium
1613 4874 1733 4934 aucto-

81 4963 197 5025 ritatis
217 4963 326 5026 omnis
345 4964 519 5028 auferatur
537 4968 811 5031 contradictionis
828 4985 886 5031 oo-
940 4972 1039 5032 ritate
1062 4970 1259 5030 mandamus
1283 4971 1383 5045 atque
1404 4969 1628 5046 praecipimus,
1651 4986 1735 5047 qua-

78 5060 190 5132 oasio,
211 5061 377 5138 quatenus
397 5076 449 5134 ea,
469 5066 543 5141 quae
568 5064 764 5138 dictasunt,
792 5066 885 5127 nulla
940 5070 1048 5139 tenus,
1074 5067 1194 5143 siquis
1215 5067 1251 5127 in
1273 5066 1449 5143 predictos
1473 5066 1594 5128 iratres
1615 5083 1736 5128 manus

77 5156 222 5218 valeant
245 5156 497 5221 obumbratione
526 5161 662 5223 fuscari.
688 5163 886 5240 Accepimus
940 5164 1105 5226 violentas
1127 5163 1293 5239 injecerit,
1316 5178 1392 5223 eum
1416 5164 1566 5225 accensis
1588 5163 1736 5225 candelis

77 5255 210 5323 autem,
228 5253 328 5330 quod,
344 5270 418 5315 cum
432 5256 563 5319 dilectis
579 5257 658 5319 tiliis
674 5259 834 5335 magistro
852 5260 886 5322 et
939 5262 1067 5324 tamdiu
1077 5261 1164 5323 sicut
1174 5261 1496 5321 excommunicatum
1510 5259 1639 5336 publica
1649 5276 1737 5322 nun·

75 5350 248 5411 statrihus
263 5349 381 5412 domus
395 5354 577 5431 Hospitalis
594 5356 626 5416 S.
643 5356 760 5427 Mariae
774 5357 886 5417 Thou·
941 5360 1037 5421 cietis
1051 5360 1084 5420 et
1096 5359 1227 5420 lactatis
1237 5357 1278 5419 ab
1294 5357 1446 5428 omnibus
1460 5357 1590 5419 cautius
1603 5359 1733 5432 evitari,

73 5448 275 5510 tonicorum
289 5448 584 5527 Hierosolymitani
597 5451 791 5514 duxerimus
804 5471 886 5515 con·
941 5457 1046 5519 donec
1076 5472 1221 5531 congrue
1253 5454 1439 5516 satisfaciat
1465 5455 1634 5531 praedictis
1666 5457 1736 5520 ira-

72 5543 285 5615 cedendum,
309 5546 345 5607 11
365 5546 405 5606 de
428 5546 609 5620 laboribus,
635 5566 717 5626 quos
739 5552 884 5628 propriis
939 5554 1045 5616 tribus
1073 5556 1206 5625 etcum
1233 5552 1353 5613 litteris
1379 5551 1562 5614 dioecesani
1588 5555 1736 5635 episcopi

69 5641 245 5707 manibus
269 5640 323 5701 vel
349 5644 533 5721 sumptibus
563 5647 731 5719 excolunt,
758 5648 883 5710 nemini
939 5651 990 5712 rei
1013 5651 1188 5713 veritatem
1213 5650 1461 5715 continentibus
1483 5654 1673 5731 apostolico
1699 5672 1735 5717 se
