<?xml version="1.0" encoding="UTF-8"?>
<!DOCTYPE html PUBLIC "-//W3C//DTD XHTML 1.0 Transitional//EN"
    "http://www.w3.org/TR/xhtml1/DTD/xhtml1-transitional.dtd">
<html xmlns="http://www.w3.org/1999/xhtml" xml:lang="en" lang="en">
 <head>
  <title>
</title>
<meta http-equiv="Content-Type" content="text/html;charset=utf-8" />
  <meta name='ocr-system' content='tesseract 3.04.00' />
  <meta name='ocr-capabilities' content='ocr_page ocr_carea ocr_par ocr_line ocrx_word'/>
</head>
<body>
  <div class='ocr_page' id='page_1' title='image "./mediiaevibiblio04bottgoog_0151.png"; bbox 0 0 3886 6214; ppageno 0'>
   <div class='ocr_carea' id='block_1_1' title="bbox 195 288 1840 355">
    <p class='ocr_par' dir='ltr' id='par_1_1' title="bbox 195 288 1840 355">
     <span class='ocr_line' id='line_1_1' title="bbox 195 288 1840 355; baseline 0 -6"><span class='ocrx_word' id='word_1_1' title='bbox 195 289 252 349; x_wconf 78' lang='grc'>271</span> <span class='ocrx_word' id='word_1_2' title='bbox 274 314 277 325; x_wconf 83' lang='lat'><em>.</em></span> <span class='ocrx_word' id='word_1_3' title='bbox 814 291 990 353; x_wconf 84' lang='lat' dir='ltr'><strong>HONORII</strong></span> <span class='ocrx_word' id='word_1_4' title='bbox 1013 293 1057 354; x_wconf 84' lang='lat'>111</span> <span class='ocrx_word' id='word_1_5' title='bbox 1078 293 1226 355; x_wconf 77' lang='lat' dir='ltr'><strong>OPERA·</strong></span> <span class='ocrx_word' id='word_1_6' title='bbox 1777 288 1840 349; x_wconf 82' lang='grc'>272</span> 
     </span>
    </p>
   </div>
   <div class='ocr_carea' id='block_1_2' title="bbox 146 446 1844 2114">
    <p class='ocr_par' dir='ltr' id='par_1_2' title="bbox 146 446 1840 1402">
     <span class='ocr_line' id='line_1_2' title="bbox 195 446 1836 527; baseline 0 -18"><span class='ocrx_word' id='word_1_7' title='bbox 195 447 986 527; x_wconf 76' lang='lat' dir='ltr'>venerabilibusfratribusarchiepiscopoSeno·</span> <span class='ocrx_word' id='word_1_8' title='bbox 1041 451 1163 513; x_wconf 89' lang='lat' dir='ltr'>nentils</span> <span class='ocrx_word' id='word_1_9' title='bbox 1185 449 1267 521; x_wconf 86' lang='lat' dir='ltr'>suis,</span> <span class='ocrx_word' id='word_1_10' title='bbox 1290 446 1424 511; x_wconf 87' lang='lat' dir='ltr'>etalias</span> <span class='ocrx_word' id='word_1_11' title='bbox 1445 446 1675 524; x_wconf 88' lang='lat' dir='ltr'>possessiones</span> <span class='ocrx_word' id='word_1_12' title='bbox 1693 447 1836 519; x_wconf 71' lang='lat' dir='ltr'>assuas,</span> 
     </span>
     <span class='ocr_line' id='line_1_3' title="bbox 146 544 1840 626; baseline 0.001 -20"><span class='ocrx_word' id='word_1_13' title='bbox 146 560 151 569; x_wconf 93' lang='lat'><strong>·</strong></span> <span class='ocrx_word' id='word_1_14' title='bbox 195 545 293 607; x_wconf 91' lang='lat' dir='ltr'>nensi</span> <span class='ocrx_word' id='word_1_15' title='bbox 309 546 342 606; x_wconf 93' lang='lat' dir='ltr'>et</span> <span class='ocrx_word' id='word_1_16' title='bbox 353 545 575 621; x_wconf 85' lang='lat' dir='ltr'>suffraganeis</span> <span class='ocrx_word' id='word_1_17' title='bbox 588 549 672 623; x_wconf 88' lang='lat' dir='ltr'>ejus,</span> <span class='ocrx_word' id='word_1_18' title='bbox 688 548 830 609; x_wconf 88' lang='lat' dir='ltr'>salutem</span> <span class='ocrx_word' id='word_1_19' title='bbox 841 550 876 609; x_wconf 91' lang='lat' dir='ltr'>et</span> <span class='ocrx_word' id='word_1_20' title='bbox 887 550 989 625; x_wconf 81' lang='lat' dir='ltr'>Apos-</span> <span class='ocrx_word' id='word_1_21' title='bbox 1042 565 1115 610; x_wconf 92' lang='lat' dir='ltr'>cum</span> <span class='ocrx_word' id='word_1_22' title='bbox 1129 548 1244 626; x_wconf 89' lang='lat' dir='ltr'>pratis,</span> <span class='ocrx_word' id='word_1_23' title='bbox 1257 546 1377 618; x_wconf 81' lang='lat' dir='ltr'>vineis,</span> <span class='ocrx_word' id='word_1_24' title='bbox 1393 546 1506 614; x_wconf 87' lang='lat' dir='ltr'>terris,</span> <span class='ocrx_word' id='word_1_25' title='bbox 1524 544 1729 617; x_wconf 89' lang='lat' dir='ltr'>nemoribus,</span> <span class='ocrx_word' id='word_1_26' title='bbox 1739 561 1840 607; x_wconf 87' lang='lat' dir='ltr'>usua-</span> 
     </span>
     <span class='ocr_line' id='line_1_4' title="bbox 195 642 1838 722; baseline -0.001 -18"><span class='ocrx_word' id='word_1_27' title='bbox 195 642 330 704; x_wconf 89' lang='lat' dir='ltr'>tolicam</span> <span class='ocrx_word' id='word_1_28' title='bbox 345 642 618 705; x_wconf 78' lang='lat' dir='ltr'>benedictionem.</span> <span class='ocrx_word' id='word_1_29' title='bbox 1042 645 1106 721; x_wconf 89' lang='lat' dir='ltr'>giis</span> <span class='ocrx_word' id='word_1_30' title='bbox 1121 649 1156 708; x_wconf 92' lang='lat' dir='ltr'>et</span> <span class='ocrx_word' id='word_1_31' title='bbox 1177 643 1311 722; x_wconf 87' lang='lat' dir='ltr'>pascuis</span> <span class='ocrx_word' id='word_1_32' title='bbox 1334 644 1369 705; x_wconf 91' lang='lat' dir='ltr'>in</span> <span class='ocrx_word' id='word_1_33' title='bbox 1391 642 1491 704; x_wconf 88' lang='lat' dir='ltr'>bosco</span> <span class='ocrx_word' id='word_1_34' title='bbox 1511 646 1544 705; x_wconf 91' lang='lat' dir='ltr'>et</span> <span class='ocrx_word' id='word_1_35' title='bbox 1562 643 1673 719; x_wconf 91' lang='lat' dir='ltr'>plano,</span> <span class='ocrx_word' id='word_1_36' title='bbox 1689 644 1725 704; x_wconf 92' lang='lat' dir='ltr'>iii</span> <span class='ocrx_word' id='word_1_37' title='bbox 1741 642 1838 719; x_wconf 88' lang='lat' dir='ltr'>aquis</span> 
     </span>
     <span class='ocr_line' id='line_1_5' title="bbox 235 739 1840 820; baseline 0 -20"><span class='ocrx_word' id='word_1_38' title='bbox 235 740 311 800; x_wconf 92' lang='lat' dir='ltr'>Non</span> <span class='ocrx_word' id='word_1_39' title='bbox 326 739 450 816; x_wconf 88' lang='lat' dir='ltr'>absque</span> <span class='ocrx_word' id='word_1_40' title='bbox 463 739 577 802; x_wconf 91' lang='lat' dir='ltr'>dolore</span> <span class='ocrx_word' id='word_1_41' title='bbox 591 742 745 805; x_wconf 88' lang='lat' dir='ltr'>cordiset</span> <span class='ocrx_word' id='word_1_42' title='bbox 759 742 903 820; x_wconf 89' lang='lat' dir='ltr'>plurima</span> <span class='ocrx_word' id='word_1_43' title='bbox 917 743 991 803; x_wconf 89' lang='lat' dir='ltr'>tur·</span> <span class='ocrx_word' id='word_1_44' title='bbox 1042 744 1076 804; x_wconf 87' lang='lat' dir='ltr'>et</span> <span class='ocrx_word' id='word_1_45' title='bbox 1099 740 1314 813; x_wconf 85' lang='lat' dir='ltr'>molendinis,</span> <span class='ocrx_word' id='word_1_46' title='bbox 1341 740 1377 802; x_wconf 93' lang='lat' dir='ltr'>in</span> <span class='ocrx_word' id='word_1_47' title='bbox 1408 740 1474 801; x_wconf 87' lang='lat' dir='ltr'>viis</span> <span class='ocrx_word' id='word_1_48' title='bbox 1488 742 1521 802; x_wconf 89' lang='lat' dir='ltr'>et</span> <span class='ocrx_word' id='word_1_49' title='bbox 1545 741 1684 812; x_wconf 85' lang='lat' dir='ltr'>semitis,</span> <span class='ocrx_word' id='word_1_50' title='bbox 1709 741 1743 801; x_wconf 90' lang='lat' dir='ltr'>et</span> <span class='ocrx_word' id='word_1_51' title='bbox 1766 755 1840 801; x_wconf 92' lang='lat' dir='ltr'>om-</span> 
     </span>
     <span class='ocr_line' id='line_1_6' title="bbox 195 834 1839 918; baseline 0.001 -22"><span class='ocrx_word' id='word_1_52' title='bbox 195 834 331 898; x_wconf 89' lang='lat' dir='ltr'>batione</span> <span class='ocrx_word' id='word_1_53' title='bbox 354 835 547 910; x_wconf 85' lang='lat' dir='ltr'>didicimus,</span> <span class='ocrx_word' id='word_1_54' title='bbox 577 839 662 916; x_wconf 92' lang='lat' dir='ltr'>quod</span> <span class='ocrx_word' id='word_1_55' title='bbox 687 839 734 902; x_wconf 90' lang='lat' dir='ltr'>ita</span> <span class='ocrx_word' id='word_1_56' title='bbox 760 840 796 901; x_wconf 92' lang='lat' dir='ltr'>in</span> <span class='ocrx_word' id='word_1_57' title='bbox 822 839 991 918; x_wconf 88' lang='lat' dir='ltr'>plerisque</span> <span class='ocrx_word' id='word_1_58' title='bbox 1043 839 1141 901; x_wconf 87' lang='lat' dir='ltr'>nibus</span> <span class='ocrx_word' id='word_1_59' title='bbox 1171 838 1249 901; x_wconf 91' lang='lat' dir='ltr'>aliis</span> <span class='ocrx_word' id='word_1_60' title='bbox 1278 836 1487 901; x_wconf 77' lang='lat' dir='ltr'>libertatibus</span> <span class='ocrx_word' id='word_1_61' title='bbox 1512 841 1547 899; x_wconf 89' lang='lat' dir='ltr'>et</span> <span class='ocrx_word' id='word_1_62' title='bbox 1570 835 1839 899; x_wconf 87' lang='lat' dir='ltr'>immunitatibus</span> 
     </span>
     <span class='ocr_line' id='line_1_7' title="bbox 195 932 1839 1011; baseline 0.002 -19"><span class='ocrx_word' id='word_1_63' title='bbox 195 932 346 1009; x_wconf 90' lang='lat' dir='ltr'>partibus</span> <span class='ocrx_word' id='word_1_64' title='bbox 368 933 597 995; x_wconf 89' lang='lat' dir='ltr'>ecclesiastica</span> <span class='ocrx_word' id='word_1_65' title='bbox 618 950 760 997; x_wconf 89' lang='lat' dir='ltr'>censura</span> <span class='ocrx_word' id='word_1_66' title='bbox 784 935 988 1007; x_wconf 83' lang='lat' dir='ltr'>dissolvitur,</span> <span class='ocrx_word' id='word_1_67' title='bbox 1044 937 1124 998; x_wconf 89' lang='lat' dir='ltr'>suis.</span> <span class='ocrx_word' id='word_1_68' title='bbox 1140 939 1227 999; x_wconf 90' lang='lat' dir='ltr'>Sane</span> <span class='ocrx_word' id='word_1_69' title='bbox 1241 935 1391 998; x_wconf 90' lang='lat' dir='ltr'>laborum</span> <span class='ocrx_word' id='word_1_70' title='bbox 1405 936 1592 997; x_wconf 88' lang='lat' dir='ltr'>vestrorum</span> <span class='ocrx_word' id='word_1_71' title='bbox 1604 934 1645 996; x_wconf 91' lang='lat' dir='ltr'>de</span> <span class='ocrx_word' id='word_1_72' title='bbox 1656 935 1839 1011; x_wconf 86' lang='lat' dir='ltr'>possessio·</span> 
     </span>
     <span class='ocr_line' id='line_1_8' title="bbox 196 1031 1839 1107; baseline 0.001 -17"><span class='ocrx_word' id='word_1_73' title='bbox 196 1033 275 1102; x_wconf 81' lang='lat' dir='ltr'>etc,</span> <span class='ocrx_word' id='word_1_74' title='bbox 291 1031 378 1097; x_wconf 72' lang='lat' dir='ltr'>min</span> <span class='ocrx_word' id='word_1_75' title='bbox 391 1033 487 1093; x_wconf 82' lang='lat' dir='ltr'>bullis</span> <span class='ocrx_word' id='word_1_76' title='bbox 500 1035 747 1106; x_wconf 66' lang='lat' dir='ltr'>superscribes.</span> <span class='ocrx_word' id='word_1_77' title='bbox 759 1033 876 1095; x_wconf 90' lang='lat' dir='ltr'>Datum</span> <span class='ocrx_word' id='word_1_78' title='bbox 888 1034 990 1094; x_wconf 85' lang='lat' dir='ltr'>Late-</span> <span class='ocrx_word' id='word_1_79' title='bbox 1044 1034 1142 1096; x_wconf 89' lang='lat' dir='ltr'>nibus</span> <span class='ocrx_word' id='word_1_80' title='bbox 1163 1033 1286 1096; x_wconf 89' lang='lat' dir='ltr'>habitis</span> <span class='ocrx_word' id='word_1_81' title='bbox 1307 1034 1385 1094; x_wconf 89' lang='lat' dir='ltr'>ante</span> <span class='ocrx_word' id='word_1_82' title='bbox 1407 1033 1593 1094; x_wconf 84' lang='lat' dir='ltr'>Concilium</span> <span class='ocrx_word' id='word_1_83' title='bbox 1613 1031 1781 1107; x_wconf 90' lang='lat' dir='ltr'>generale,</span> <span class='ocrx_word' id='word_1_84' title='bbox 1797 1046 1839 1091; x_wconf 91' lang='lat' dir='ltr'>ac</span> 
     </span>
     <span class='ocr_line' id='line_1_9' title="bbox 195 1127 1840 1209; baseline 0.001 -21"><span class='ocrx_word' id='word_1_85' title='bbox 195 1130 284 1199; x_wconf 88' lang='lat' dir='ltr'>rani,</span> <span class='ocrx_word' id='word_1_86' title='bbox 309 1130 368 1188; x_wconf 85' lang='lat' dir='ltr'>XV</span> <span class='ocrx_word' id='word_1_87' title='bbox 387 1127 548 1190; x_wconf 80' lang='lat' dir='ltr'>kalendas</span> <span class='ocrx_word' id='word_1_88' title='bbox 572 1128 750 1204; x_wconf 85' lang='lat' dir='ltr'>februarii,</span> <span class='ocrx_word' id='word_1_89' title='bbox 781 1130 991 1209; x_wconf 85' lang='lat' dir='ltr'>pontificatus</span> <span class='ocrx_word' id='word_1_90' title='bbox 1045 1132 1145 1194; x_wconf 87' lang='lat' dir='ltr'>etiam</span> <span class='ocrx_word' id='word_1_91' title='bbox 1167 1131 1348 1202; x_wconf 88' lang='lat' dir='ltr'>novalium,</span> <span class='ocrx_word' id='word_1_92' title='bbox 1363 1145 1436 1206; x_wconf 88' lang='lat' dir='ltr'>quaa</span> <span class='ocrx_word' id='word_1_93' title='bbox 1449 1129 1595 1206; x_wconf 88' lang='lat' dir='ltr'>propriis</span> <span class='ocrx_word' id='word_1_94' title='bbox 1612 1128 1766 1189; x_wconf 88' lang='lat' dir='ltr'>manibus</span> <span class='ocrx_word' id='word_1_95' title='bbox 1780 1128 1840 1189; x_wconf 86' lang='lat' dir='ltr'>aut</span> 
     </span>
     <span class='ocr_line' id='line_1_10' title="bbox 197 1222 1837 1305; baseline 0 -19"><span class='ocrx_word' id='word_1_96' title='bbox 197 1222 305 1286; x_wconf 80' lang='lat' dir='ltr'>nostri</span> <span class='ocrx_word' id='word_1_97' title='bbox 321 1241 410 1287; x_wconf 89' lang='lat' dir='ltr'>anno</span> <span class='ocrx_word' id='word_1_98' title='bbox 429 1225 580 1303; x_wconf 91' lang='lat' dir='ltr'>septimo.</span> <span class='ocrx_word' id='word_1_99' title='bbox 1045 1228 1229 1305; x_wconf 84' lang='lat' dir='ltr'>sumptibus</span> <span class='ocrx_word' id='word_1_100' title='bbox 1239 1227 1360 1299; x_wconf 74' lang='lat' dir='ltr'>calibs,</span> <span class='ocrx_word' id='word_1_101' title='bbox 1375 1227 1447 1288; x_wconf 82' lang='lat' dir='ltr'>sive</span> <span class='ocrx_word' id='word_1_102' title='bbox 1457 1226 1614 1287; x_wconf 86' lang='lat' dir='ltr'>debortis</span> <span class='ocrx_word' id='word_1_103' title='bbox 1626 1226 1660 1286; x_wconf 88' lang='lat' dir='ltr'>et</span> <span class='ocrx_word' id='word_1_104' title='bbox 1670 1224 1837 1300; x_wconf 83' lang='lat' dir='ltr'>virgultis,</span> 
     </span>
     <span class='ocr_line' id='line_1_11' title="bbox 1046 1321 1840 1402; baseline -0.008 -15"><span class='ocrx_word' id='word_1_105' title='bbox 1046 1326 1079 1387; x_wconf 92' lang='lat' dir='ltr'>et</span> <span class='ocrx_word' id='word_1_106' title='bbox 1104 1323 1344 1402; x_wconf 89' lang='lat' dir='ltr'>piscationibus</span> <span class='ocrx_word' id='word_1_107' title='bbox 1367 1324 1499 1396; x_wconf 81' lang='lat' dir='ltr'>vestiis,</span> <span class='ocrx_word' id='word_1_108' title='bbox 1521 1322 1576 1384; x_wconf 81' lang='lat' dir='ltr'>vel</span> <span class='ocrx_word' id='word_1_109' title='bbox 1598 1321 1840 1385; x_wconf 83' lang='lat' dir='ltr'>devestrorum</span> 
     </span>
    </p>

    <p class='ocr_par' dir='ltr' id='par_1_3' title="bbox 1046 1418 1841 1494">
     <span class='ocr_line' id='line_1_12' title="bbox 1046 1418 1841 1494; baseline -0.005 -11"><span class='ocrx_word' id='word_1_110' title='bbox 1046 1423 1240 1484; x_wconf 87' lang='lat' dir='ltr'>animalium</span> <span class='ocrx_word' id='word_1_111' title='bbox 1255 1421 1478 1494; x_wconf 88' lang='lat' dir='ltr'>nutrimentis,</span> <span class='ocrx_word' id='word_1_112' title='bbox 1503 1420 1614 1481; x_wconf 88' lang='lat' dir='ltr'>nullus</span> <span class='ocrx_word' id='word_1_113' title='bbox 1632 1436 1653 1482; x_wconf 91' lang='lat' dir='ltr'>a</span> <span class='ocrx_word' id='word_1_114' title='bbox 1673 1418 1841 1481; x_wconf 82' lang='lat' dir='ltr'>vobisde·</span> 
     </span>
    </p>

    <p class='ocr_par' dir='ltr' id='par_1_4' title="bbox 550 1517 1838 1615">
     <span class='ocr_line' id='line_1_13' title="bbox 550 1517 1838 1615; baseline -0.006 -31"><span class='ocrx_word' id='word_1_115' title='bbox 550 1528 639 1615; x_wconf 73' lang='lat' dir='ltr'>LIV</span> <span class='ocrx_word' id='word_1_116' title='bbox 1046 1520 1151 1581; x_wconf 88' lang='lat' dir='ltr'>cimas</span> <span class='ocrx_word' id='word_1_117' title='bbox 1179 1519 1315 1595; x_wconf 79' lang='lat' dir='ltr'>exigere</span> <span class='ocrx_word' id='word_1_118' title='bbox 1342 1518 1396 1580; x_wconf 83' lang='lat' dir='ltr'>vel</span> <span class='ocrx_word' id='word_1_119' title='bbox 1424 1518 1623 1595; x_wconf 79' lang='lat' dir='ltr'>extorquere</span> <span class='ocrx_word' id='word_1_120' title='bbox 1646 1517 1838 1593; x_wconf 79' lang='lat' dir='ltr'>praesumat</span> 
     </span>
    </p>

    <p class='ocr_par' dir='ltr' id='par_1_5' title="bbox 1047 1611 1841 1694">
     <span class='ocr_line' id='line_1_14' title="bbox 1047 1611 1841 1694; baseline -0.005 -16"><span class='ocrx_word' id='word_1_121' title='bbox 1047 1618 1162 1679; x_wconf 82' lang='lat' dir='ltr'>Liceat</span> <span class='ocrx_word' id='word_1_122' title='bbox 1175 1631 1305 1694; x_wconf 88' lang='lat' dir='ltr'>quoque</span> <span class='ocrx_word' id='word_1_123' title='bbox 1314 1614 1408 1678; x_wconf 74' lang='lat' dir='ltr'>uobis</span> <span class='ocrx_word' id='word_1_124' title='bbox 1420 1630 1580 1692; x_wconf 83' lang='lat' dir='ltr'>personas</span> <span class='ocrx_word' id='word_1_125' title='bbox 1594 1613 1719 1675; x_wconf 89' lang='lat' dir='ltr'>liberas</span> <span class='ocrx_word' id='word_1_126' title='bbox 1736 1611 1841 1675; x_wconf 90' lang='lat' dir='ltr'>etab-</span> 
     </span>
    </p>

    <p class='ocr_par' dir='ltr' id='par_1_6' title="bbox 198 1688 1842 1889">
     <span class='ocr_line' id='line_1_15' title="bbox 198 1688 1840 1788; baseline -0.004 -11"><span class='ocrx_word' id='word_1_127' title='bbox 198 1690 251 1751; x_wconf 63' lang='grc' dir='ltr'>Ᾰα</span> <span class='ocrx_word' id='word_1_128' title='bbox 263 1689 418 1751; x_wconf 82' lang='lat' dir='ltr'>abbatem</span> <span class='ocrx_word' id='word_1_129' title='bbox 438 1689 480 1750; x_wconf 56' lang='grc' dir='ltr'>αθ</span> <span class='ocrx_word' id='word_1_130' title='bbox 493 1688 607 1749; x_wconf 55' lang='grc' dir='ltr'><em>Ρθνω</em></span> <span class='ocrx_word' id='word_1_131' title='bbox 628 1690 733 1765; x_wconf 56' lang='lat'><strong><em>300¹*</em></strong></span> <span class='ocrx_word' id='word_1_132' title='bbox 754 1688 993 1751; x_wconf 58' lang='lat' dir='ltr'>cmm‘em</span> <span class='ocrx_word' id='word_1_133' title='bbox 1046 1714 1205 1777; x_wconf 87' lang='lat' dir='ltr'>solutase</span> <span class='ocrx_word' id='word_1_134' title='bbox 1218 1713 1342 1776; x_wconf 86' lang='lat' dir='ltr'>saeculo</span> <span class='ocrx_word' id='word_1_135' title='bbox 1356 1710 1574 1788; x_wconf 88' lang='lat' dir='ltr'>fugientesad</span> <span class='ocrx_word' id='word_1_136' title='bbox 1587 1710 1840 1773; x_wconf 84' lang='lat' dir='ltr'>conversionem</span> 
     </span>
     <span class='ocr_line' id='line_1_16' title="bbox 526 1788 1842 1889; baseline -0.005 -16"><span class='ocrx_word' id='word_1_137' title='bbox 526 1788 671 1849; x_wconf 52' lang='lat' dir='ltr'><strong><em>ommis·</em></strong></span> <span class='ocrx_word' id='word_1_138' title='bbox 1047 1812 1208 1889; x_wconf 86' lang='lat' dir='ltr'>recipere,</span> <span class='ocrx_word' id='word_1_139' title='bbox 1234 1826 1274 1872; x_wconf 90' lang='lat' dir='ltr'>ac</span> <span class='ocrx_word' id='word_1_140' title='bbox 1297 1825 1356 1872; x_wconf 87' lang='lat' dir='ltr'>eas</span> <span class='ocrx_word' id='word_1_141' title='bbox 1376 1808 1502 1886; x_wconf 83' lang='lat' dir='ltr'>absque</span> <span class='ocrx_word' id='word_1_142' title='bbox 1516 1808 1706 1870; x_wconf 90' lang='lat' dir='ltr'>conditione</span> <span class='ocrx_word' id='word_1_143' title='bbox 1727 1807 1842 1884; x_wconf 85' lang='lat' dir='ltr'>aliqua</span> 
     </span>
    </p>

    <p class='ocr_par' dir='ltr' id='par_1_7' title="bbox 457 1903 1844 1998">
     <span class='ocr_line' id='line_1_17' title="bbox 457 1903 1844 1998; baseline -0.004 -28"><span class='ocrx_word' id='word_1_144' title='bbox 457 1925 491 1984; x_wconf 73' lang='lat' dir='ltr'>ig</span> <span class='ocrx_word' id='word_1_145' title='bbox 507 1925 631 1998; x_wconf 83' lang='lat' dir='ltr'>januarii</span> <span class='ocrx_word' id='word_1_146' title='bbox 653 1924 731 1984; x_wconf 71' lang='lat'>1223,</span> <span class='ocrx_word' id='word_1_147' title='bbox 1047 1909 1204 1970; x_wconf 90' lang='lat' dir='ltr'>retinere.</span> <span class='ocrx_word' id='word_1_148' title='bbox 1230 1906 1451 1969; x_wconf 89' lang='lat' dir='ltr'>Probibemus</span> <span class='ocrx_word' id='word_1_149' title='bbox 1470 1906 1607 1982; x_wconf 89' lang='lat' dir='ltr'>insuper</span> <span class='ocrx_word' id='word_1_150' title='bbox 1625 1904 1661 1966; x_wconf 92' lang='lat' dir='ltr'>ut</span> <span class='ocrx_word' id='word_1_151' title='bbox 1683 1903 1768 1966; x_wconf 90' lang='lat' dir='ltr'>nulli</span> <span class='ocrx_word' id='word_1_152' title='bbox 1785 1918 1844 1964; x_wconf 90' lang='lat' dir='ltr'>so-</span> 
     </span>
    </p>

    <p class='ocr_par' dir='ltr' id='par_1_8' title="bbox 385 2001 1843 2114">
     <span class='ocr_line' id='line_1_18' title="bbox 385 2001 1843 2114; baseline -0.004 -47"><span class='ocrx_word' id='word_1_153' title='bbox 385 2048 480 2114; x_wconf 79' lang='lat' dir='ltr'>[Gabia</span> <span class='ocrx_word' id='word_1_154' title='bbox 500 2047 649 2106; x_wconf 70' lang='lat' dir='ltr'>sidenem,</span> <span class='ocrx_word' id='word_1_155' title='bbox 672 2048 715 2109; x_wconf 87' lang='lat' dir='ltr'>lv,</span> <span class='ocrx_word' id='word_1_156' title='bbox 737 2046 807 2113; x_wconf 77' lang='lat' dir='ltr'>tis]</span> <span class='ocrx_word' id='word_1_157' title='bbox 1047 2022 1161 2069; x_wconf 89' lang='lat' dir='ltr'>rorum</span> <span class='ocrx_word' id='word_1_158' title='bbox 1186 2006 1393 2076; x_wconf 85' lang='lat' dir='ltr'>vestrarum,</span> <span class='ocrx_word' id='word_1_159' title='bbox 1422 2004 1496 2080; x_wconf 89' lang='lat' dir='ltr'>post</span> <span class='ocrx_word' id='word_1_160' title='bbox 1525 2002 1647 2064; x_wconf 91' lang='lat' dir='ltr'>factam</span> <span class='ocrx_word' id='word_1_161' title='bbox 1666 2001 1702 2063; x_wconf 92' lang='lat' dir='ltr'>in</span> <span class='ocrx_word' id='word_1_162' title='bbox 1729 2004 1843 2062; x_wconf 80' lang='lat' dir='ltr'>vestro</span> 
     </span>
    </p>
   </div>
   <div class='ocr_carea' id='block_1_3' title="bbox 200 2098 1847 2270">
    <p class='ocr_par' dir='ltr' id='par_1_9' title="bbox 200 2098 1847 2270">
     <span class='ocr_line' id='line_1_19' title="bbox 297 2098 1847 2187; baseline -0.013 -8"><span class='ocrx_word' id='word_1_163' title='bbox 297 2174 302 2187; x_wconf 86' lang='grc'><strong>,</strong></span> <span class='ocrx_word' id='word_1_164' title='bbox 543 2173 550 2186; x_wconf 82' lang='grc'><strong>,</strong></span> <span class='ocrx_word' id='word_1_165' title='bbox 574 2173 579 2186; x_wconf 82' lang='grc'>,</span> <span class='ocrx_word' id='word_1_166' title='bbox 627 2172 632 2183; x_wconf 86' lang='grc'>,</span> <span class='ocrx_word' id='word_1_167' title='bbox 862 2172 868 2184; x_wconf 69' lang='grc'><em>,</em></span> <span class='ocrx_word' id='word_1_168' title='bbox 1048 2102 1250 2165; x_wconf 87' lang='lat' dir='ltr'>monasterio</span> <span class='ocrx_word' id='word_1_169' title='bbox 1265 2101 1515 2180; x_wconf 83' lang='lat' dir='ltr'>professionem,</span> <span class='ocrx_word' id='word_1_170' title='bbox 1531 2099 1580 2161; x_wconf 88' lang='lat' dir='ltr'>fas</span> <span class='ocrx_word' id='word_1_171' title='bbox 1595 2100 1639 2161; x_wconf 92' lang='lat' dir='ltr'>sit</span> <span class='ocrx_word' id='word_1_172' title='bbox 1652 2098 1847 2165; x_wconf 89' lang='lat' dir='ltr'>sineabba-</span> 
     </span>
     <span class='ocr_line' id='line_1_20' title="bbox 200 2170 1842 2270; baseline -0.014 -36"><span class='ocrx_word' id='word_1_173' title='bbox 200 2173 330 2234; x_wconf 73' lang='lat' dir='ltr'>abbatis</span> <span class='ocrx_word' id='word_1_174' title='bbox 345 2174 460 2232; x_wconf 86' lang='lat' dir='ltr'>tutelam</span> <span class='ocrx_word' id='word_1_175' title='bbox 476 2180 594 2246; x_wconf 77' lang='lat' dir='ltr'>suscipit</span> <span class='ocrx_word' id='word_1_176' title='bbox 608 2187 726 2245; x_wconf 72' lang='lat' dir='ltr'>eiusque</span> <span class='ocrx_word' id='word_1_177' title='bbox 737 2186 839 2231; x_wconf 88' lang='lat' dir='ltr'>omnes</span> <span class='ocrx_word' id='word_1_178' title='bbox 850 2170 995 2229; x_wconf 81' lang='lat' dir='ltr'>libertates</span> <span class='ocrx_word' id='word_1_179' title='bbox 1048 2201 1140 2263; x_wconf 58' lang='lat' dir='ltr'><strong>tissae</strong></span> <span class='ocrx_word' id='word_1_180' title='bbox 1154 2216 1223 2261; x_wconf 69' lang='lat' dir='ltr'>suae</span> <span class='ocrx_word' id='word_1_181' title='bbox 1237 2199 1372 2261; x_wconf 60' lang='lat' dir='ltr'>licentia</span> <span class='ocrx_word' id='word_1_182' title='bbox 1385 2199 1426 2259; x_wconf 63' lang='lat' dir='ltr'>de</span> <span class='ocrx_word' id='word_1_183' title='bbox 1437 2198 1553 2259; x_wconf 64' lang='lat' dir='ltr'>eodem</span> <span class='ocrx_word' id='word_1_184' title='bbox 1566 2197 1639 2259; x_wconf 64' lang='lat' dir='ltr'>loco</span> <span class='ocrx_word' id='word_1_185' title='bbox 1649 2197 1842 2270; x_wconf 52' lang='lat' dir='ltr'>discedam</span> 
     </span>
    </p>
   </div>
   <div class='ocr_carea' id='block_1_4' title="bbox 201 2258 1847 3062">
    <p class='ocr_par' dir='ltr' id='par_1_10' title="bbox 201 2258 1847 3062">
     <span class='ocr_line' id='line_1_21' title="bbox 236 2258 1846 2373; baseline -0.006 -53"><span class='ocrx_word' id='word_1_186' title='bbox 236 2258 993 2333; x_wconf 77' lang='lat' dir='ltr'>etimmunitatesauctor-iteteltpostoliceconfirmet.</span> <span class='ocrx_word' id='word_1_187' title='bbox 1049 2298 1271 2360; x_wconf 57' lang='lat' dir='ltr'>discedentem</span> <span class='ocrx_word' id='word_1_188' title='bbox 1294 2311 1374 2358; x_wconf 50' lang='lat' dir='ltr'>voro</span> <span class='ocrx_word' id='word_1_189' title='bbox 1395 2295 1522 2373; x_wconf 60' lang='lat' dir='ltr'>absque</span> <span class='ocrx_word' id='word_1_190' title='bbox 1542 2295 1769 2357; x_wconf 60' lang='lat' dir='ltr'>communium</span> <span class='ocrx_word' id='word_1_191' title='bbox 1785 2294 1846 2354; x_wconf 51' lang='lat' dir='ltr'><strong>lit-</strong></span> 
     </span>
     <span class='ocr_line' id='line_1_22' title="bbox 240 2391 1846 2474; baseline -0.006 -13"><span class='ocrx_word' id='word_1_192' title='bbox 240 2395 994 2474; x_wconf 78' lang='lat' dir='ltr'>Honoriusepiscopus,servassemorumbei,</span> <span class='ocrx_word' id='word_1_193' title='bbox 1049 2399 1194 2457; x_wconf 86' lang='lat' dir='ltr'>terarum</span> <span class='ocrx_word' id='word_1_194' title='bbox 1210 2396 1399 2456; x_wconf 82' lang='lat' dir='ltr'>vestrarum</span> <span class='ocrx_word' id='word_1_195' title='bbox 1418 2392 1572 2454; x_wconf 89' lang='lat' dir='ltr'>cautione</span> <span class='ocrx_word' id='word_1_196' title='bbox 1595 2392 1707 2453; x_wconf 91' lang='lat' dir='ltr'>nullus</span> <span class='ocrx_word' id='word_1_197' title='bbox 1722 2391 1846 2452; x_wconf 90' lang='lat' dir='ltr'>audeat</span> 
     </span>
     <span class='ocr_line' id='line_1_23' title="bbox 202 2489 1846 2560; baseline -0.005 -3"><span class='ocrx_word' id='word_1_198' title='bbox 202 2495 332 2558; x_wconf 91' lang='lat' dir='ltr'>dilectis</span> <span class='ocrx_word' id='word_1_199' title='bbox 345 2497 380 2556; x_wconf 91' lang='lat' dir='ltr'>iii</span> <span class='ocrx_word' id='word_1_200' title='bbox 389 2494 519 2556; x_wconf 89' lang='lat' dir='ltr'>Christo</span> <span class='ocrx_word' id='word_1_201' title='bbox 529 2492 661 2555; x_wconf 84' lang='lat' dir='ltr'>filiabus</span> <span class='ocrx_word' id='word_1_202' title='bbox 671 2491 847 2553; x_wconf 77' lang='lat' dir='ltr'>abbatissae</span> <span class='ocrx_word' id='word_1_203' title='bbox 860 2507 997 2553; x_wconf 92' lang='lat' dir='ltr'>monas-</span> <span class='ocrx_word' id='word_1_204' title='bbox 1050 2492 1207 2560; x_wconf 87' lang='lat' dir='ltr'>retinere,</span> <span class='ocrx_word' id='word_1_205' title='bbox 1242 2491 1325 2552; x_wconf 92' lang='lat' dir='ltr'>illud</span> <span class='ocrx_word' id='word_1_206' title='bbox 1352 2490 1535 2552; x_wconf 84' lang='lat' dir='ltr'>districtius</span> <span class='ocrx_word' id='word_1_207' title='bbox 1566 2489 1776 2560; x_wconf 87' lang='lat' dir='ltr'>inhibentes,</span> <span class='ocrx_word' id='word_1_208' title='bbox 1801 2503 1846 2548; x_wconf 91' lang='lat' dir='ltr'>ne</span> 
     </span>
     <span class='ocr_line' id='line_1_24' title="bbox 201 2585 1845 2667; baseline -0.006 -11"><span class='ocrx_word' id='word_1_209' title='bbox 201 2594 280 2657; x_wconf 87' lang='lat' dir='ltr'>terii</span> <span class='ocrx_word' id='word_1_210' title='bbox 303 2594 345 2655; x_wconf 90' lang='lat' dir='ltr'>de</span> <span class='ocrx_word' id='word_1_211' title='bbox 366 2594 468 2654; x_wconf 83' lang='lat' dir='ltr'>Portu</span> <span class='ocrx_word' id='word_1_212' title='bbox 487 2591 588 2667; x_wconf 88' lang='lat' dir='ltr'>Regis</span> <span class='ocrx_word' id='word_1_213' title='bbox 611 2589 840 2651; x_wconf 87' lang='lat' dir='ltr'>cisterciensis</span> <span class='ocrx_word' id='word_1_214' title='bbox 855 2589 994 2660; x_wconf 90' lang='lat' dir='ltr'>ordinis,</span> <span class='ocrx_word' id='word_1_215' title='bbox 1050 2592 1157 2653; x_wconf 86' lang='lat' dir='ltr'>terras</span> <span class='ocrx_word' id='word_1_216' title='bbox 1183 2604 1242 2651; x_wconf 92' lang='lat' dir='ltr'>seu</span> <span class='ocrx_word' id='word_1_217' title='bbox 1268 2587 1437 2666; x_wconf 84' lang='lat' dir='ltr'>quodlibet</span> <span class='ocrx_word' id='word_1_218' title='bbox 1460 2587 1657 2649; x_wconf 83' lang='lat' dir='ltr'>beneficium</span> <span class='ocrx_word' id='word_1_219' title='bbox 1693 2585 1845 2649; x_wconf 83' lang='lat' dir='ltr'>ecclesiae</span> 
     </span>
     <span class='ocr_line' id='line_1_25' title="bbox 202 2683 1846 2769; baseline -0.006 -16"><span class='ocrx_word' id='word_1_220' title='bbox 202 2694 342 2769; x_wconf 83' lang='lat' dir='ltr'>ejusque</span> <span class='ocrx_word' id='word_1_221' title='bbox 361 2687 544 2761; x_wconf 89' lang='lat' dir='ltr'>sororibus,</span> <span class='ocrx_word' id='word_1_222' title='bbox 568 2689 637 2750; x_wconf 90' lang='lat' dir='ltr'>tam</span> <span class='ocrx_word' id='word_1_223' title='bbox 663 2685 883 2764; x_wconf 85' lang='lat' dir='ltr'>praesentibus</span> <span class='ocrx_word' id='word_1_224' title='bbox 897 2700 996 2763; x_wconf 89' lang='lat' dir='ltr'>quain</span> <span class='ocrx_word' id='word_1_225' title='bbox 1050 2689 1170 2749; x_wconf 75' lang='lat' dir='ltr'>vestra</span> <span class='ocrx_word' id='word_1_226' title='bbox 1191 2687 1365 2759; x_wconf 91' lang='lat' dir='ltr'>collatum,</span> <span class='ocrx_word' id='word_1_227' title='bbox 1381 2686 1481 2747; x_wconf 87' lang='lat' dir='ltr'>liceat</span> <span class='ocrx_word' id='word_1_228' title='bbox 1501 2684 1602 2745; x_wconf 90' lang='lat' dir='ltr'>alicui</span> <span class='ocrx_word' id='word_1_229' title='bbox 1622 2683 1846 2760; x_wconf 83' lang='lat' dir='ltr'>personaliter</span> 
     </span>
     <span class='ocr_line' id='line_1_26' title="bbox 203 2780 1847 2863; baseline -0.007 -12"><span class='ocrx_word' id='word_1_230' title='bbox 203 2788 338 2856; x_wconf 84' lang='lat' dir='ltr'>futuris,</span> <span class='ocrx_word' id='word_1_231' title='bbox 354 2787 542 2863; x_wconf 77' lang='lat' dir='ltr'>regularem</span> <span class='ocrx_word' id='word_1_232' title='bbox 554 2785 657 2847; x_wconf 82' lang='lat' dir='ltr'>vitam</span> <span class='ocrx_word' id='word_1_233' title='bbox 671 2783 842 2860; x_wconf 86' lang='lat' dir='ltr'>professis.</span> <span class='ocrx_word' id='word_1_234' title='bbox 1051 2785 1137 2858; x_wconf 89' lang='lat' dir='ltr'>dari,</span> <span class='ocrx_word' id='word_1_235' title='bbox 1160 2784 1231 2845; x_wconf 80' lang='lat' dir='ltr'>sive</span> <span class='ocrx_word' id='word_1_236' title='bbox 1250 2783 1317 2846; x_wconf 93' lang='lat' dir='ltr'>alio</span> <span class='ocrx_word' id='word_1_237' title='bbox 1340 2782 1437 2845; x_wconf 91' lang='lat' dir='ltr'>modo</span> <span class='ocrx_word' id='word_1_238' title='bbox 1453 2781 1595 2844; x_wconf 89' lang='lat' dir='ltr'>alienari</span> <span class='ocrx_word' id='word_1_239' title='bbox 1616 2780 1740 2857; x_wconf 84' lang='lat' dir='ltr'>absque</span> <span class='ocrx_word' id='word_1_240' title='bbox 1763 2796 1847 2841; x_wconf 88' lang='lat' dir='ltr'>con-</span> 
     </span>
     <span class='ocr_line' id='line_1_27' title="bbox 244 2877 1845 2959; baseline -0.006 -12"><span class='ocrx_word' id='word_1_241' title='bbox 244 2888 282 2947; x_wconf 90' lang='lat' dir='ltr'>ln</span> <span class='ocrx_word' id='word_1_242' title='bbox 302 2884 432 2947; x_wconf 84' lang='lat' dir='ltr'>Christo</span> <span class='ocrx_word' id='word_1_243' title='bbox 449 2883 642 2959; x_wconf 80' lang='lat' dir='ltr'>religiosam</span> <span class='ocrx_word' id='word_1_244' title='bbox 669 2882 772 2942; x_wconf 84' lang='lat' dir='ltr'>vitam</span> <span class='ocrx_word' id='word_1_245' title='bbox 796 2878 997 2956; x_wconf 89' lang='lat' dir='ltr'>eligentibus</span> <span class='ocrx_word' id='word_1_246' title='bbox 1051 2898 1152 2944; x_wconf 89' lang='lat' dir='ltr'>sensu</span> <span class='ocrx_word' id='word_1_247' title='bbox 1175 2880 1278 2944; x_wconf 91' lang='lat' dir='ltr'>totins</span> <span class='ocrx_word' id='word_1_248' title='bbox 1300 2880 1454 2957; x_wconf 90' lang='lat' dir='ltr'>capituli,</span> <span class='ocrx_word' id='word_1_249' title='bbox 1477 2879 1533 2942; x_wconf 82' lang='lat' dir='ltr'>vei</span> <span class='ocrx_word' id='word_1_250' title='bbox 1553 2877 1690 2956; x_wconf 86' lang='lat' dir='ltr'>majoris</span> <span class='ocrx_word' id='word_1_251' title='bbox 1706 2880 1763 2940; x_wconf 90' lang='lat' dir='ltr'>aut</span> <span class='ocrx_word' id='word_1_252' title='bbox 1783 2893 1845 2938; x_wconf 88' lang='lat' dir='ltr'>sa·</span> 
     </span>
     <span class='ocr_line' id='line_1_28' title="bbox 204 2970 1846 3062; baseline -0.007 -15"><span class='ocrx_word' id='word_1_253' title='bbox 204 2982 432 3062; x_wconf 77' lang='lat' dir='ltr'>apostolicum</span> <span class='ocrx_word' id='word_1_254' title='bbox 459 2979 615 3043; x_wconf 79' lang='lat' dir='ltr'>convenit</span> <span class='ocrx_word' id='word_1_255' title='bbox 641 2978 760 3040; x_wconf 91' lang='lat' dir='ltr'>adesse</span> <span class='ocrx_word' id='word_1_256' title='bbox 784 2977 996 3055; x_wconf 72' lang='lat' dir='ltr'>presidium,</span> <span class='ocrx_word' id='word_1_257' title='bbox 1052 2970 1157 3043; x_wconf 89' lang='lat' dir='ltr'>iiioris</span> <span class='ocrx_word' id='word_1_258' title='bbox 1172 2978 1275 3056; x_wconf 87' lang='lat' dir='ltr'>partis</span> <span class='ocrx_word' id='word_1_259' title='bbox 1285 2978 1402 3055; x_wconf 88' lang='lat' dir='ltr'>ipsius.</span> <span class='ocrx_word' id='word_1_260' title='bbox 1420 2976 1454 3038; x_wconf 87' lang='lat' dir='ltr'>si</span> <span class='ocrx_word' id='word_1_261' title='bbox 1470 2991 1544 3054; x_wconf 90' lang='lat' dir='ltr'>quse</span> <span class='ocrx_word' id='word_1_262' title='bbox 1558 2991 1637 3037; x_wconf 84' lang='lat' dir='ltr'>vero</span> <span class='ocrx_word' id='word_1_263' title='bbox 1647 2975 1846 3037; x_wconf 91' lang='lat' dir='ltr'>donationes</span> 
     </span>
    </p>
   </div>
   <div class='ocr_carea' id='block_1_5' title="bbox 203 3072 1942 3252">
    <p class='ocr_par' dir='ltr' id='par_1_11' title="bbox 203 3072 1942 3252">
     <span class='ocr_line' id='line_1_29' title="bbox 203 3072 1942 3156; baseline -0.005 -14"><span class='ocrx_word' id='word_1_264' title='bbox 203 3078 361 3142; x_wconf 85' lang='lat' dir='ltr'>neforto</span> <span class='ocrx_word' id='word_1_265' title='bbox 390 3076 568 3156; x_wconf 88' lang='lat' dir='ltr'>cujuslibet</span> <span class='ocrx_word' id='word_1_266' title='bbox 598 3073 795 3138; x_wconf 89' lang='lat' dir='ltr'>temeritatis</span> <span class='ocrx_word' id='word_1_267' title='bbox 828 3074 996 3146; x_wconf 88' lang='lat' dir='ltr'>incursus,</span> <span class='ocrx_word' id='word_1_268' title='bbox 1051 3077 1105 3141; x_wconf 85' lang='lat' dir='ltr'>vel</span> <span class='ocrx_word' id='word_1_269' title='bbox 1139 3075 1359 3139; x_wconf 86' lang='lat' dir='ltr'>alienationes</span> <span class='ocrx_word' id='word_1_270' title='bbox 1389 3074 1490 3136; x_wconf 88' lang='lat' dir='ltr'>aliter</span> <span class='ocrx_word' id='word_1_271' title='bbox 1514 3088 1613 3152; x_wconf 90' lang='lat' dir='ltr'>quam</span> <span class='ocrx_word' id='word_1_272' title='bbox 1635 3072 1762 3134; x_wconf 89' lang='lat' dir='ltr'>dictum</span> <span class='ocrx_word' id='word_1_273' title='bbox 1792 3072 1847 3134; x_wconf 87' lang='lat' dir='ltr'>est</span> <span class='ocrx_word' id='word_1_274' title='bbox 1941 3122 1942 3141; x_wconf 70' lang='lat'>,</span> 
     </span>
     <span class='ocr_line' id='line_1_30' title="bbox 204 3170 1942 3252; baseline -0.006 -12"><span class='ocrx_word' id='word_1_275' title='bbox 204 3180 362 3240; x_wconf 89' lang='lat' dir='ltr'>auteasa</span> <span class='ocrx_word' id='word_1_276' title='bbox 378 3174 546 3252; x_wconf 90' lang='lat' dir='ltr'>proposito</span> <span class='ocrx_word' id='word_1_277' title='bbox 560 3173 704 3244; x_wconf 81' lang='lat' dir='ltr'>revocet,</span> <span class='ocrx_word' id='word_1_278' title='bbox 717 3171 898 3240; x_wconf 88' lang='lat' dir='ltr'>autrobur,</span> <span class='ocrx_word' id='word_1_279' title='bbox 912 3170 998 3247; x_wconf 87' lang='lat' dir='ltr'>quod</span> <span class='ocrx_word' id='word_1_280' title='bbox 1051 3175 1148 3237; x_wconf 77' lang='lat' dir='ltr'>facta</span> <span class='ocrx_word' id='word_1_281' title='bbox 1171 3172 1304 3244; x_wconf 85' lang='lat' dir='ltr'>fuerint,</span> <span class='ocrx_word' id='word_1_282' title='bbox 1327 3187 1385 3233; x_wconf 89' lang='lat' dir='ltr'>eas</span> <span class='ocrx_word' id='word_1_283' title='bbox 1414 3170 1528 3233; x_wconf 86' lang='lat' dir='ltr'>irritas</span> <span class='ocrx_word' id='word_1_284' title='bbox 1555 3185 1630 3232; x_wconf 88' lang='lat' dir='ltr'>esse</span> <span class='ocrx_word' id='word_1_285' title='bbox 1658 3185 1845 3231; x_wconf 89' lang='lat' dir='ltr'>censemus.</span> <span class='ocrx_word' id='word_1_286' title='bbox 1940 3176 1942 3213; x_wconf 74' lang='lat' dir='ltr'>t</span> 
     </span>
    </p>
   </div>
   <div class='ocr_carea' id='block_1_6' title="bbox 204 3267 1852 4129">
    <p class='ocr_par' dir='ltr' id='par_1_12' title="bbox 204 3267 1852 4129">
     <span class='ocr_line' id='line_1_31' title="bbox 204 3267 1845 3349; baseline -0.005 -12"><span class='ocrx_word' id='word_1_287' title='bbox 204 3273 302 3347; x_wconf 92' lang='lat' dir='ltr'>absit,</span> <span class='ocrx_word' id='word_1_288' title='bbox 314 3271 600 3347; x_wconf 84' lang='lat' dir='ltr'>sacraereligionis</span> <span class='ocrx_word' id='word_1_289' title='bbox 614 3269 786 3345; x_wconf 85' lang='lat' dir='ltr'>infringat.</span> <span class='ocrx_word' id='word_1_290' title='bbox 803 3269 997 3345; x_wconf 77' lang='lat' dir='ltr'>Eapropter,</span> <span class='ocrx_word' id='word_1_291' title='bbox 1053 3275 1191 3349; x_wconf 89' lang='lat' dir='ltr'>Insuper</span> <span class='ocrx_word' id='word_1_292' title='bbox 1213 3269 1411 3332; x_wconf 87' lang='lat' dir='ltr'>auctoritate</span> <span class='ocrx_word' id='word_1_293' title='bbox 1433 3268 1624 3345; x_wconf 79' lang='lat' dir='ltr'>Apostolica</span> <span class='ocrx_word' id='word_1_294' title='bbox 1644 3267 1845 3335; x_wconf 80' lang='lat' dir='ltr'>inhibemus,</span> 
     </span>
     <span class='ocr_line' id='line_1_32' title="bbox 205 3364 1847 3444; baseline -0.004 -12"><span class='ocrx_word' id='word_1_295' title='bbox 205 3371 340 3433; x_wconf 88' lang='lat' dir='ltr'>dilectae</span> <span class='ocrx_word' id='word_1_296' title='bbox 359 3370 396 3431; x_wconf 91' lang='lat' dir='ltr'>in</span> <span class='ocrx_word' id='word_1_297' title='bbox 413 3368 544 3430; x_wconf 86' lang='lat' dir='ltr'>Christo</span> <span class='ocrx_word' id='word_1_298' title='bbox 560 3367 649 3439; x_wconf 86' lang='lat' dir='ltr'>tiliae,</span> <span class='ocrx_word' id='word_1_299' title='bbox 665 3366 786 3428; x_wconf 84' lang='lat' dir='ltr'>vestris</span> <span class='ocrx_word' id='word_1_300' title='bbox 796 3364 898 3441; x_wconf 84' lang='lat' dir='ltr'>justis</span> <span class='ocrx_word' id='word_1_301' title='bbox 917 3380 998 3440; x_wconf 93' lang='lat' dir='ltr'>pos·</span> <span class='ocrx_word' id='word_1_302' title='bbox 1053 3385 1096 3430; x_wconf 93' lang='lat' dir='ltr'>ne</span> <span class='ocrx_word' id='word_1_303' title='bbox 1108 3368 1382 3444; x_wconf 89' lang='lat' dir='ltr'>ullusepiscopus</span> <span class='ocrx_word' id='word_1_304' title='bbox 1393 3366 1446 3428; x_wconf 80' lang='lat' dir='ltr'>vel</span> <span class='ocrx_word' id='word_1_305' title='bbox 1457 3365 1688 3443; x_wconf 86' lang='lat' dir='ltr'>quaelibctalia</span> <span class='ocrx_word' id='word_1_306' title='bbox 1703 3379 1847 3441; x_wconf 91' lang='lat' dir='ltr'>persona</span> 
     </span>
     <span class='ocr_line' id='line_1_33' title="bbox 204 3461 1845 3542; baseline -0.003 -14"><span class='ocrx_word' id='word_1_307' title='bbox 204 3464 422 3529; x_wconf 80' lang='lat' dir='ltr'>inlationibus</span> <span class='ocrx_word' id='word_1_308' title='bbox 448 3463 631 3524; x_wconf 89' lang='lat' dir='ltr'>clementer</span> <span class='ocrx_word' id='word_1_309' title='bbox 653 3461 843 3532; x_wconf 85' lang='lat' dir='ltr'>annuimus,</span> <span class='ocrx_word' id='word_1_310' title='bbox 861 3462 894 3522; x_wconf 90' lang='lat' dir='ltr'>et</span> <span class='ocrx_word' id='word_1_311' title='bbox 908 3476 998 3537; x_wconf 84' lang='lat' dir='ltr'>prae-</span> <span class='ocrx_word' id='word_1_312' title='bbox 1053 3466 1094 3527; x_wconf 87' lang='lat' dir='ltr'>nd</span> <span class='ocrx_word' id='word_1_313' title='bbox 1116 3465 1259 3542; x_wconf 88' lang='lat' dir='ltr'>synodos</span> <span class='ocrx_word' id='word_1_314' title='bbox 1274 3464 1327 3526; x_wconf 81' lang='lat' dir='ltr'>vel</span> <span class='ocrx_word' id='word_1_315' title='bbox 1343 3466 1526 3526; x_wconf 89' lang='lat' dir='ltr'>conventus</span> <span class='ocrx_word' id='word_1_316' title='bbox 1545 3462 1696 3525; x_wconf 83' lang='lat' dir='ltr'>forenses</span> <span class='ocrx_word' id='word_1_317' title='bbox 1710 3476 1770 3524; x_wconf 75' lang='lat' dir='ltr'>ros</span> <span class='ocrx_word' id='word_1_318' title='bbox 1782 3463 1845 3534; x_wconf 89' lang='lat' dir='ltr'>ire,</span> 
     </span>
     <span class='ocr_line' id='line_1_34' title="bbox 205 3557 1846 3641; baseline -0.012 -15"><span class='ocrx_word' id='word_1_319' title='bbox 205 3564 311 3626; x_wconf 85' lang='lat' dir='ltr'>fatum</span> <span class='ocrx_word' id='word_1_320' title='bbox 333 3560 571 3623; x_wconf 88' lang='lat' dir='ltr'>monasterium</span> <span class='ocrx_word' id='word_1_321' title='bbox 600 3560 729 3620; x_wconf 82' lang='lat' dir='ltr'>Sanctae</span> <span class='ocrx_word' id='word_1_322' title='bbox 749 3559 809 3619; x_wconf 90' lang='lat' dir='ltr'>Dei</span> <span class='ocrx_word' id='word_1_323' title='bbox 822 3557 1000 3620; x_wconf 81' lang='lat' dir='ltr'>Genitricis</span> <span class='ocrx_word' id='word_1_324' title='bbox 1052 3563 1106 3625; x_wconf 69' lang='lat' dir='ltr'>vel</span> <span class='ocrx_word' id='word_1_325' title='bbox 1117 3562 1244 3641; x_wconf 76' lang='lat' dir='ltr'>Judieio</span> <span class='ocrx_word' id='word_1_326' title='bbox 1259 3561 1415 3623; x_wconf 76' lang='lat' dir='ltr'>saeculari</span> <span class='ocrx_word' id='word_1_327' title='bbox 1429 3561 1470 3623; x_wconf 68' lang='lat' dir='ltr'>de</span> <span class='ocrx_word' id='word_1_328' title='bbox 1484 3561 1595 3622; x_wconf 68' lang='lat' dir='ltr'>vestra</span> <span class='ocrx_word' id='word_1_329' title='bbox 1610 3560 1746 3637; x_wconf 67' lang='lat' dir='ltr'>propria</span> <span class='ocrx_word' id='word_1_330' title='bbox 1761 3559 1846 3620; x_wconf 52' lang='grc' dir='ltr'>θιὼ.</span> 
     </span>
     <span class='ocr_line' id='line_1_35' title="bbox 207 3655 1848 3736; baseline -0.004 -12"><span class='ocrx_word' id='word_1_331' title='bbox 207 3662 242 3724; x_wconf 89' lang='lat' dir='ltr'>et</span> <span class='ocrx_word' id='word_1_332' title='bbox 264 3660 412 3736; x_wconf 87' lang='lat' dir='ltr'>Virginis</span> <span class='ocrx_word' id='word_1_333' title='bbox 432 3657 549 3719; x_wconf 89' lang='lat' dir='ltr'>Mariae</span> <span class='ocrx_word' id='word_1_334' title='bbox 566 3656 607 3717; x_wconf 90' lang='lat' dir='ltr'>de</span> <span class='ocrx_word' id='word_1_335' title='bbox 629 3658 732 3718; x_wconf 90' lang='lat' dir='ltr'>Portu</span> <span class='ocrx_word' id='word_1_336' title='bbox 751 3655 864 3731; x_wconf 90' lang='lat' dir='ltr'>Regis,</span> <span class='ocrx_word' id='word_1_337' title='bbox 885 3655 921 3715; x_wconf 91' lang='lat' dir='ltr'>iii</span> <span class='ocrx_word' id='word_1_338' title='bbox 935 3670 1000 3730; x_wconf 91' lang='lat' dir='ltr'>quc</span> <span class='ocrx_word' id='word_1_339' title='bbox 1054 3661 1176 3722; x_wconf 88' lang='lat' dir='ltr'>stantia</span> <span class='ocrx_word' id='word_1_340' title='bbox 1190 3658 1243 3721; x_wconf 73' lang='lat' dir='ltr'>vel</span> <span class='ocrx_word' id='word_1_341' title='bbox 1256 3657 1523 3735; x_wconf 88' lang='lat' dir='ltr'>possessionibus</span> <span class='ocrx_word' id='word_1_342' title='bbox 1535 3657 1658 3719; x_wconf 83' lang='lat' dir='ltr'>vestris</span> <span class='ocrx_word' id='word_1_343' title='bbox 1672 3658 1848 3735; x_wconf 87' lang='lat' dir='ltr'>subjacere</span> 
     </span>
     <span class='ocr_line' id='line_1_36' title="bbox 207 3751 1850 3834; baseline -0.003 -13"><span class='ocrx_word' id='word_1_344' title='bbox 207 3758 323 3821; x_wconf 77' lang='lat' dir='ltr'>divino</span> <span class='ocrx_word' id='word_1_345' title='bbox 338 3757 418 3819; x_wconf 86' lang='lat' dir='ltr'>estis</span> <span class='ocrx_word' id='word_1_346' title='bbox 434 3755 593 3832; x_wconf 91' lang='lat' dir='ltr'>obsequio</span> <span class='ocrx_word' id='word_1_347' title='bbox 609 3753 817 3830; x_wconf 87' lang='lat' dir='ltr'>mancipatae,</span> <span class='ocrx_word' id='word_1_348' title='bbox 834 3752 894 3814; x_wconf 89' lang='lat' dir='ltr'>sub</span> <span class='ocrx_word' id='word_1_349' title='bbox 909 3751 1001 3813; x_wconf 89' lang='lat' dir='ltr'>beati</span> <span class='ocrx_word' id='word_1_350' title='bbox 1054 3757 1240 3834; x_wconf 89' lang='lat' dir='ltr'>compellat,</span> <span class='ocrx_word' id='word_1_351' title='bbox 1263 3771 1324 3817; x_wconf 87' lang='lat' dir='ltr'>nec</span> <span class='ocrx_word' id='word_1_352' title='bbox 1347 3755 1389 3816; x_wconf 90' lang='lat' dir='ltr'>ad</span> <span class='ocrx_word' id='word_1_353' title='bbox 1404 3756 1518 3817; x_wconf 90' lang='lat' dir='ltr'>domos</span> <span class='ocrx_word' id='word_1_354' title='bbox 1532 3758 1661 3817; x_wconf 83' lang='lat' dir='ltr'>vestras</span> <span class='ocrx_word' id='word_1_355' title='bbox 1675 3771 1777 3817; x_wconf 87' lang='lat' dir='ltr'>causa</span> <span class='ocrx_word' id='word_1_356' title='bbox 1792 3771 1850 3817; x_wconf 89' lang='lat' dir='ltr'>or-</span> 
     </span>
     <span class='ocr_line' id='line_1_37' title="bbox 207 3851 1852 3929; baseline -0.004 -10"><span class='ocrx_word' id='word_1_357' title='bbox 207 3857 300 3920; x_wconf 88' lang='lat' dir='ltr'>Petri</span> <span class='ocrx_word' id='word_1_358' title='bbox 321 3856 355 3917; x_wconf 92' lang='lat' dir='ltr'>et</span> <span class='ocrx_word' id='word_1_359' title='bbox 377 3854 491 3916; x_wconf 84' lang='lat' dir='ltr'>nostra</span> <span class='ocrx_word' id='word_1_360' title='bbox 510 3854 715 3929; x_wconf 88' lang='lat' dir='ltr'>protectione</span> <span class='ocrx_word' id='word_1_361' title='bbox 740 3851 951 3927; x_wconf 88' lang='lat' dir='ltr'>suscipimus,</span> <span class='ocrx_word' id='word_1_362' title='bbox 969 3852 1002 3912; x_wconf 91' lang='lat' dir='ltr'>et</span> <span class='ocrx_word' id='word_1_363' title='bbox 1055 3855 1151 3915; x_wconf 90' lang='lat' dir='ltr'>dines</span> <span class='ocrx_word' id='word_1_364' title='bbox 1171 3852 1374 3921; x_wconf 86' lang='lat' dir='ltr'>celebrandi,</span> <span class='ocrx_word' id='word_1_365' title='bbox 1391 3868 1509 3913; x_wconf 91' lang='lat' dir='ltr'>causas</span> <span class='ocrx_word' id='word_1_366' title='bbox 1524 3851 1700 3924; x_wconf 87' lang='lat' dir='ltr'>tractandi,</span> <span class='ocrx_word' id='word_1_367' title='bbox 1716 3852 1770 3913; x_wconf 83' lang='lat' dir='ltr'>vel</span> <span class='ocrx_word' id='word_1_368' title='bbox 1785 3851 1852 3912; x_wconf 90' lang='lat' dir='ltr'>ali-</span> 
     </span>
     <span class='ocr_line' id='line_1_38' title="bbox 206 3947 1850 4033; baseline -0.004 -17"><span class='ocrx_word' id='word_1_369' title='bbox 206 3953 383 4033; x_wconf 84' lang='lat' dir='ltr'>praesentis</span> <span class='ocrx_word' id='word_1_370' title='bbox 405 3951 520 4028; x_wconf 89' lang='lat' dir='ltr'>scripti</span> <span class='ocrx_word' id='word_1_371' title='bbox 546 3949 722 4026; x_wconf 84' lang='lat' dir='ltr'>privilegio</span> <span class='ocrx_word' id='word_1_372' title='bbox 747 3948 1000 4020; x_wconf 88' lang='lat' dir='ltr'>communimus,</span> <span class='ocrx_word' id='word_1_373' title='bbox 1055 3966 1137 4028; x_wconf 88' lang='lat' dir='ltr'>qnos</span> <span class='ocrx_word' id='word_1_374' title='bbox 1152 3951 1334 4012; x_wconf 84' lang='lat' dir='ltr'>conventus</span> <span class='ocrx_word' id='word_1_375' title='bbox 1353 3947 1500 4024; x_wconf 87' lang='lat' dir='ltr'>publicos</span> <span class='ocrx_word' id='word_1_376' title='bbox 1514 3948 1719 4009; x_wconf 87' lang='lat' dir='ltr'>convocandi</span> <span class='ocrx_word' id='word_1_377' title='bbox 1733 3947 1850 4010; x_wconf 82' lang='lat' dir='ltr'>venire</span> 
     </span>
     <span class='ocr_line' id='line_1_39' title="bbox 208 4044 1852 4129; baseline -0.005 -15"><span class='ocrx_word' id='word_1_378' title='bbox 208 4053 246 4114; x_wconf 87' lang='lat' dir='ltr'>in</span> <span class='ocrx_word' id='word_1_379' title='bbox 261 4051 378 4129; x_wconf 91' lang='lat' dir='ltr'>primis</span> <span class='ocrx_word' id='word_1_380' title='bbox 392 4048 556 4125; x_wconf 90' lang='lat' dir='ltr'>siquidem</span> <span class='ocrx_word' id='word_1_381' title='bbox 574 4047 769 4118; x_wconf 87' lang='lat' dir='ltr'>statuentes,</span> <span class='ocrx_word' id='word_1_382' title='bbox 786 4045 823 4107; x_wconf 90' lang='lat' dir='ltr'>ut</span> <span class='ocrx_word' id='word_1_383' title='bbox 837 4045 917 4106; x_wconf 89' lang='lat' dir='ltr'>ordo</span> <span class='ocrx_word' id='word_1_384' title='bbox 930 4060 1004 4106; x_wconf 91' lang='lat' dir='ltr'>mo-</span> <span class='ocrx_word' id='word_1_385' title='bbox 1056 4049 1244 4124; x_wconf 84' lang='lat' dir='ltr'>praesumat,</span> <span class='ocrx_word' id='word_1_386' title='bbox 1259 4061 1322 4106; x_wconf 90' lang='lat' dir='ltr'>uec</span> <span class='ocrx_word' id='word_1_387' title='bbox 1333 4044 1522 4120; x_wconf 85' lang='lat' dir='ltr'>regularem</span> <span class='ocrx_word' id='word_1_388' title='bbox 1536 4044 1733 4107; x_wconf 89' lang='lat' dir='ltr'>electionem</span> <span class='ocrx_word' id='word_1_389' title='bbox 1745 4045 1852 4107; x_wconf 90' lang='lat' dir='ltr'>abba-</span> 
     </span>
    </p>
   </div>
   <div class='ocr_carea' id='block_1_7' title="bbox 209 4140 1941 4318">
    <p class='ocr_par' dir='ltr' id='par_1_13' title="bbox 209 4140 1941 4318">
     <span class='ocr_line' id='line_1_40' title="bbox 209 4140 1941 4222; baseline -0.009 -12"><span class='ocrx_word' id='word_1_390' title='bbox 209 4148 358 4211; x_wconf 88' lang='lat' dir='ltr'>nasticus</span> <span class='ocrx_word' id='word_1_391' title='bbox 380 4144 436 4222; x_wconf 91' lang='lat' dir='ltr'>qui</span> <span class='ocrx_word' id='word_1_392' title='bbox 460 4142 641 4205; x_wconf 90' lang='lat' dir='ltr'>secundum</span> <span class='ocrx_word' id='word_1_393' title='bbox 665 4143 840 4204; x_wconf 88' lang='lat' dir='ltr'>Dominum</span> <span class='ocrx_word' id='word_1_394' title='bbox 861 4142 894 4203; x_wconf 92' lang='lat' dir='ltr'>et</span> <span class='ocrx_word' id='word_1_395' title='bbox 914 4140 1002 4202; x_wconf 89' lang='lat' dir='ltr'>beati</span> <span class='ocrx_word' id='word_1_396' title='bbox 1054 4146 1147 4207; x_wconf 82' lang='lat' dir='ltr'>tissae</span> <span class='ocrx_word' id='word_1_397' title='bbox 1162 4145 1280 4209; x_wconf 80' lang='lat' dir='ltr'>vestrae</span> <span class='ocrx_word' id='word_1_398' title='bbox 1303 4142 1472 4219; x_wconf 86' lang='lat' dir='ltr'>impediat,</span> <span class='ocrx_word' id='word_1_399' title='bbox 1500 4143 1559 4203; x_wconf 82' lang='lat' dir='ltr'>ant</span> <span class='ocrx_word' id='word_1_400' title='bbox 1586 4142 1627 4203; x_wconf 83' lang='lat' dir='ltr'>de</span> <span class='ocrx_word' id='word_1_401' title='bbox 1647 4142 1851 4205; x_wconf 76' lang='lat' dir='ltr'>instituenda</span> <span class='ocrx_word' id='word_1_402' title='bbox 1940 4182 1941 4195; x_wconf 45' lang='lat'>2</span> 
     </span>
     <span class='ocr_line' id='line_1_41' title="bbox 210 4239 1941 4318; baseline -0.004 -10"><span class='ocrx_word' id='word_1_403' title='bbox 210 4242 380 4308; x_wconf 88' lang='lat' dir='ltr'>Benedicti</span> <span class='ocrx_word' id='word_1_404' title='bbox 395 4241 546 4318; x_wconf 90' lang='lat' dir='ltr'>regulam</span> <span class='ocrx_word' id='word_1_405' title='bbox 560 4239 915 4317; x_wconf 87' lang='lat' dir='ltr'>atque&#39;institutionem</span> <span class='ocrx_word' id='word_1_406' title='bbox 931 4239 1004 4298; x_wconf 87' lang='lat' dir='ltr'>Cis·</span> <span class='ocrx_word' id='word_1_407' title='bbox 1056 4241 1108 4304; x_wconf 84' lang='lat' dir='ltr'>vel</span> <span class='ocrx_word' id='word_1_408' title='bbox 1130 4239 1330 4303; x_wconf 89' lang='lat' dir='ltr'>removenda</span> <span class='ocrx_word' id='word_1_409' title='bbox 1345 4256 1396 4311; x_wconf 90' lang='lat' dir='ltr'>ea,</span> <span class='ocrx_word' id='word_1_410' title='bbox 1411 4254 1485 4316; x_wconf 82' lang='lat' dir='ltr'>quae</span> <span class='ocrx_word' id='word_1_411' title='bbox 1500 4255 1560 4316; x_wconf 92' lang='lat' dir='ltr'>pro</span> <span class='ocrx_word' id='word_1_412' title='bbox 1574 4241 1723 4316; x_wconf 90' lang='lat' dir='ltr'>tempore</span> <span class='ocrx_word' id='word_1_413' title='bbox 1736 4239 1849 4312; x_wconf 86' lang='lat' dir='ltr'>fuerit,</span> <span class='ocrx_word' id='word_1_414' title='bbox 1940 4290 1941 4293; x_wconf 63' lang='lat'>,</span> 
     </span>
    </p>
   </div>
   <div class='ocr_carea' id='block_1_8' title="bbox 210 4335 1853 4513">
    <p class='ocr_par' dir='ltr' id='par_1_14' title="bbox 210 4335 1853 4513">
     <span class='ocr_line' id='line_1_42' title="bbox 210 4335 1851 4405; baseline -0.005 0"><span class='ocrx_word' id='word_1_415' title='bbox 210 4340 426 4405; x_wconf 89' lang='lat' dir='ltr'>terciensium</span> <span class='ocrx_word' id='word_1_416' title='bbox 452 4339 593 4400; x_wconf 78' lang='lat' dir='ltr'>fratrum</span> <span class='ocrx_word' id='word_1_417' title='bbox 617 4339 653 4398; x_wconf 93' lang='lat' dir='ltr'>iii</span> <span class='ocrx_word' id='word_1_418' title='bbox 673 4336 787 4399; x_wconf 90' lang='lat' dir='ltr'>eodem</span> <span class='ocrx_word' id='word_1_419' title='bbox 800 4335 1003 4397; x_wconf 88' lang='lat' dir='ltr'>monasterio</span> <span class='ocrx_word' id='word_1_420' title='bbox 1056 4340 1172 4400; x_wconf 84' lang='lat' dir='ltr'>contra</span> <span class='ocrx_word' id='word_1_421' title='bbox 1194 4338 1318 4399; x_wconf 86' lang='lat' dir='ltr'>statuta</span> <span class='ocrx_word' id='word_1_422' title='bbox 1337 4337 1567 4398; x_wconf 85' lang='lat' dir='ltr'>Cisterciensis</span> <span class='ocrx_word' id='word_1_423' title='bbox 1583 4336 1710 4398; x_wconf 89' lang='lat' dir='ltr'>ordinis</span> <span class='ocrx_word' id='word_1_424' title='bbox 1730 4352 1768 4398; x_wconf 90' lang='lat' dir='ltr'>se</span> <span class='ocrx_word' id='word_1_425' title='bbox 1781 4337 1851 4397; x_wconf 90' lang='lat' dir='ltr'>ali·</span> 
     </span>
     <span class='ocr_line' id='line_1_43' title="bbox 210 4431 1853 4513; baseline -0.004 -11"><span class='ocrx_word' id='word_1_426' title='bbox 210 4440 382 4502; x_wconf 88' lang='lat' dir='ltr'>institutus</span> <span class='ocrx_word' id='word_1_427' title='bbox 405 4452 479 4498; x_wconf 88' lang='lat' dir='ltr'>esse</span> <span class='ocrx_word' id='word_1_428' title='bbox 501 4434 718 4511; x_wconf 87' lang='lat' dir='ltr'>dignoscitur,</span> <span class='ocrx_word' id='word_1_429' title='bbox 743 4433 910 4510; x_wconf 91' lang='lat' dir='ltr'>perpetuis</span> <span class='ocrx_word' id='word_1_430' title='bbox 935 4431 1003 4492; x_wconf 88' lang='lat' dir='ltr'>ibi-</span> <span class='ocrx_word' id='word_1_431' title='bbox 1057 4438 1219 4513; x_wconf 82' lang='lat' dir='ltr'>quatenus</span> <span class='ocrx_word' id='word_1_432' title='bbox 1235 4434 1444 4495; x_wconf 82' lang='lat' dir='ltr'>intromittat</span> <span class='ocrx_word' id='word_1_433' title='bbox 1464 4437 1528 4495; x_wconf 88' lang='lat' dir='ltr'>Pro</span> <span class='ocrx_word' id='word_1_434' title='bbox 1543 4433 1853 4496; x_wconf 89' lang='lat' dir='ltr'>consecrationibus</span> 
     </span>
    </p>
   </div>
   <div class='ocr_carea' id='block_1_9' title="bbox 211 4530 1941 4612">
    <p class='ocr_par' dir='ltr' id='par_1_15' title="bbox 211 4530 1941 4612">
     <span class='ocr_line' id='line_1_44' title="bbox 211 4530 1941 4612; baseline -0.006 -13"><span class='ocrx_word' id='word_1_435' title='bbox 211 4537 285 4599; x_wconf 91' lang='lat' dir='ltr'>dein</span> <span class='ocrx_word' id='word_1_436' title='bbox 311 4534 514 4612; x_wconf 86' lang='lat' dir='ltr'>temporibus</span> <span class='ocrx_word' id='word_1_437' title='bbox 540 4530 779 4594; x_wconf 79' lang='lat' dir='ltr'>inviolabiliter</span> <span class='ocrx_word' id='word_1_438' title='bbox 798 4530 1001 4592; x_wconf 82' lang='lat' dir='ltr'>observetur.</span> <span class='ocrx_word' id='word_1_439' title='bbox 1058 4548 1137 4595; x_wconf 80' lang='lat' dir='ltr'>vero</span> <span class='ocrx_word' id='word_1_440' title='bbox 1147 4531 1303 4594; x_wconf 89' lang='lat' dir='ltr'>altarium</span> <span class='ocrx_word' id='word_1_441' title='bbox 1315 4531 1369 4591; x_wconf 85' lang='lat' dir='ltr'>vel</span> <span class='ocrx_word' id='word_1_442' title='bbox 1381 4531 1613 4600; x_wconf 85' lang='lat' dir='ltr'>ecclesiarum,</span> <span class='ocrx_word' id='word_1_443' title='bbox 1627 4531 1698 4593; x_wconf 81' lang='lat' dir='ltr'>sive</span> <span class='ocrx_word' id='word_1_444' title='bbox 1706 4547 1768 4607; x_wconf 90' lang='lat' dir='ltr'>pro</span> <span class='ocrx_word' id='word_1_445' title='bbox 1778 4531 1854 4593; x_wconf 92' lang='lat' dir='ltr'>oleo</span> <span class='ocrx_word' id='word_1_446' title='bbox 1940 4552 1941 4589; x_wconf 65' lang='lat' dir='ltr'>i</span> 
     </span>
    </p>
   </div>
   <div class='ocr_carea' id='block_1_10' title="bbox 208 4627 1860 5676">
    <p class='ocr_par' dir='ltr' id='par_1_16' title="bbox 208 4627 1860 5676">
     <span class='ocr_line' id='line_1_45' title="bbox 211 4627 1855 4709; baseline -0.005 -11"><span class='ocrx_word' id='word_1_447' title='bbox 211 4634 380 4698; x_wconf 88' lang='lat' dir='ltr'>Praeterea</span> <span class='ocrx_word' id='word_1_448' title='bbox 406 4644 631 4709; x_wconf 89' lang='lat' dir='ltr'>quascumque</span> <span class='ocrx_word' id='word_1_449' title='bbox 652 4628 891 4705; x_wconf 89' lang='lat' dir='ltr'>possessiones,</span> <span class='ocrx_word' id='word_1_450' title='bbox 913 4642 1006 4704; x_wconf 90' lang='lat' dir='ltr'>quae-</span> <span class='ocrx_word' id='word_1_451' title='bbox 1057 4630 1185 4700; x_wconf 89' lang='lat' dir='ltr'>sancto,</span> <span class='ocrx_word' id='word_1_452' title='bbox 1200 4627 1253 4690; x_wconf 83' lang='lat' dir='ltr'>vel</span> <span class='ocrx_word' id='word_1_453' title='bbox 1269 4627 1729 4705; x_wconf 86' lang='lat' dir='ltr'>quotibetalioecclesiasticc</span> <span class='ocrx_word' id='word_1_454' title='bbox 1744 4643 1855 4690; x_wconf 87' lang='lat' dir='ltr'>sacra·</span> 
     </span>
     <span class='ocr_line' id='line_1_46' title="bbox 211 4724 1856 4809; baseline -0.004 -15"><span class='ocrx_word' id='word_1_455' title='bbox 211 4747 352 4809; x_wconf 89' lang='lat' dir='ltr'>cumque</span> <span class='ocrx_word' id='word_1_456' title='bbox 366 4730 452 4791; x_wconf 91' lang='lat' dir='ltr'>bona</span> <span class='ocrx_word' id='word_1_457' title='bbox 464 4728 550 4789; x_wconf 90' lang='lat' dir='ltr'>idem</span> <span class='ocrx_word' id='word_1_458' title='bbox 562 4725 801 4788; x_wconf 88' lang='lat' dir='ltr'>monasterium</span> <span class='ocrx_word' id='word_1_459' title='bbox 815 4725 850 4785; x_wconf 91' lang='lat' dir='ltr'>in</span> <span class='ocrx_word' id='word_1_460' title='bbox 863 4738 1006 4801; x_wconf 88' lang='lat' dir='ltr'>praesen·</span> <span class='ocrx_word' id='word_1_461' title='bbox 1057 4726 1169 4787; x_wconf 89' lang='lat' dir='ltr'>mento</span> <span class='ocrx_word' id='word_1_462' title='bbox 1183 4726 1295 4786; x_wconf 90' lang='lat' dir='ltr'>nullus</span> <span class='ocrx_word' id='word_1_463' title='bbox 1310 4740 1331 4787; x_wconf 93' lang='lat' dir='ltr'>a</span> <span class='ocrx_word' id='word_1_464' title='bbox 1350 4724 1445 4787; x_wconf 77' lang='lat' dir='ltr'>vobis</span> <span class='ocrx_word' id='word_1_465' title='bbox 1468 4724 1528 4787; x_wconf 92' lang='lat' dir='ltr'>sub</span> <span class='ocrx_word' id='word_1_466' title='bbox 1552 4724 1688 4786; x_wconf 89' lang='lat' dir='ltr'>obtentu</span> <span class='ocrx_word' id='word_1_467' title='bbox 1709 4740 1856 4787; x_wconf 84' lang='lat' dir='ltr'>consue·</span> 
     </span>
     <span class='ocr_line' id='line_1_47' title="bbox 210 4821 1857 4905; baseline -0.005 -12"><span class='ocrx_word' id='word_1_468' title='bbox 210 4830 333 4894; x_wconf 89' lang='lat' dir='ltr'>tiarum</span> <span class='ocrx_word' id='word_1_469' title='bbox 354 4828 499 4905; x_wconf 84' lang='lat' dir='ltr'>justene</span> <span class='ocrx_word' id='word_1_470' title='bbox 523 4823 683 4886; x_wconf 86' lang='lat' dir='ltr'>canonice</span> <span class='ocrx_word' id='word_1_471' title='bbox 707 4821 864 4899; x_wconf 92' lang='lat' dir='ltr'>possidet,</span> <span class='ocrx_word' id='word_1_472' title='bbox 890 4821 1004 4885; x_wconf 89' lang='lat' dir='ltr'>autin</span> <span class='ocrx_word' id='word_1_473' title='bbox 1058 4822 1202 4893; x_wconf 90' lang='lat' dir='ltr'>tudinis,</span> <span class='ocrx_word' id='word_1_474' title='bbox 1228 4822 1282 4884; x_wconf 82' lang='lat' dir='ltr'>vel</span> <span class='ocrx_word' id='word_1_475' title='bbox 1310 4821 1377 4884; x_wconf 88' lang='lat' dir='ltr'>alio</span> <span class='ocrx_word' id='word_1_476' title='bbox 1405 4821 1502 4883; x_wconf 91' lang='lat' dir='ltr'>modo</span> <span class='ocrx_word' id='word_1_477' title='bbox 1526 4821 1704 4898; x_wconf 86' lang='lat' dir='ltr'>quidquam</span> <span class='ocrx_word' id='word_1_478' title='bbox 1730 4823 1857 4885; x_wconf 86' lang='lat' dir='ltr'>audeat</span> 
     </span>
     <span class='ocr_line' id='line_1_48' title="bbox 210 4917 1856 4998; baseline -0.006 -7"><span class='ocrx_word' id='word_1_479' title='bbox 210 4927 359 4991; x_wconf 87' lang='lat' dir='ltr'>futurum</span> <span class='ocrx_word' id='word_1_480' title='bbox 374 4923 590 4987; x_wconf 88' lang='lat' dir='ltr'>concessione</span> <span class='ocrx_word' id='word_1_481' title='bbox 610 4920 814 4998; x_wconf 88' lang='lat' dir='ltr'>pontificum,</span> <span class='ocrx_word' id='word_1_482' title='bbox 828 4920 1005 4995; x_wconf 88' lang='lat' dir='ltr'>largitione</span> <span class='ocrx_word' id='word_1_483' title='bbox 1057 4919 1275 4996; x_wconf 79' lang='lat' dir='ltr'>extorquere,</span> <span class='ocrx_word' id='word_1_484' title='bbox 1300 4917 1358 4979; x_wconf 87' lang='lat' dir='ltr'>sed</span> <span class='ocrx_word' id='word_1_485' title='bbox 1388 4917 1598 4981; x_wconf 87' lang='lat' dir='ltr'>haecomnia</span> <span class='ocrx_word' id='word_1_486' title='bbox 1625 4918 1731 4993; x_wconf 88' lang='lat' dir='ltr'>gratis</span> <span class='ocrx_word' id='word_1_487' title='bbox 1759 4919 1856 4981; x_wconf 79' lang='lat' dir='ltr'>nobis</span> 
     </span>
     <span class='ocr_line' id='line_1_49' title="bbox 210 5014 1857 5102; baseline -0.006 -15"><span class='ocrx_word' id='word_1_488' title='bbox 210 5040 328 5102; x_wconf 90' lang='lat' dir='ltr'>regum</span> <span class='ocrx_word' id='word_1_489' title='bbox 350 5021 403 5084; x_wconf 86' lang='lat' dir='ltr'>vel</span> <span class='ocrx_word' id='word_1_490' title='bbox 426 5018 632 5098; x_wconf 90' lang='lat' dir='ltr'>principum,</span> <span class='ocrx_word' id='word_1_491' title='bbox 649 5017 817 5080; x_wconf 89' lang='lat' dir='ltr'>oblatione</span> <span class='ocrx_word' id='word_1_492' title='bbox 844 5016 1004 5087; x_wconf 86' lang='lat' dir='ltr'>fidelium,</span> <span class='ocrx_word' id='word_1_493' title='bbox 1060 5017 1234 5093; x_wconf 89' lang='lat' dir='ltr'>episcopus</span> <span class='ocrx_word' id='word_1_494' title='bbox 1253 5014 1462 5077; x_wconf 81' lang='lat' dir='ltr'>dioecesanus</span> <span class='ocrx_word' id='word_1_495' title='bbox 1493 5015 1677 5092; x_wconf 89' lang='lat' dir='ltr'>impendat,</span> <span class='ocrx_word' id='word_1_496' title='bbox 1702 5015 1857 5092; x_wconf 88' lang='lat' dir='ltr'>alioquin</span> 
     </span>
     <span class='ocr_line' id='line_1_50' title="bbox 210 5112 1858 5196; baseline -0.007 -11"><span class='ocrx_word' id='word_1_497' title='bbox 210 5138 272 5185; x_wconf 88' lang='lat' dir='ltr'>seii</span> <span class='ocrx_word' id='word_1_498' title='bbox 296 5120 373 5182; x_wconf 89' lang='lat' dir='ltr'>aliis</span> <span class='ocrx_word' id='word_1_499' title='bbox 396 5114 635 5196; x_wconf 87' lang='lat' dir='ltr'>justismodis,</span> <span class='ocrx_word' id='word_1_500' title='bbox 661 5116 839 5191; x_wconf 86' lang='lat' dir='ltr'>praestante</span> <span class='ocrx_word' id='word_1_501' title='bbox 853 5114 1004 5186; x_wconf 87' lang='lat' dir='ltr'>Domino,</span> <span class='ocrx_word' id='word_1_502' title='bbox 1059 5112 1858 5189; x_wconf 81' lang='lat' dir='ltr'>liceatvobisquemcumquemalueritiscatboli-</span> 
     </span>
     <span class='ocr_line' id='line_1_51' title="bbox 210 5209 1859 5298; baseline -0.007 -16"><span class='ocrx_word' id='word_1_503' title='bbox 210 5219 332 5298; x_wconf 91' lang='lat' dir='ltr'>poterit</span> <span class='ocrx_word' id='word_1_504' title='bbox 344 5214 496 5293; x_wconf 88' lang='lat' dir='ltr'>adipisci,</span> <span class='ocrx_word' id='word_1_505' title='bbox 513 5212 608 5273; x_wconf 84' lang='lat' dir='ltr'>firma</span> <span class='ocrx_word' id='word_1_506' title='bbox 618 5211 712 5273; x_wconf 82' lang='lat' dir='ltr'>vobis</span> <span class='ocrx_word' id='word_1_507' title='bbox 729 5212 763 5273; x_wconf 89' lang='lat' dir='ltr'>et</span> <span class='ocrx_word' id='word_1_508' title='bbox 776 5211 837 5279; x_wconf 91' lang='lat' dir='ltr'>eis,</span> <span class='ocrx_word' id='word_1_509' title='bbox 853 5226 928 5288; x_wconf 86' lang='lat' dir='ltr'>quae</span> <span class='ocrx_word' id='word_1_510' title='bbox 941 5227 1006 5272; x_wconf 78' lang='lat' dir='ltr'>vo·</span> <span class='ocrx_word' id='word_1_511' title='bbox 1059 5226 1134 5272; x_wconf 90' lang='lat' dir='ltr'>cum</span> <span class='ocrx_word' id='word_1_512' title='bbox 1157 5209 1251 5272; x_wconf 90' lang='lat' dir='ltr'>adire</span> <span class='ocrx_word' id='word_1_513' title='bbox 1272 5210 1464 5279; x_wconf 88' lang='lat' dir='ltr'>antistitem,</span> <span class='ocrx_word' id='word_1_514' title='bbox 1484 5210 1627 5285; x_wconf 84' lang='lat' dir='ltr'>gratiam</span> <span class='ocrx_word' id='word_1_515' title='bbox 1647 5209 1680 5271; x_wconf 90' lang='lat' dir='ltr'>et</span> <span class='ocrx_word' id='word_1_516' title='bbox 1704 5225 1859 5271; x_wconf 88' lang='lat' dir='ltr'>cominu-</span> 
     </span>
     <span class='ocr_line' id='line_1_52' title="bbox 208 5305 1859 5385; baseline -0.007 -5"><span class='ocrx_word' id='word_1_517' title='bbox 208 5318 262 5380; x_wconf 92' lang='lat' dir='ltr'>bis</span> <span class='ocrx_word' id='word_1_518' title='bbox 278 5312 511 5382; x_wconf 87' lang='lat' dir='ltr'>successerint,</span> <span class='ocrx_word' id='word_1_519' title='bbox 527 5311 561 5371; x_wconf 91' lang='lat' dir='ltr'>et</span> <span class='ocrx_word' id='word_1_520' title='bbox 576 5307 704 5370; x_wconf 89' lang='lat' dir='ltr'>illibata</span> <span class='ocrx_word' id='word_1_521' title='bbox 727 5309 955 5383; x_wconf 89' lang='lat' dir='ltr'>permaneant,</span> <span class='ocrx_word' id='word_1_522' title='bbox 972 5307 1006 5367; x_wconf 93' lang='lat' dir='ltr'>iii</span> <span class='ocrx_word' id='word_1_523' title='bbox 1058 5308 1193 5369; x_wconf 83' lang='lat' dir='ltr'>niobem</span> <span class='ocrx_word' id='word_1_524' title='bbox 1225 5307 1423 5383; x_wconf 75' lang='lat' dir='ltr'>apostolica</span> <span class='ocrx_word' id='word_1_525' title='bbox 1454 5306 1548 5368; x_wconf 87' lang='lat' dir='ltr'>Sedis</span> <span class='ocrx_word' id='word_1_526' title='bbox 1576 5305 1770 5379; x_wconf 90' lang='lat' dir='ltr'>habentem,</span> <span class='ocrx_word' id='word_1_527' title='bbox 1799 5309 1859 5385; x_wconf 88' lang='lat' dir='ltr'>qui</span> 
     </span>
     <span class='ocr_line' id='line_1_53' title="bbox 213 5402 1860 5493; baseline -0.005 -17"><span class='ocrx_word' id='word_1_528' title='bbox 213 5414 332 5493; x_wconf 89' lang='lat' dir='ltr'>quibus</span> <span class='ocrx_word' id='word_1_529' title='bbox 353 5412 426 5473; x_wconf 82' lang='lat' dir='ltr'>baec</span> <span class='ocrx_word' id='word_1_530' title='bbox 448 5407 593 5489; x_wconf 79' lang='lat' dir='ltr'>propriis</span> <span class='ocrx_word' id='word_1_531' title='bbox 617 5406 774 5467; x_wconf 75' lang='lat' dir='ltr'>duximus</span> <span class='ocrx_word' id='word_1_532' title='bbox 790 5403 1007 5481; x_wconf 85' lang='lat' dir='ltr'>exprimenda</span> <span class='ocrx_word' id='word_1_533' title='bbox 1060 5408 1175 5467; x_wconf 91' lang='lat' dir='ltr'>nostra</span> <span class='ocrx_word' id='word_1_534' title='bbox 1190 5404 1295 5466; x_wconf 89' lang='lat' dir='ltr'>fretus</span> <span class='ocrx_word' id='word_1_535' title='bbox 1308 5405 1505 5466; x_wconf 88' lang='lat' dir='ltr'>auctoritate</span> <span class='ocrx_word' id='word_1_536' title='bbox 1521 5402 1613 5465; x_wconf 80' lang='lat' dir='ltr'>vobis</span> <span class='ocrx_word' id='word_1_537' title='bbox 1633 5404 1720 5480; x_wconf 91' lang='lat' dir='ltr'>quod</span> <span class='ocrx_word' id='word_1_538' title='bbox 1740 5409 1860 5481; x_wconf 88' lang='lat' dir='ltr'>postu-</span> 
     </span>
     <span class='ocr_line' id='line_1_54' title="bbox 211 5500 1860 5580; baseline -0.005 -8"><span class='ocrx_word' id='word_1_539' title='bbox 211 5509 394 5573; x_wconf 79' lang='lat' dir='ltr'>vocabulis.</span> <span class='ocrx_word' id='word_1_540' title='bbox 420 5509 544 5568; x_wconf 80' lang='lat' dir='ltr'>locum</span> <span class='ocrx_word' id='word_1_541' title='bbox 564 5504 672 5580; x_wconf 89' lang='lat' dir='ltr'>ipsum</span> <span class='ocrx_word' id='word_1_542' title='bbox 693 5504 728 5564; x_wconf 91' lang='lat' dir='ltr'>in</span> <span class='ocrx_word' id='word_1_543' title='bbox 748 5517 813 5580; x_wconf 94' lang='lat' dir='ltr'>quo</span> <span class='ocrx_word' id='word_1_544' title='bbox 834 5500 1007 5578; x_wconf 88' lang='lat' dir='ltr'>praefatum</span> <span class='ocrx_word' id='word_1_545' title='bbox 1061 5503 1150 5563; x_wconf 85' lang='lat' dir='ltr'>latur</span> <span class='ocrx_word' id='word_1_546' title='bbox 1173 5502 1352 5579; x_wconf 80' lang='lat' dir='ltr'>impendat</span> <span class='ocrx_word' id='word_1_547' title='bbox 1378 5500 1469 5573; x_wconf 89' lang='lat' dir='ltr'>Quod</span> <span class='ocrx_word' id='word_1_548' title='bbox 1495 5501 1525 5561; x_wconf 90' lang='lat' dir='ltr'>si</span> <span class='ocrx_word' id='word_1_549' title='bbox 1545 5500 1648 5563; x_wconf 82' lang='lat' dir='ltr'>sedes</span> <span class='ocrx_word' id='word_1_550' title='bbox 1673 5501 1860 5564; x_wconf 82' lang='lat' dir='ltr'>dioecesani</span> 
     </span>
     <span class='ocr_line' id='line_1_55' title="bbox 213 5598 1860 5676; baseline -0.004 -7"><span class='ocrx_word' id='word_1_551' title='bbox 213 5607 450 5670; x_wconf 86' lang='lat' dir='ltr'>monasterium</span> <span class='ocrx_word' id='word_1_552' title='bbox 463 5605 637 5673; x_wconf 79' lang='lat' dir='ltr'>situmest,</span> <span class='ocrx_word' id='word_1_553' title='bbox 653 5598 891 5662; x_wconf 90' lang='lat' dir='ltr'>cumomnibus</span> <span class='ocrx_word' id='word_1_554' title='bbox 904 5599 1009 5675; x_wconf 87' lang='lat' dir='ltr'>porti-</span> <span class='ocrx_word' id='word_1_555' title='bbox 1061 5599 1208 5676; x_wconf 90' lang='lat' dir='ltr'>episcopi</span> <span class='ocrx_word' id='word_1_556' title='bbox 1239 5598 1323 5661; x_wconf 89' lang='lat' dir='ltr'>forte</span> <span class='ocrx_word' id='word_1_557' title='bbox 1355 5598 1539 5670; x_wconf 80' lang='lat' dir='ltr'>vacaverit,</span> <span class='ocrx_word' id='word_1_558' title='bbox 1574 5598 1709 5660; x_wconf 90' lang='lat' dir='ltr'>interim</span> <span class='ocrx_word' id='word_1_559' title='bbox 1744 5601 1860 5662; x_wconf 91' lang='lat' dir='ltr'>omnia</span> 
     </span>
    </p>
   </div>
   <div class='ocr_carea' id='block_1_11' title="bbox 0 0 1969 6212">
    <p class='ocr_par' dir='ltr' id='par_1_17' title="bbox 0 0 1969 6212">
     <span class='ocr_line' id='line_1_56' title="bbox 0 0 1969 6212; baseline 0 0"><span class='ocrx_word' id='word_1_560' title='bbox 0 0 1969 6212; x_wconf 95' lang='lat' dir='ltr'> </span> 
     </span>
    </p>
   </div>
  </div>
 </body>
</html>
