3916 6204
177 265 238 328 599
794 262 970 324 HONORII
993 264 1038 325 111
1060 264 1207 324 OPERA.
1759 261 1817 320 600

178 424 340 488 ventilata
350 424 485 493 diutius,
500 423 533 484 et
541 422 675 485 tandem
689 437 749 499 per
758 421 969 484 diffinitivam
1024 436 1098 482 rum
1111 422 1284 499 episcopos
1306 420 1366 481 sub
1381 422 1471 482 certa
1486 434 1582 497 prena
1592 422 1626 481 et
1635 420 1819 496 juramenti

178 523 376 584 seutentiam
388 521 576 592 terminata,
598 520 789 582 mandasset
810 519 970 596 praedicta
1023 519 1187 594 religione
1201 518 1265 581 luit
1278 533 1379 594 super
1391 518 1454 579 hoc
1469 520 1502 579 et
1521 515 1720 593 quibusdam
1743 516 1819 576 aliis

178 619 360 688 observari,
377 619 462 680 sicut
472 618 507 678 in
522 620 594 694 ejus
607 617 738 692 regesto
751 616 882 692 plenius
895 632 971 677 con·
1025 615 1177 676 articulis
1197 631 1218 675 a
1238 614 1387 691 partibus
1407 614 1695 691 compromissum,
1706 613 1763 690 qui
1779 612 1819 673 ad

51 750 56 757 ·
178 718 314 787 tinetur,
348 716 444 776 bonae
477 715 647 775 memoriae
685 715 835 773 Clemens
871 727 968 789 papa,

180 828 353 875 successor
364 812 480 889 ipsine,
504 811 672 873 intellecto
695 810 781 887 quod
802 810 915 886 plures
930 808 970 870 de

182 910 327 987 capitulo
337 911 461 980 vestro,
474 908 638 978 absentes,
649 923 692 969 ex
701 907 841 967 honesta
857 922 969 978 causa,

177 1007 325 1082 tempore
347 1005 589 1083 compromissi,
613 1020 654 1065 ne
681 1003 969 1079 compromittere-

180 1105 236 1165 tur
245 1102 461 1164 inhibuerant
479 1102 687 1179 appellando,
707 1100 970 1187 statuitlirritau-

181 1201 259 1261 dum
275 1201 430 1279 quicquid
442 1200 564 1262 sactum
579 1200 689 1260 iuerat
703 1199 736 1258 in
752 1198 901 1259 absentia
913 1213 972 1258 eo-

174 1298 341 1369 rumdem,
361 1297 531 1358 mandavit
554 1295 648 1357 bonae
672 1295 840 1356 memoriae
866 1295 970 1355 Heliae

179 1394 399 1469 Burdegalen.
429 1393 691 1468 archiepiscopo,
717 1394 754 1453 ut
777 1390 971 1467 praedictam

144 1564 160 1581 x
181 1493 216 1553 S.
229 1491 380 1553 Severini
401 1490 576 1551 ecclesiam
595 1489 775 1560 ordinaret,
790 1486 970 1547 secundum

179 1589 301 1649 statum
316 1588 438 1648 ibidem
451 1586 678 1660 observatum3
696 1584 752 1661 qui
767 1585 807 1645 de
819 1583 971 1661 personis

179 1683 309 1745 idoneis
330 1685 436 1760 ipsam
459 1682 627 1744 ordinavit
641 1681 816 1742 eeclesiam
831 1681 866 1741 in
884 1682 971 1742 statu

179 1781 415 1841 canonicorum
453 1779 674 1851 saecularium,
711 1794 807 1855 quem
845 1778 973 1839 invenit

179 1893 200 1939 a
218 1879 437 1954 quadraginta
452 1877 548 1937 annis
561 1878 651 1938 retro
666 1875 877 1937 observatum
890 1890 972 1937 con·

180 1974 274 2036 tinus
299 1975 335 2035 in
359 1973 484 2035 eadem.
514 1972 726 2034 Postmodum
755 1987 845 2043 vero,
871 1989 971 2049 quum

180 2072 376 2148 procurator
398 2071 549 2132 ecclesiae
574 2069 686 2130 Sancti
701 2069 842 2130 Andreae
857 2069 972 2130 volens

181 2169 343 2229 suscitare
362 2166 551 2244 hujusmodi
567 2166 794 2244 quaestionem,
812 2165 890 2226 ad...
908 2165 972 2226 ab·

179 2265 289 2327 batem
305 2265 417 2326 Sancti
437 2263 599 2326 lobannis
616 2263 831 2338 Angeliacon.
848 2265 881 2324 et
894 2278 972 2323 suos

180 2362 325 2438 collegas
350 2360 481 2421 nostras
507 2376 607 2436 super
630 2358 693 2420 hoc
717 2359 846 2421 litteras
866 2359 974 2435 impe-

179 2459 311 2529 trasset,
328 2457 368 2517 de
382 2456 501 2517 litteris
520 2456 669 2532 praedicti
687 2455 865 2517 Clementis
881 2471 972 2532 prae·

181 2555 368 2615 decessoris
392 2553 507 2623 nostri,
531 2554 564 2613 et
587 2568 744 2628 processu
766 2551 896 2628 praelati
912 2568 972 2612 ar-

180 2650 383 2727 chiepiscopi
395 2650 526 2710 illarum
538 2648 868 2718 auctoritatehabito,
880 2650 973 2710 nulla

180 2747 268 2810 lacta
303 2748 434 2823 penitus
467 2746 644 2817 mentione,
682 2762 753 2816 nos,
784 2762 826 2806 ex
852 2746 973 2807 litteris

182 2842 972 2921 episcoporum,abbatumetaliorumquamplu-

181 2942 269 3002 rium
281 2941 460 3011 intellecto,
477 2941 563 3017 quod
584 2956 603 3000 a
618 2941 776 3015 tempore,
795 2942 891 3016 cujus
907 2956 972 3001 non

179 3040 272 3100 extat
284 3039 444 3099 memoria
455 3039 489 3098 in
500 3036 975 3108 eademecclesiavestra,sue-

182 3138 259 3198 rant
281 3134 433 3196 canonici
452 3135 680 3202 saeculares...,
702 3134 830 3194 cantori
852 3136 972 3196 Petro-

181 3233 348 3308 gorioensi
365 3234 398 3293 et
417 3231 554 3306 collegis
571 3234 644 3307 eJus
659 3231 809 3292 dedimus
824 3231 859 3291 in
874 3247 972 3292 man-

180 3329 276 3400 datis,
287 3326 971 3399 utsiconstareteisremtalitersehabere,

180 3427 335 3486 revocato
351 3425 386 3484 in
408 3424 555 3495 irritum,
577 3423 698 3500 siquid
719 3425 867 3499 ipsarum
883 3425 975 3485 litte-

180 3537 294 3583 rarum
329 3521 464 3582 obtentu
496 3520 532 3580 in
566 3520 795 3596 praejudicium
823 3521 973 3582 ecclesiae

178 3620 300 3681 vestrae
320 3616 429 3679 luerat
453 3618 662 3685 attentatum,
686 3616 877 3679 inhiberent
891 3618 973 3694 ipsis

178 3714 357 3793 judicibus,
386 3730 428 3775 ns
452 3714 592 3775 ulterius
612 3715 647 3773 in
662 3715 795 3789 negotio
810 3715 973 3791 procede-

180 3815 257 3874 rent
280 3814 473 3883 memorato,
495 3815 529 3873 et
547 3810 587 3871 ab
612 3811 818 3887 impetitione
837 3812 973 3889 capituli

182 3911 295 3973 Sancti
309 3910 450 3970 Andreae
469 3925 570 3985 super
584 3908 647 3970 hoc
662 3908 783 3970 dictam
799 3909 973 3970 ecclesiam

180 4007 400 4076 absolventes,
433 4006 582 4066 eamdem
613 4005 648 4065 in
683 4021 722 4065 eo
746 4007 834 4067 statu
859 4021 974 4066 serva·

180 4106 265 4174 rent,
283 4104 317 4163 in
333 4118 397 4178 quo
418 4102 626 4176 asexaginta
642 4103 741 4161 annis
756 4103 847 4163 retro
862 4101 974 4163 nosci·

1025 710 1198 773 arbitrium
1212 711 1438 788 procedentes,
1456 713 1544 772 inter
1553 713 1686 783 caetera,
1699 726 1773 787 quae
1787 712 1820 770 in

1025 809 1098 885 ipso
1123 810 1335 871 continentur
1356 809 1506 879 arbitri0,
1532 808 1678 884 capitulo
1707 807 1821 869 Sancti

1026 905 1165 967 Andreae
1176 905 1526 982 invirtutejurameuti
1534 904 1569 963 in
1578 903 1818 980 compromisso

1024 1002 1178 1074 exhibiti,
1194 1004 1227 1063 et
1241 1017 1339 1079 poena
1355 1002 1608 1078 quingentarum
1632 1015 1822 1060 marcarum

1025 1098 1060 1159 in
1084 1099 1200 1160 eodem
1226 1115 1385 1175 expresso
1419 1097 1611 1160 arbitrando
1644 1098 1821 1168 dixerunt,

1026 1196 1112 1273 quod
1132 1212 1233 1273 super
1259 1198 1347 1258 statu
1362 1195 1600 1257 canonicorum
1614 1195 1823 1270 regularium

1024 1292 1061 1352 in
1085 1294 1196 1354 vestra
1224 1292 1434 1354 reformando
1456 1292 1609 1362 ecclesia,
1623 1292 1688 1353 vel
1717 1293 1822 1353 etiam

1025 1388 1189 1460 iaciendo,
1212 1390 1338 1450 nullam
1353 1389 1447 1450 vohis
1463 1389 1503 1450 do
1522 1390 1643 1450 caetero
1666 1390 1824 1449 moveant

1025 1486 1078 1547 vel
1114 1485 1242 1548 moveri
1268 1486 1391 1548 iaciant
1412 1486 1500 1547 dicto
1527 1485 1581 1546 vel
1605 1485 1712 1558 lacto,
1742 1500 1824 1547 con-

1026 1599 1127 1645 sensu
1155 1583 1207 1644 vel
1232 1584 1384 1656 consilio,
1412 1585 1642 1660 quaestionem.
1669 1585 1820 1654 Quorum

1026 1681 1201 1743 arbitrium
1215 1680 1278 1744 luit
1292 1697 1312 1742 a
1334 1680 1484 1759 partibus
1497 1681 1716 1755 acceptatum,
1733 1681 1822 1741 sicut

1026 1778 1164 1855 apparet
1191 1795 1252 1861 per
1279 1778 1446 1839 exhibitas
1474 1777 1570 1839 nobis
1596 1777 1727 1838 litteras
1754 1780 1820 1838 tam

1027 1875 1373 1952 arbitrorumsigillis
1394 1891 1493 1952 quam
1508 1875 1653 1952 partium
1672 1890 1823 1935 commu-

1027 1973 1126 2041 nitas,
1145 1973 1230 2050 quod
1257 1975 1290 2034 et
1310 1989 1370 2034 nos
1394 1974 1612 2049 postmodum,
1630 1973 1670 2033 ad
1687 1972 1823 2049 petitio-

1027 2085 1102 2130 nem
1121 2072 1278 2141 vestram,
1293 2070 1490 2132 auctoritate
1510 2069 1702 2146 apostolica
1721 2068 1823 2129 duxi-

1028 2183 1100 2226 mus
1116 2166 1387 2238 confirmandum,
1403 2168 1499 2243 prout
1512 2167 1549 2226 in
1558 2166 1685 2227 eisdem
1699 2166 1822 2227 litteris

1027 2263 1228 2325 arbitrorum
1244 2265 1402 2341 ipsorum,
1424 2264 1457 2325 at
1475 2264 1619 2339 partium
1639 2265 1821 2340 perspexi-

1028 2378 1100 2421 mus
1115 2362 1246 2438 plenius
1275 2362 1449 2422 contineri.
1474 2363 1598 2422 Verum
1620 2360 1699 2439 quia
1720 2376 1823 2436 super

1027 2460 1115 2519 statu
1133 2460 1368 2521 canonicorum
1388 2458 1593 2533 regularium
1609 2459 1643 2517 in
1658 2457 1822 2534 praedicta

1027 2557 1137 2617 vestra
1159 2555 1300 2616 ecclesia
1315 2553 1489 2616 statuendo
1504 2555 1645 2615 diversae
1664 2555 1825 2615 commis-

1028 2652 1149 2723 siones,
1175 2652 1347 2713 sententiae
1371 2667 1410 2712 ao
1436 2650 1716 2722 confirmationes,
1735 2652 1824 2713 sicut

1028 2749 1222 2826 praedictum
1235 2748 1295 2819 est,
1312 2752 1429 2809 contra
1447 2748 1596 2809 eamdem
1610 2749 1789 2809 ecclesiam
1802 2765 1824 2809 a

1030 2847 1114 2908 Sede
1139 2845 1329 2922 apostoliea
1344 2847 1554 2914 emanarunt,
1570 2861 1591 2906 a
1604 2845 1754 2922 praelatis
1766 2862 1824 2907 ar·

1027 2942 1124 3004 bitris
1146 2941 1209 3003 fuit
1233 2942 1328 3003 vobis
1352 2942 1549 3018 injunctum,
1565 2944 1603 3003 ut
1617 2942 1708 3003 inira
1723 2943 1823 3004 bien-

1029 3041 1120 3100 nium
1136 3054 1155 3099 a
1169 3040 1317 3116 tempore
1336 3038 1413 3100 talis
1428 3038 1557 3100 arbitrii
1571 3040 1743 3117 superbis
1759 3043 1823 3101 Se-

1028 3137 1101 3197 dem
1127 3136 1351 3212 Apostolicam
1374 3135 1597 3208 consuleritis,
1621 3138 1654 3198 et
1673 3138 1826 3213 suscipe-

1028 3234 1109 3295 retis
1124 3233 1296 3294 humiliter
1311 3233 1396 3309 quod
1412 3233 1485 3309 ipsa
1501 3234 1591 3294 circa
1610 3232 1674 3295 hoo
1689 3234 1826 3296 duxerit

1028 3331 1267 3402 ordinandum;
1285 3329 1370 3407 quod
1390 3345 1523 3407 vesper
1544 3330 1703 3392 dilectum
1718 3332 1825 3392 illium

1029 3431 1065 3488 G.
1090 3428 1131 3490 de
1155 3429 1275 3501 Burgo,
1301 3428 1452 3503 nepotem
1478 3427 1684 3488 venerabilis
1710 3428 1824 3489 fratris

1028 3524 1172 3586 nostri...
1185 3523 1403 3600 Burdegalen.
1422 3523 1680 3601 archiepiscopi,
1697 3541 1824 3587 conca-

1028 3623 1184 3683 nonicum
1199 3623 1231 3682 et
1249 3622 1499 3698 procuratorem
1516 3622 1676 3693 vestrum,
1684 3628 1825 3699 propter

1028 3719 1091 3779 hoc
1106 3718 1146 3778 ad
1160 3719 1307 3778 nostram
1319 3719 1531 3794 praesentiam
1544 3717 1759 3789 destinatum,
1770 3719 1826 3780 de·

1027 3816 1102 3876 vote
1118 3830 1157 3875 ao
1173 3815 1366 3875 reverenter
1378 3815 1564 3890 implentes,
1573 3814 1670 3876 nobis
1682 3816 1825 3876 humili-

1027 3913 1079 3973 ter
1096 3911 1319 3987 supplicastis,
1333 3912 1370 3972 ut
1381 3910 1475 3972 vobis
1489 3913 1521 3972 et
1535 3912 1688 3974 ecclesiae
1701 3916 1826 3974 vestrae

1028 4008 1262 4085 tranquillitati
1273 4009 1411 4083 paterna
1422 4007 1647 4070 sollicitudine
1659 4011 1695 4071 in
1710 4013 1825 4087 poste-

1027 4121 1101 4165 rum
1110 4104 1333 4180 providentes,
1343 4105 1465 4165 statum
1474 4107 1711 4167 canonicorum
1723 4123 1828 4168 saecu·

180 4206 236 4262 tur
259 4200 419 4261 extitisse.
441 4201 511 4260 Duo
534 4213 684 4274 quorum,
700 4199 798 4260 tertio
815 4202 973 4261 excusato
1028 4202 1149 4262 larium
1160 4201 1414 4261 decerneremus
1428 4201 1509 4262 inibi
1521 4201 1562 4262 de
1577 4205 1699 4265 caetero
1715 4203 1828 4265 obser·

181 4297 344 4373 legitime,
359 4312 458 4372 quum
480 4295 529 4357 eis
548 4296 751 4356 constitisset
765 4297 915 4371 plenarie
932 4296 974 4357 de
1028 4299 1183 4360 vandum.
1199 4298 1358 4359 Nolentes
1373 4299 1475 4373 igitur
1485 4298 1636 4360 eamdem
1647 4301 1827 4362 eeclesiam

181 4394 360 4472 predictis,
388 4392 598 4468 saepedictam
625 4392 801 4453 ecclesiam
829 4396 973 4454 vestram
1027 4397 1171 4457 vestram
1187 4395 1361 4455 occasione
1376 4394 1618 4471 hujusmodide
1633 4397 1825 4459 oaeterofa-

181 4507 282 4567 snper
305 4492 368 4552 hoo
396 4490 437 4550 ab
461 4489 667 4565 impetitione
689 4490 819 4565 praelati
837 4491 973 4566 capituli
1027 4493 1134 4569 tigare
1150 4491 1331 4562 laboribus,
1352 4494 1385 4554 et
1397 4493 1564 4568 expensis,
1578 4496 1700 4555 vestris
1714 4497 1828 4572 preci-

182 4588 424 4649 sententialiter
451 4586 670 4657 absolventes,
685 4587 844 4648 statutum
866 4603 975 4649 saecu·
1027 4589 1089 4649 bus
1103 4589 1267 4661 inclinati,
1284 4590 1405 4649 statum
1420 4590 1657 4651 canonicorum
1679 4592 1826 4653 saecula-

182 4685 302 4746 larium
316 4685 552 4747 canonicorum
572 4682 814 4745 observandum
830 4685 865 4745 in
879 4700 917 4745 aa
934 4685 975 4744 de
1028 4686 1126 4757 rium,
1144 4702 1241 4761 quem
1262 4702 1281 4746 a
1303 4686 1478 4760 sexaginta
1493 4688 1583 4748 retro
1597 4689 1696 4749 annis
1710 4705 1754 4749 ex
1766 4688 1829 4749 lit-

182 4783 303 4844 caetero
315 4782 543 4851 decreverunt,
553 4780 812 4841 contradictores
818 4783 917 4857 juxta
929 4784 975 4843 te·
1028 4772 1109 4844 teris
1119 4782 1351 4859 praedictorum
1364 4783 1510 4845 cantoris
1523 4786 1826 4861 Petrogoricensis,

182 4895 298 4941 norem
309 4877 647 4953 mandatiApostolici
659 4877 976 4939 excommunicatio-
1029 4883 1062 4942 et
1076 4880 1213 4955 collega
1230 4880 1334 4956 ipsius
1354 4896 1455 4956 super
1476 4880 1539 4941 hoc
1559 4881 1790 4958 delegatorum
1806 4899 1829 4943 a

182 4979 235 5038 nis
255 4977 426 5038 sententiae
444 4976 678 5050 supponentes,
696 4976 868 5061 Quumque
887 4974 974 5035 iuis·
1030 4977 1124 5038 nobis
1140 4977 1175 5037 in
1195 4992 1234 5037 ea
1250 4976 1477 5037 intelleximus
1497 4976 1729 5050 observatum,
1743 4996 1829 5041 auc-

181 5074 403 5137 setabeadem
413 5070 577 5143 sententia
586 5073 858 5147 provocatum,ac
876 5089 977 5148 super
1028 5075 1163 5136 toritate
1188 5074 1378 5149 Apostolica
1401 5074 1647 5147 confirmamus,
1671 5076 1704 5137 et
1732 5092 1828 5153 prae·

182 5174 245 5234 hoc
271 5172 350 5232 ad...
380 5169 533 5230 abbatem
555 5168 669 5228 Planae
699 5169 807 5244 Sylva>
832 5185 975 5246 suosque
1030 5172 1133 5232 sentis
1148 5171 1262 5247 scripti
1278 5171 1463 5248 patrocinio
1476 5173 1731 5245 communimus,
1748 5172 1828 5233 dis-

182 5269 328 5345 collegas
354 5268 472 5328 litterae
494 5280 514 5325 a
543 5264 627 5325 Sede
649 5265 839 5341 Apostolica
865 5266 975 5343 impe·
1030 5268 1159 5330 trictius
1179 5266 1380 5342 inhibentes,
1397 5268 1523 5345 nequis
1539 5270 1749 5345 saepedietam
1766 5285 1833 5331 ec-

182 5369 289 5438 tratae,
305 5366 438 5428 tandem
452 5364 493 5424 de
504 5378 669 5424 consensu
684 5363 857 5439 utriusque
871 5365 980 5440 partis
1031 5363 1165 5424 olesiam
1185 5365 1329 5424 vestram
1353 5378 1452 5438 super
1480 5363 1543 5424 hoc
1567 5365 1747 5439 praesumat
1764 5364 1830 5423 ul-

182 5465 216 5525 et
225 5465 375 5541 judicum
390 5461 624 5539 predictorum
640 5460 893 5521 invenerabiles
908 5460 977 5523 lra-
1030 5460 1134 5521 terius
1148 5459 1340 5521 molestare.
1361 5460 1453 5520 Nulli
1468 5474 1547 5537 ergo
1559 5461 1694 5522 omnino
1709 5461 1830 5522 homi-

183 5565 251 5622 tres
274 5562 442 5622 nostros...
470 5559 684 5633 Bigorriten,
709 5559 778 5619 et...
799 5562 974 5622 Convena—
1033 5575 1111 5619 num
1124 5558 1224 5620 liceat
1240 5558 1325 5619 hanc
1340 5558 1494 5634 pagiuam
1508 5560 1631 5620 nostrae
1646 5558 1845 5621 confirma-.
1897 5597 1906 5608 .
