4014 6224
128 300 164 367 n
753 260 981 376 missuum
1004 315 1082 376 nra.
1106 316 1162 379 vr.
1543 390 1547 399 Α
1737 323 1779 386 aa

134 459 250 525 sedem
259 463 489 541 apostolicam
508 467 686 544 nequeunt,
709 466 929 532 absolutionis
982 472 1035 536 ter
1048 472 1245 553 inquietant.
1266 475 1318 537 Ne
1341 474 1445 553 igitur
1462 474 1546 540 tales
1564 476 1607 540 de
1620 494 1691 543 sua
1709 481 1779 543 clr-

133 559 333 622 beneficium
342 562 496 639 petitum
512 564 590 625 sunt
604 565 717 639 etalii,
733 566 788 643 qui
799 582 931 629 excom·
983 573 1224 636 cumventionis
1235 573 1357 635 astutia
1369 574 1565 650 glorientur,
1575 575 1777 642 fraternitati

133 657 294 720 manicati
312 659 347 721 et
361 661 526 736 suspensi,
539 662 627 736 juris
646 662 767 738 ignari,
784 680 820 725 se
840 663 930 726 fece-
983 669 1049 731 tuae
1061 686 1121 747 per
1133 671 1324 748 Apostolica
1332 673 1456 749 scripta
1467 674 1674 748 mandamus,
1692 692 1780 754 qua-

133 758 212 817 runt
225 755 267 816 ad
283 771 398 819 sacros
413 757 546 818 ordines
560 760 759 834 promoveri,
777 762 810 823 et
824 761 929 839 aliqui
982 766 1080 828 tenus
1095 783 1162 840 eos,
1187 769 1244 845 qui
1268 771 1343 845 post
1362 769 1492 831 litteras
1511 772 1643 833 nostras
1665 773 1779 835 taliter

133 853 415 916 excommunicati
430 854 463 916 et
477 855 631 931 suspensi
643 855 813 919 sedivinis
828 857 929 934 inge·
982 864 1144 937 venditas,
1171 866 1267 938 alias,
1291 867 1332 927 de
1353 867 1420 928 illis
1440 852 1609 930 mentione
1623 885 1690 930 non
1709 869 1776 931 ha·

132 952 928 1032 rerepraesumpseruntmonnulliquoquesenes
982 960 1063 1033 bita,
1087 962 1312 1038 impetrabunt
1333 962 1374 1025 de
1396 964 1528 1037 caetera,
1544 965 1598 1027 vel
1616 965 1778 1028 hacteuus

133 1048 331 1125 impotentes
343 1050 376 1111 et
389 1050 562 1111 succursui
576 1053 689 1112 Terrae
709 1053 839 1114 Sanctae
857 1069 930 1114 om·
983 1058 1212 1135 impetrarunt,
1231 1076 1346 1122 carere
1368 1061 1583 1123 decernentes
1606 1062 1778 1127 commodo

132 1145 213 1207 nino
228 1145 367 1207 inutiles
381 1145 599 1208 mansfretare
609 1148 779 1224 jurarunt,
789 1150 928 1212 coactia
983 1156 1186 1231 earumdem,
1213 1158 1384 1231 ecclesias,
1408 1159 1522 1220 contra
1546 1175 1629 1236 quas
1653 1160 1778 1222 fuerint
1853 1204 1856 1213 ·

132 1243 283 1320 praelatis
309 1243 399 1316 suis,
424 1244 481 1321 qui
513 1245 637 1322 passim
666 1261 780 1308 omnes
806 1262 929 1309 cruce·
982 1253 1179 1330 impetratae,
1200 1271 1267 1316 non
1280 1256 1452 1332 permittas
1471 1271 1585 1317 earum
1600 1256 1777 1319 occasione

131 1342 282 1416 signatos
306 1341 368 1402 hoc
390 1344 506 1418 jurare
527 1343 725 1405 auctoritate
738 1345 928 1421 apostolica
981 1351 1550 1425 vexarirevocandoinirritum,si
1566 1351 1777 1430 quodearum

131 1438 385 1516 compellebant.
412 1439 507 1501 Unde
526 1456 602 1501 curn
630 1441 720 1502 circa
737 1441 928 1519 hujusmodi
982 1442 1149 1524 praetextu
1166 1449 1335 1510 inueneris
1344 1448 1418 1526 ipse
1431 1449 1567 1511 iactum.
1581 1448 1699 1511 Datum
1712 1451 1781 1511 La-

131 1552 236 1612 grave
259 1536 433 1599 immineat
451 1537 636 1614 periculum
670 1538 869 1613 animarum,
896 1540 929 1602 et
982 1545 1092 1606 tarani
1106 1547 1152 1607 Xl
1166 1544 1328 1608 kalendas
1338 1546 1500 1624 januarii,
1517 1541 1725 1609 anno'sexto.

128 1634 300 1711 provideri
318 1648 338 1694 a
364 1633 460 1696 nohis
476 1634 643 1711 superbis
658 1634 830 1698 humiliter
849 1652 928 1714 pos-

128 1731 256 1803 tulasti,
273 1746 334 1792 nos
352 1731 462 1793 autem
476 1732 517 1792 de
528 1731 594 1793 tuae
608 1731 830 1795 fraternitatis
844 1750 928 1811 pru·

128 1828 242 1891 dantia
255 1828 473 1903 confidentes,
486 1845 546 1906 per
554 1830 743 1907 Apostolica
754 1830 816 1893 tibi
826 1832 929 1908 scrip·

126 1927 161 1989 ta
180 1926 393 1999 mandamus,
410 1928 584 2004 quatenus,
609 1929 677 1989 tam
691 1927 771 1999 illis,
790 1929 848 2006 qui
867 1943 928 2005 pro

125 2024 300 2097 vicesima,
316 2023 493 2086 dummodo
508 2023 631 2101 deipsa
648 2026 779 2101 integre
793 2025 930 2088 satisfa-

124 2122 228 2195 ciant,
250 2137 351 2199 qnam
366 2121 427 2193 eis,
448 2122 504 2199 qui
523 2123 746 2184 violentarum
767 2139 927 2185 manuum

128 2220 313 2297 injectione
339 2219 376 2279 in
405 2218 544 2281 clericos
572 2219 927 2281 excommunicationis

125 2317 330 2378 sententiam
348 2316 572 2389 incurrerunt,
590 2316 772 2378 secundum
787 2317 927 2379 formam

126 2413 279 2476 ecclesiae
304 2413 477 2487 absolutis,
500 2414 569 2475 nisi
588 2413 690 2477 fuerit
719 2414 801 2476 adeo
822 2430 927 2492 grave

126 2511 298 2585 debctum,
315 2511 403 2589 quod
417 2511 536 2573 merito
549 2512 616 2574 sint
631 2512 672 2574 ad
688 2505 806 2573 Sedern
820 2514 929 2589 Apos-

125 2609 262 2671 tolicam
278 2609 478 2683 destinandi,
499 2625 601 2684 super
620 2609 698 2671 aliis
719 2607 824 2671 facias
839 2610 925 2688 quod

125 2708 317 2769 animarum
338 2707 450 2780 saluti,
472 2706 506 2768 et
519 2709 632 2769 Terrae
647 2707 777 2768 Sanctae
794 2706 926 2783 proiec-

1319 1785 1442 1874 LXXI

1101 1937 1155 1997 Ad
1182 1950 1399 1999 commouent
1421 1940 1463 2000 dc
1484 1941 1656 2001 Porccuc.

1229 2067 1264 2125 22
1277 2066 1436 2125 decenbris
1449 2068 1529 2126 liii.

1045 2189 1172 2251 [Thciner.
1188 2189 1248 2242 Cod.
1263 2190 1326 2255 dipl.
1337 2190 1446 2242 dominii
1456 2196 1547 2255 temp,
1560 2190 1601 2254 71,
1612 2205 1638 2242 n.
1649 2191 1716 2257 ila]

981 2305 1128 2375 Concedit,
1152 2306 1379 2364 Porsennatibus
1404 2313 1435 2365 ut
1461 2307 1539 2366 viros
1564 2307 1719 2380 prudentes
1748 2307 1780 2365 in

1017 2395 1150 2453 consules
1173 2394 1283 2468 eligant
1305 2395 1354 2468 qui
1376 2396 1469 2454 sciunt
1488 2403 1517 2453 et
1530 2397 1641 2469 possint
1652 2404 1780 2455 casuum

1016 2483 1189 2557 gubernare.

1020 2610 1188 2672 Honorius
1200 2611 1385 2688 episcopus,
1398 2625 1694 2673 serrnsservorum
1702 2610 1775 2683 Dei,

982 2706 1110 2770 dilectis
1126 2707 1205 2770 filiis
1220 2710 1387 2771 communi
1402 2707 1442 2769 de
1458 2711 1619 2781 Porsena,
1634 2708 1777 2770 salutem

125 2805 174 2866 tui
189 2805 392 2881 cognoveris
404 2802 573 2880 expedire.
584 2803 750 2881 Quidquid
760 2804 872 2866 autern
886 2804 927 2867 de
982 2805 1014 2867 et
1027 2806 1243 2882 apostolicam
1261 2805 1537 2867 benedictionem.

125 2902 287 2964 vicesima
311 2901 375 2963 tibi
388 2900 490 2962 fuerit
511 2901 727 2977 persolutum,
743 2902 810 2963 tuis
832 2902 927 2964 nobls

127 2999 247 3062 litteris
276 2998 414 3063 studeas
443 2997 588 3085 fideliter
614 2998 781 3059 intimare.
809 3001 927 3061 Datum
982 3000 1192 3062 concedimus
1220 2999 1432 3072 facultatem,
1455 3000 1492 3061 ut
1515 3015 1558 3060 ex
1584 2998 1776 3060 bominibus

127 3094 925 3171 leteranixilkalendasjanuarii,annosexto.
982 3098 1085 3159 castri
1111 3097 1215 3161 vestri
1245 3097 1376 3174 aliquos
1402 3096 1580 3175 prudentes
1605 3097 1640 3158 et
1659 3093 1776 3157 fideles

982 3194 1072 3256 viros
1093 3193 1187 3257 vobis
1212 3195 1248 3255 in
1272 3193 1427 3256 consules
1442 3193 1586 3269 eligatis,
1602 3192 1661 3270 qui
1680 3192 1778 3261 uobis

982 3292 1023 3353 de
1037 3296 1115 3369 jure
1127 3294 1285 3353 Romanae
1307 3291 1464 3353 Ecclesiae
1477 3290 1619 3352 fideliter
1633 3305 1777 3368 respon-

476 3424 580 3515 LXX
982 3389 1107 3462 dentes,
1124 3388 1232 3451 sciant
1246 3389 1279 3451 et
1290 3389 1419 3466 possint
1433 3388 1581 3466 ejusdem
1599 3388 1702 3450 castri
1722 3403 1780 3450 re·

200 3584 254 3644 Ad
278 3580 536 3643 Biturtceoaem
561 3579 876 3652 urcbteptscopum,

277 3678 481 3756 Apostottcoe
500 3679 599 3739 Sedis
617 3675 778 3752 matum.

382 3808 417 3865 22
425 3806 586 3864 decembris
599 3805 678 3863 liti.

145 3932 268 3998 megan,
285 3931 333 3982 lib.
343 3931 387 3992 vl,
399 3932 474 3996 epist.
488 3931 541 3980 loa.
555 3929 613 3980 llss.
630 3930 668 3980 La
687 3929 764 3979 Porto
779 3927 814 3978 du
827 3924 908 3978 Theil.

982 3488 1093 3564 gimen
1114 3486 1294 3549 salubriter
1310 3486 1508 3563 gubernare.
1532 3488 1653 3548 batum
1676 3487 1781 3547 Late-

982 3585 1068 3660 rani,
1096 3585 1142 3645 XI
1174 3583 1337 3646 kalendas
1363 3583 1532 3661 januarii,
1565 3583 1779 3660 pontificatus

982 3683 1088 3745 nostrl
1100 3696 1190 3743 anno
1203 3682 1310 3743 sexto.

1307 3928 1451 4017 LXXII

129 4058 220 4116 inite
239 4062 309 4116 sunt
327 4057 428 4114 littera
449 4070 465 4113 a
487 4054 560 4113 Sede
576 4053 741 4127 apostolice
756 4053 925 4126 impetrate,
983 4084 1035 4146 Aa
1053 4085 1222 4145 decanum
1241 4082 1302 4143 SS·
1322 4082 1563 4154 Apoetolorum
1594 4080 1630 4140 3·
1651 4079 1781 4139 Mam

165 4147 243 4205 nullu
259 4146 406 4203 mendene
420 4143 494 4202 iacta
511 4142 547 4201 de
563 4143 619 4200 illis
636 4148 719 4199 antea
734 4141 891 4199 concessis.
1022 4182 1064 4241 de
1092 4181 1262 4241 &radim
1292 4179 1463 4239 momen,
1486 4122 1717 4250 mimum
1745 4174 1781 4234 et

168 4266 925 4343 Honorius,etc,venerabilifratriBituricen.
1021 4277 1243 4351 maqntrum,

129 4367 396 4446 archiepiscopo,
407 4366 606 4444 Apostolicae
618 4364 714 4426 Sedis
726 4363 846 4439 legato.
1229 4393 1265 4453 25
1276 4391 1437 4451 decembris
1451 4392 1532 4450 ml·

167 4466 220 4528 Ad
244 4465 452 4526 audientiam
468 4463 630 4534 nostram,
646 4463 681 4523 te
704 4460 925 4537 significante,
1326 4516 1341 4567 h
1421 4516 1462 4567 ΠΒ
1483 4515 1494 4565 1
1515 4514 1562 4565 393
1623 4513 1670 4564 m

128 4563 304 4641 peruenit,
332 4562 419 4640 quod
447 4559 581 4639 quidam
606 4558 721 4621 clerici
743 4557 928 4620 obtentisa
1060 4518 1244 4585 [lappenberg
1259 4518 1325 4646 Ψ
1343 4530 1407 4646 ¹¹¹⁸ss
1465 4553 1503 4575 ''
1563 4527 1612 4573 '¹¹
1672 4513 1725 4642 .]·
1770 4630 1777 4642 q

131 4662 217 4723 Sede
244 4659 435 4737 apostolica
461 4658 583 4720 litteris
610 4671 710 4734 super
736 4655 928 4732 provisione
982 4636 1097 4696 Mandat
1123 4644 1155 4695 ¹¹1
1179 4635 1216 4692 ‘¹⁰
1241 4648 1419 4708 iuif¹¹11⁰¹¹¹fl
1446 4639 1591 4706 biaeilflffill
1614 4630 1781 4730 010³l³¹lull

129 4775 202 4832 gua,
216 4760 253 4819 in
279 4756 446 4835 aliquibus
459 4756 611 4818 ecclesiis
627 4753 687 4816 tihi
711 4753 785 4829 1039
799 4753 927 4814 dioeoe,
1018 4726 1183 4785 Bremensis
1197 4720 1351 4781 informent
1364 4729 1395 4779 et
1408 4721 1484 4794 quod
1506 4720 1677 4779 canonicum
1695 4716 1779 4775 luerit

130 4871 213 4918 sana
238 4854 409 4932 subjectis,
425 4853 466 4915 ab
485 4852 638 4916 ecclesiis
655 4850 738 4929 ipsis
761 4848 929 4926 recipiunt
1017 4820 1154 4873 mmm·

130 4968 262 5015 annuas
283 4951 461 5029 pensiones
485 4965 544 5010 seu
561 4949 629 5010 alia
643 4947 806 5009 beneficia
828 4946 863 5008 et
879 4946 929 5008 sic
1022 4940 1189 5003 Honorius
1199 4939 1387 5016 episcopus,
1397 4948 1695 4999 servusserrorum
1704 4932 1776 5005 Dei,

130 5049 172 5113 ab
182 5065 303 5112 eorum
318 5046 524 5125 impetitione
539 5046 716 5116 desistunt,
729 5044 929 5105 renuncian·
983 5039 1112 5101 dilectis
1136 5037 1227 5108 filiis,
1251 5035 1377 5098 decano
1393 5034 1584 5096 sanctorum
1598 5028 1777 5108 Apostolo-

129 5148 180 5209 tes
194 5146 389 5208 nostrarum
407 5141 568 5204 beneflcio
588 5141 785 5203 litterarum.
803 5140 928 5201 Deinde
981 5153 1067 5208 rum,
1098 5134 1276 5211 praeposito
1306 5133 1340 5194 et
1362 5130 1521 5207 magistro
1550 5132 1589 5190 A.
1615 5125 1778 5187 canonico

131 5243 320 5306 adsedem
348 5240 572 5318 Apostolicam
597 5239 804 5310 accedentes,
829 5251 930 5313 super
984 5232 1114 5295 Sanctae
1128 5231 1244 5293 Mariae
1259 5228 1471 5291 dedradibus
1482 5223 1699 5295 coloniensis,
1715 5237 1777 5285 sa-

130 5342 324 5421 prorisione
345 5354 416 5409 sua,
446 5338 596 5401 obtinent
620 5337 705 5398 alias
732 5335 862 5399 litteras
885 5333 927 5396 ab
984 5331 1086 5392 lutem
1100 5330 1134 5389 et
1147 5327 1363 5403 apostolicam
1382 5323 1656 5387 benedictionem.

130 5440 260 5511 eadem,
276 5438 318 5498 de
333 5436 453 5499 litteris
468 5437 567 5498 antea
584 5434 770 5511 impetratis
782 5449 850 5494 non
866 5432 930 5493 ba·
1023 5425 1143 5489 Dilecti
1180 5424 1261 5495 tilii,
1302 5421 1500 5499 prepositus
1528 5420 1562 5479 et
1596 5416 1778 5493 capitulum

129 5537 199 5600 bita
234 5534 416 5605 mentione,
445 5533 478 5595 et
511 5532 560 5594 sic
581 5531 689 5608 gratia
710 5529 928 5607 benignitatis
984 5512 1173 5593 Bremense,
1183 5520 1384 5583 transmissa
1396 5516 1491 5581 nobis
1500 5514 1660 5592 petitione
1670 5530 1780 5576 mons·

131 5633 332 5714 apostolicae
351 5630 536 5700 abutentes,
557 5629 718 5693 ecclesias
733 5627 929 5705 multiplici·
986 5621 1128 5692 tremui,
1159 5617 1245 5695 quod
1270 5631 1384 5677 eorum
1403 5612 1539 5685 electus,
1568 5612 1623 5689 qni
1648 5614 1728 5688 jura
1746 5613 1780 5673 et

1022 2904 1241 2964 Praesentium
1267 2903 1361 2965 robis
1387 2903 1586 2964 auctoritate
1612 2901 1676 2963 hac
1702 2902 1778 2964 vice
1885 2910 1891 2927 ·
