4014 6224
233 326 291 387 171
850 314 1027 389 HOMJRII
1048 327 1094 387 ΙΙΙ
1115 327 1263 390 OPERA.
1818 329 1880 391 172
1988 320 1989 379 t

231 487 401 571 judicibus
428 487 644 565 praegravari‚
675 485 772 564 quod,
794 502 897 564 quum
922 484 1025 559 idem,
1082 487 1258 564 praeposito
1273 485 1315 547 ad
1330 486 1449 550 Sedem
1462 487 1687 565 apostolicum
1701 488 1875 558 veniendi,
1988 476 1989 495 ³

234 585 452 663 pendentibus
481 583 693 646 citationibus
722 584 938 656 eorumdem,
969 598 1028 660 per
1081 584 1117 645 in
1132 588 1205 661 ejus
1232 587 1264 646 et
1290 584 1394 660 partis
1418 585 1733 661 suaepraejudicium
1749 588 1879 648 temere

234 683 380 745 nobilem
391 684 500 743 virum
525 686 563 742 Α.
581 680 629 760 (1)
645 681 815 742 dominum
828 681 1026 742 Borbonen-
1082 681 1277 743 inveneritis
1301 683 1509 754 attentatum,
1540 682 1714 744 adversam
1734 684 1877 760 partem,

235 796 317 865 sem,
345 778 595 841 conestabulum
618 779 796 851 Alverniae,
814 779 854 840 de
873 778 1028 840 mandato
1083 778 1112 837 si
1126 794 1198 853 eam
1221 792 1418 854 procurasse
1441 780 1638 851 constiterit,
1661 780 1879 857 praepositum
1988 778 1989 805 i

235 877 402 939 carissimi
421 877 456 936 in
476 877 607 938 Christo
622 876 684 937 tilii
700 876 806 937 nostri
822 876 969 953 Philippi
982 875 1029 935 il»
1083 876 1192 952 ipsum
1208 875 1313 937 luisse
1324 876 1413 937 dicta
1425 878 1645 953 praepositura
1655 892 1717 954 per
1724 876 1881 939 laicalem
1988 932 1989 963 ᾗ

236 975 350 1035 lustris
375 974 464 1050 regis
492 975 708 1044 Francorum,
720 975 815 1050 parte
832 973 938 1035 altera
958 987 1032 1050 pro·
1083 973 1264 1050 potentiam
1290 970 1476 1051 spoliatum,
1504 973 1569 1046 vel,
1595 974 1772 1050 quominus
1801 990 1882 1052 pos-
1988 966 1989 987 ¹

236 1072 386 1141 curante,
412 1071 632 1148 praepositura
664 1071 738 1148 ipsa
767 1070 887 1131 suisset
914 1069 1030 1131 illicite
1084 1069 1267 1137 sessionem
1293 1070 1399 1146 ipsius
1427 1070 1621 1146 apraedicto
1645 1085 1880 1147 regerecupe·

236 1169 410 1246 spoliatus,
440 1168 516 1245 ipsi,
544 1169 642 1245 prout
669 1168 711 1229 ad
735 1183 849 1230 eorum
885 1166 1030 1228 osticium
1085 1181 1161 1228 rare
1175 1167 1330 1244 potnerit,
1343 1167 1531 1244 impedisse,
1542 1168 1739 1229 auctoritate
1748 1171 1878 1239 nostra,
1988 1214 1989 1219 η

235 1266 436 1344 pertinebat,
463 1281 530 1327 non
549 1265 656 1326 solum
672 1264 831 1327 exhibere
853 1264 917 1326 sibi
932 1279 1032 1340 super
1085 1262 1215 1325 sublato
1249 1263 1481 1341 appellationis
1507 1264 1690 1336 obstaculo,
1708 1280 1809 1342 poena
1824 1281 1884 1326 ca-

237 1364 400 1442 bocquod
426 1364 571 1441 postulat
595 1362 678 1425 ordo
687 1362 787 1440 juris,
809 1362 863 1425 vel
884 1361 1032 1423 scribere
1085 1360 1206 1422 nonica
1233 1362 1396 1438 puniatis,
1421 1363 1454 1425 et
1492 1362 1608 1423 eadem
1645 1363 1681 1423 in
1720 1363 1882 1438 expensis

238 1461 326 1522 dicto
342 1460 425 1537 regi,
440 1461 475 1521 ut
487 1461 671 1536 corrigeret
686 1459 772 1537 quod
786 1458 908 1521 iactum
924 1457 1032 1518 iuerat
1085 1474 1168 1536 quas
1182 1473 1242 1535 per
1253 1459 1414 1521 malitiam
1429 1475 1524 1520 suam
1538 1458 1731 1536 saepetatum
1745 1475 1880 1536 praepo-

160 1570 171 1583 *
238 1559 275 1619 in
300 1557 364 1619 bac
384 1560 490 1636 parte,
521 1573 580 1635 pro
604 1573 674 1618 snae
693 1556 878 1618 voluntatis
892 1555 1031 1617 arbitrio
1086 1556 1186 1617 situm
1199 1556 1342 1617 incuria
1356 1556 1446 1632 regis
1470 1556 1599 1633 praelati
1612 1558 1645 1620 et
1660 1556 1747 1634 apud
1759 1557 1882 1619 sedem

238 1654 433 1726 renuebant,
458 1655 689 1716 verumetiam
717 1654 781 1714 sibi
805 1654 839 1714 et
861 1652 1032 1714 canonicis
1085 1653 1311 1731 Apostolicam
1332 1651 1443 1715 tacere
1454 1655 1623 1730 compulit,
1647 1654 1691 1726 ei,
1707 1654 1883 1730 sicutjus-

236 1752 345 1829 partis
359 1768 429 1813 suae
444 1752 485 1812 ad
501 1753 573 1813 loca
587 1768 652 1812 non
671 1751 742 1813 tuta
761 1750 871 1812 citatis
887 1751 1032 1826 aliquem
1087 1752 1156 1812 tum
1181 1749 1291 1822 luerit,
1308 1750 1538 1820 condemnata,
1554 1752 1686 1827 cognita
1703 1766 1805 1828 super
1827 1751 1883 1812 bis

240 1865 393 1913 securum
406 1849 526 1921 locum,
542 1851 578 1911 in
594 1849 710 1927 quoad
726 1847 927 1909 decisionem
942 1849 1034 1923 ejus·
1086 1847 1667 1924 veritate,appellationepostposita,
1678 1848 1881 1920 decernatis,
1988 1832 1989 1839 ἵ

238 1947 314 2009 dem
322 1947 447 2024 negotii
459 1948 584 2009 diutius
598 1946 751 2023 protelati
766 1945 902 2006 insimul
917 1958 1034 2005 conve·
1087 1943 1245 2007 iacientes
1267 1944 1354 2022 quod
1383 1945 1598 2007 decreveritis
1624 1961 1684 2023 per
1702 1962 1883 2007 censuram
1988 1956 1989 2001 l

240 2046 361 2116 pirent,
390 2044 573 2106 concedere
598 2043 811 2119 denegantes,
841 2042 979 2117 triginta
1001 2042 1035 2102 et
1087 2041 1346 2103 ecclesiasticam
1382 2042 1521 2104 tirmiter
1558 2042 1742 2116 observari,
1778 2043 1884 2105 nullis

239 2142 384 2220 amplius
407 2142 448 2204 de
473 2142 644 2203 canonicis
669 2141 824 2209 ecclesiae
842 2139 1033 2200 memoratae
1087 2140 1207 2201 litteris
1221 2140 1355 2201 veritati
1380 2143 1413 2202 et
1423 2140 1563 2217 institiae
1582 2140 1884 2218 praeJ'udicantibus

241 2242 383 2302 adduas
409 2241 480 2301 lere
498 2240 628 2309 diaetas,
645 2254 712 2301 non
734 2238 806 2299 sine
820 2238 915 2314 gravi
929 2236 1033 2313 ipsius
1088 2236 1206 2299 assde
1233 2237 1424 2312 apostolica
1450 2237 1644 2314 impetratis.
1668 2237 1761 2310 Quod
1773 2238 1804 2297 si
1817 2253 1886 2301 non
1988 2228 1989 2279 i

241 2338 392 2400 ecclesiae
406 2337 553 2408 laesione,
565 2352 624 2412 pro
633 2336 721 2397 dicta
731 2350 831 2397 causa
840 2334 1033 2396 multotiens
1088 2350 1214 2403 omnes,
1240 2335 1301 2395 etc.
1332 2335 1451 2396 Datum
1478 2335 1596 2406 Alatri,
1626 2338 1670 2397 vl
1696 2335 1883 2413 katjunii,
1988 2344 1989 2419 i

241 2435 439 2506 citaverunt,
456 2450 530 2496 cum
545 2449 611 2495 non
625 2432 783 2494 deberent
799 2432 925 2494 tantam
940 2430 1032 2491 mul-
1087 2431 1297 2509 pontificatus
1309 2432 1415 2494 nostri
1430 2447 1518 2495 anno
1533 2433 1639 2493 sexto.

241 2532 417 2595 titudinem
431 2547 583 2600 evocare,
599 2530 657 2591 sed
681 2530 722 2592 ad
743 2529 918 2591 ecclesiam
937 2543 1035 2589 acce-

242 2628 332 2702 dere,
359 2630 466 2707 siper
489 2644 547 2690 eos
570 2628 692 2690 vellent
712 2627 844 2704 plenius
864 2626 1034 2703 inquirere

242 2727 429 2799 veritatem,
446 2741 506 2803 pro
528 2741 564 2788 se
574 2742 614 2787 ac
629 2726 722 2802 parte
737 2740 798 2786 sua
810 2725 957 2785 nostram
968 2738 1033 2784 au·
1399 2706 1572 2795 CXCVII

241 2824 400 2887 dientiam
413 2824 603 2901 appellarit,
613 2824 748 2886 octavas
767 2820 1034 2883 Resurrectionis
1150 2860 1203 2919 Ad
1219 2861 1310 2920 pm
1356 2873 1415 2920 um

241 2924 423 2986 Dominicae
443 2921 594 2999 proxime
616 2920 802 2997 praeteritas
817 2918 1034 2996 appellationi
1286 2873 1355 2934 ipp
1419 2903 1426 2929 '
1481 2988 1497 3001 ..

244 3037 316 3083 suae
330 3021 508 3084 terminum
523 3018 735 3097 praefigendo.
1384 2988 1589 3047 ²⁷⁰¹⁰¹¹¹²²2

280 3127 373 3189 Licet
387 3127 498 3188 autem
524 3124 632 3186 dictus
653 3122 755 3184 abbas
780 3120 821 3183 de
844 3123 983 3183 Bosceto
1003 3121 1036 3182 et
1127 3109 1264 3176 [eosquos
1275 3109 1338 3161 ibid.
1352 3110 1446 3176 ΡΜ
1459 3113 1569 3175 aegest,
1583 3111 1628 3163 lib.
1639 3112 1681 3170 Vi
1692 3112 1848 3176 opertas]

243 3226 403 3301 magister
425 3226 461 3285 P.
485 3223 565 3284 Bool
580 3221 761 3283 canonicus
776 3218 1033 3286 Lemovicensis‚
1090 3227 1183 3300 Rogat
1201 3225 1363 3300 Philippum
1393 3227 1546 3296 Honorius,
1571 3235 1601 3284 nt
1621 3228 1806 3299 praepositum
1822 3228 1885 3285 Bri·
1988 3216 1989 3219 '

243 3323 300 3401 qui
314 3323 423 3384 locum
447 3322 525 3382 tunc
553 3320 588 3380 in
612 3318 728 3379 eadem
751 3332 852 3378 causa
867 3315 1036 3378 obtinebat
1126 3315 1397 3383 valensisecclcsiae,
1410 3314 1504 3371 oltlclo
1514 3316 1668 3372 suominus
1680 3315 1889 3372 rationabiliter
1988 3312 1989 3319 ’

1447 2863 1665 2920 Frarzcorum
1682 2874 1814 2936 repam.

242 3419 390 3496 episcopi
401 3418 586 3484 memorati,
597 3414 839 3491 coramquibus
855 3413 1035 3490 appellatio
1125 3404 1277 3475 ⁸l⁰iiitilm
1288 3403 1323 3460 ab
1337 3402 1546 3460 Archembeldo
1562 3402 1597 3460 de
1609 3403 1762 3472 Buthroto,
1781 3418 1885 3461 cones-
1988 3482 1989 3489 ἵ

243 3517 330 3578 tacta
344 3502 426 3587 tuit,
444 3512 700 3591 appellationem
719 3512 826 3587 ipsam
845 3510 1035 3585 redigentes
1126 3491 1221 3549 ¹³b¹¹¹⁰
1232 3491 1385 3561 Ailssissiie
1399 3492 1511 3549 restitui
1524 3491 1621 3549 lamet.

242 3614 279 3677 in
295 3613 438 3691 scriptis,
449 3626 507 3672 eas
519 3610 567 3690 (2)
581 3610 769 3686 sigillorum
781 3622 916 3667 suorum
931 3608 1037 3667 muni·
1131 3617 1298 3680 Honorius
1340 3617 1515 3694 episcopus
1518 3661 1596 3689 ......
1637 3617 1815 3680 carissimo
1851 3618 1888 3679 in
1988 3638 1989 3659 ³

243 3712 333 3775 mine
362 3710 592 3783 roborassentt
623 3710 658 3769 B·
689 3706 800 3768 tamen
814 3704 988 3766 Buibensis
1004 3706 1038 3767 et
1091 3716 1221 3778 Christo
1239 3715 1306 3776 tilio
1319 3718 1432 3777 nostro
1448 3716 1534 3777 Phil.
1552 3715 1674 3777 illustri
1689 3715 1761 3791 regi
1773 3718 1889 3777 Fran·

242 3812 279 3893 C.
295 3809 335 3871 de
350 3810 499 3880 Boscet0,
525 3805 680 3868 monachi
695 3784 925 3865 &isterciensis
940 3802 1035 3865 ordi·
1092 3814 1163 3886 ciffi,
1179 3813 1330 3885 salutem,
1342 3815 1404 3875 etc,

243 3909 308 3980 nis,
321 3907 439 3986 quibus
455 3906 629 3983 episcopus
644 3905 676 3964 et
699 3899 802 3962 abbas
813 3899 854 3963 de
872 3901 1036 3962 Buscbeto
1132 3912 1267 3972 creator
1281 3909 1418 3971 humani
1430 3909 1563 3986 generis
1575 3925 1614 3970 ac
1623 3908 1837 3986 Redemptor,
1850 3911 1887 3970 in

243 4005 394 4085 praedicti
421 4004 576 4065 dicuntur
598 3998 804 4062 commisisse
829 3999 1037 4075 postmodum
1092 4010 1186 4084 cujus
1202 4024 1301 4068 manu
1313 4007 1390 4067 sunt
1404 4007 1552 4067 omnium
1568 4007 1748 4083 potestates
1762 4010 1797 4069 et
1811 4023 1889 4069 om-

244 4103 336 4166 rices
356 4100 559 4168 suas‚tertio
579 4096 753 4176 conjudice
779 4097 1037 4175 appellationem
1092 4105 1183 4166 nium
1208 4108 1286 4181 jura
1315 4120 1505 4179 regnorum,
1535 4104 1576 4164 ad
1606 4104 1669 4164 boc
1706 4119 1888 4181 personam

245 4201 352 4279 ipsius
395 4201 563 4275 tamquam
600 4197 783 4272 legitimam
821 4192 1036 4271 approbante,
1091 4202 1181 4263 tuam
1198 4201 1239 4262 ad
1262 4201 1357 4277 regni
1373 4201 1492 4262 solium
1514 4200 1714 4273 sublimavit,
1732 4201 1894 4262 uteccle-

245 4299 360 4360 eadem
372 4295 594 4373 appellatifflie
605 4295 801 4371 contempta,
811 4293 924 4363 111608,
937 4292 1037 4352 etiam
1093 4299 1160 4359 sias
1189 4299 1222 4360 et
1250 4313 1410 4376 personas
1442 4297 1686 4359 ecclesiasticas
1713 4298 1813 4373 regni
1841 4298 1892 4359 tui

245 4396 321 4474 post
333 4396 399 4457 iter
421 4394 588 4469 arreptum
604 4392 646 4453 ab
663 4392 777 4453 eodem
802 4389 979 4467 praeposito
997 4387 1037 4448 ad
1094 4398 1309 4457 manuteneas
1338 4396 1371 4456 et
1396 4394 1565 4466 dolendas,
1593 4396 1625 4456 et
1649 4397 1727 4471 jnra
1754 4411 1890 4467 earum,

247 4494 370 4556 Sedem'
405 4491 629 4569 Apostolicam
666 4488 837 4559 veniendi,
871 4486 1039 4549 interdicti
1093 4493 1302 4571 quantumin
1324 4492 1482 4563 tefuerit,
1500 4491 1629 4554 illibata
1650 4492 1893 4564 conservesut

248 4591 446 4654 sententiam
481 4591 605 4651 temere
634 4585 912 4663 promulgarunt,
940 4597 1038 4660 quam
1093 4592 1229 4668 propter
1256 4590 1319 4652 1100
1346 4590 1382 4650 in
1398 4591 1553 4666 praesentt
1568 4587 1699 4650 laudem
1717 4604 1738 4650 a
1754 4590 1892 4667 populo,

247 4689 379 4771 praelati
394 4687 568 4764 episcopus
584 4686 618 4747 et
645 4683 747 4745 abbas
768 4680 1041 4760 postmodumdi-
1094 4691 1127 4751 et
1155 4689 1195 4750 ab
1225 4689 1296 4765 ipso
1318 4687 1518 4748 retributore
1548 4687 1711 4762 honorum
1739 4689 1892 4749 omnium

248 4790 370 4851 cuntur
406 4785 516 4846 minus
547 4780 794 4844 rationabiliter
826 4776 1037 4856 approbasse·
1095 4785 1254 4847 merearis
1293 4783 1462 4845 felicitatis
1498 4787 1632 4845 aeternae
1659 4786 1840 4861 praemium
1861 4785 1895 4845 in

222 4940 230 4951 .
249 4890 359 4960 Quare
380 4900 399 4945 a
423 4881 519 4943 nobis
532 4881 638 4941 dictus
654 4878 854 4956 praepositus
871 4876 1041 4936 humiliter
1095 4884 1216 4944 futuro.
1233 4880 1280 4942 Ad
1295 4882 1442 4941 nostram
1458 4881 1487 4940 si
1512 4881 1644 4958 quidem
1670 4880 1892 4954 audientiam,

247 4980 440 5063 postulabat
466 4980 503 5040 ut
517 4977 580 5038 sibi
605 4978 638 5037 et
656 4975 744 5052 parti
766 4990 835 5036 suae
866 4972 1042 5051 providere
1095 4980 1215 5042 dilecto
1231 4978 1300 5039 filio
1320 4980 1356 5039 P.
1372 4978 1412 5039 de
1432 4978 1562 5049 Lotum,
1575 4978 1755 5054 praeposito
1769 4980 1894 5041 Briva-

251 5096 350 5159 super
365 5078 427 5140 hoo
438 5074 700 5138 misericorditer
710 5073 934 5148 dignaremur.
1094 5077 1192 5149 tensi,
1222 5075 1398 5148 referente,
1426 5076 1577 5152 pervenit
1592 5074 1676 5152 quod
1702 5075 1831 5137 nobilis
1845 5077 1896 5139 vir

290 5187 433 5265 Ideoque
449 5180 642 5243 discretioni
656 5175 1042 5254 restraeperllpostolica
1095 5178 1133 5237 A.
1155 5172 1203 5254 (3)
1230 5173 1382 5234 dominus
1398 5173 1438 5233 de
1455 5172 1632 5244 Borbonio,
1654 5174 1895 5235 conestabulus

251 5287 375 5362 scripta
390 5278 768 5355 mandemusquatenus,
787 5274 816 5335 si
831 5277 881 5336 est
906 5274 963 5345 ita,
982 5289 1041 5334 re·
1095 5271 1273 5343 alverniae,
1291 5272 1399 5348 ipsum
1418 5270 1458 5331 de
1479 5269 1635 5331 mandato
1649 5270 1720 5338 tuo,
1736 5272 1827 5333 sicut
1840 5273 1894 5332 di-

250 5383 368 5444 uocato
383 5381 419 5441 in
434 5379 565 5440 irritum
581 5374 740 5453 quidquid
757 5372 830 5450 post
841 5370 1041 5449 appellatio·
1097 5371 1193 5440 citur,
1211 5368 1431 5446 praepositura
1445 5384 1505 5429 sna
1520 5367 1630 5427 minus
1645 5368 1895 5430 rationabiliter

252 5494 328 5539 nem
341 5476 542 5554 hujusmodi,
553 5475 586 5536 et
598 5474 663 5535 iter
674 5472 841 5547 arreptum
855 5468 1043 5547 ajamdicto
1098 5467 1265 5547 spoliavit.
1283 5467 1424 5543 Ideoque
1450 5465 1664 5527 serenitatem
1688 5466 1783 5527 tuam
1795 5483 1896 5545 roga·

290 5642 331 5718 (l)
347 5642 596 5701 archembaldum.
743 5703 746 5707 ,
1134 5634 1175 5709 (2)
1195 5634 1298 5693 Melius
1313 5648 1387 5691 eam.
1427 5632 1467 5706 (3)
1481 5631 1717 5695 erchembaldus.
