3930 6206
260 438 330 501 lata
342 438 458 500 domus
467 439 531 501 sita
541 438 592 500 est
601 454 675 500 cum
683 436 836 500 omnibus
843 438 1053 515 pertinentiis
1147 440 1334 512 Honorius,
1368 438 1540 502 catholicae
1570 439 1717 503 Ecclesia
1748 444 1850 521 episco-

261 537 342 608 suis,
356 536 594 614 possessiones,
618 552 700 612 quas
716 535 845 597 habetis
870 536 1053 598 incivitate
1109 552 1171 612 pus
1183 551 1230 597 ss.

260 649 299 694 ac
330 633 465 695 dioecesi
490 633 685 709 Eugubina3
712 634 952 710 possessiones,
970 650 1052 711 quas
1146 635 1215 708 Ego
1236 636 1319 709 Ugo,
1343 634 1492 695 Hostien.
1517 634 1551 697 et
1568 634 1735 695 velletren.
1754 638 1853 713 episco-

261 729 391 792 habetis
415 731 450 790 in
479 730 669 792 ciuitatibus
681 747 721 791 ac
734 731 931 793 dioecesibus
942 734 1051 793 Peru·
1107 745 1225 804 pusss.

261 828 339 899 sim,
366 828 557 900 Castaliam,
575 828 713 900 callen,
728 828 1050 905 Forosempronien„
1147 830 1214 902 Ego
1236 828 1403 903 Pelagius,
1415 829 1749 907 albanenepiscopus
1762 847 1798 892 ss.

260 925 424 996 Urbinat.,
451 926 612 998 Arimen„
649 927 835 997 Faventia,
856 927 1051 997 Bononiam,
1147 926 1406 1000 E301Nicolaus,
1423 928 1630 989 Tusculanus
1656 929 1808 1005 episcopus
1821 946 1853 990 ss.

259 1021 428 1094 Esculan.,
446 1023 605 1094 Firman„
624 1023 845 1083 camerinen..
860 1024 1050 1095 Auximon„
1147 1023 1214 1097 Ego
1237 1023 1353 1094 Guido,
1374 1026 1569 1086 Praenestiu.
1586 1026 1752 1101 episcopus
1765 1042 1800 1085 ss.

258 1120 584 1191 Anconitan.,Esiu.,
597 1121 1050 1197 senogalienmtspoletan„
1148 1120 1214 1193 Ego
1237 1121 1315 1186 Leo,
1332 1120 1418 1181 tituli
1439 1122 1570 1182 Sanctae
1591 1122 1702 1183 Crucis
1718 1122 1748 1181 in
1760 1123 1853 1183 llieru·

258 1232 334 1277 cum
343 1218 459 1293 pratis,
472 1217 591 1289 vineis,
608 1218 720 1289 terris,
737 1192 937 1289 uanioribus,
952 1234 1055 1279 usua—
1108 1214 1211 1276 salem
1225 1216 1399 1293 presbyter
1413 1218 1595 1279 cardinalis
1608 1234 1653 1279 ss.

258 1314 323 1388 giis
352 1315 384 1374 et
403 1315 548 1389 pascuis,
566 1315 600 1374 in
615 1314 715 1375 bosco
729 1319 763 1376 et
777 1316 887 1391 plano,
904 1315 940 1375 iu
957 1316 1053 1392 equis
1147 1314 1215 1389 Ego
1238 1314 1435 1390 Stephanus,
1452 1314 1600 1376 basilicae
1612 1315 1774 1376 duodecim
1783 1330 1856 1391 apos·

213 1438 219 1451 ·
258 1411 292 1471 et
305 1410 516 1481 molendinis,
530 1411 637 1471 inviis
654 1414 687 1473 et
699 1413 837 1483 semitis,
855 1414 887 1475 et
901 1412 1053 1473 omnibus
1108 1409 1251 1470 tolorum
1265 1411 1440 1488 presbyter
1453 1412 1635 1473 cardinalis
1650 1428 1693 1472 ss.

259 1508 335 1567 aliis
371 1507 592 1580 libertatibus,
619 1511 652 1570 et
678 1509 942 1571 immunitatibus
971 1512 1051 1570 suis.
1147 1508 1216 1582 Ego
1227 1508 1382 1580 Thomas,
1394 1510 1482 1571 tituli
1494 1510 1623 1570 Sauctae
1635 1508 1784 1570 Praxedis
1794 1524 1858 1585 pres·

258 1607 365 1675 Quum
389 1606 500 1666 autem
524 1606 680 1681 generale
712 1606 922 1669 interdictum
953 1609 1053 1669 terrae
1108 1601 1204 1680 byter
1218 1604 1400 1667 cardinalis
1410 1623 1456 1667 ss.

258 1700 360 1763 suerit
374 1703 474 1763 liceat
500 1702 594 1764 vobis
610 1704 839 1779 nihilominus,
857 1704 891 1764 in
912 1704 1052 1766 ecclesia
1148 1703 1437 1775 EgoOctariauus,
1451 1703 1860 1778 SanctorumSergiietBao

257 1801 381 1871 vestra,
392 1801 538 1861 exclusis
551 1802 887 1863 excommunicatiset
901 1801 1055 1864 interdic·
1108 1797 1162 1858 chi
1177 1799 1336 1860 diaconus
1349 1801 1530 1862 cardinalis
1545 1817 1588 1861 ss

257 1894 311 1966 tie,
330 1896 442 1957 divina
462 1896 573 1957 officia
588 1897 768 1958 celebrare.
795 1898 945 1959 Chrisma
961 1916 1050 1971 vero,
1147 1898 1214 1972 Ego
1227 1897 1418 1973 Gregorius,
1430 1897 1545 1959 Sancti
1559 1897 1724 1959 Theodori
1736 1897 1859 1957 baconus

257 1992 366 2053 oleum
393 1994 560 2065 sanctum,
597 1995 864 2056 consecrationes
896 1996 1053 2058 altarium
1108 1993 1289 2067 cardinalis
1304 2010 1348 2054 ss.

255 2105 316 2149 seu
341 2089 576 2162 basilicarum,
604 2092 830 2152 ordinationes
855 2093 1052 2154 clericorum
1148 2093 1216 2166 Ego
1240 2092 1438 2168 Stephanus,
1457 2093 1571 2154 Sancti
1586 2092 1723 2153 Adriani
1738 2091 1860 2151 diacoms

258 2189 457 2259 vestrorum,
482 2188 538 2265 qui
563 2186 603 2248 ad
628 2205 741 2249 sacros
770 2190 903 2250 ordines
928 2190 1054 2252 luerint
1109 2188 1290 2249 cardinalis
1303 2205 1348 2249 ss.
1460 2249 1468 2259 ,

258 2286 485 2360 promovendi,
503 2301 521 2346 a
540 2286 729 2347 dioecesano
758 2287 947 2363 suscipietis
965 2289 1055 2363 epis·
1148 2287 1216 2360 Ego
1239 2288 1368 2359 Petrus,
1382 2287 1493 2349 Sancti
1507 2286 1643 2361 Georgii
1652 2287 1693 2348 ad
1702 2285 1805 2349 Veluu
1813 2286 1862 2344 iu·

257 2397 352 2458 copo,
368 2382 530 2459 siquidem
541 2383 723 2443 catholicus
737 2383 847 2455 inerit,
860 2386 893 2445 et
906 2400 1055 2445 commu·
1108 2398 1202 2443 reum
1212 2384 1372 2446 diaconus
1382 2385 1562 2445 cardinalis
1575 2400 1620 2445 ss.

257 2480 392 2540 niouem
413 2482 634 2542 sacrosanctae
648 2484 805 2542 Romanae
817 2481 912 2542 Sedis
926 2481 1054 2543 habue-
1149 2482 1268 2541 Datum
1303 2483 1470 2553 Laterani,
1494 2497 1554 2558 per
1586 2497 1722 2542 manum
1747 2477 1862 2554 monstri

257 2576 312 2646 rit,
330 2576 469 2637 etvobis
493 2578 637 2639 voluerit
661 2577 734 2639 sine
756 2579 920 2654 pravitate
942 2579 1053 2656 aliqua
1109 2577 1279 2651 cuidonis,
1324 2580 1449 2641 domini
1475 2595 1569 2656 papae
1594 2579 1728 2646 notarii,
1755 2578 1791 2638 lli
1809 2575 1862 2635 idus

257 2673 428 2734 exhibere.
438 2674 594 2752 Alioquin
602 2675 801 2737 liceatvobis
815 2691 1054 2753 utramcumque
1108 2674 1199 2743 maii,
1225 2675 1406 2737 indictione
1426 2679 1499 2747 XII,
1523 2676 1763 2737 incarnationis
1778 2669 1863 2734 boui-

257 2770 442 2832 malueritis
457 2772 658 2834 catholicum
674 2773 766 2834 adire
783 2774 977 2844 antistitem,
995 2776 1053 2849 qui
1109 2772 1192 2833 nica
1221 2788 1309 2834 anno
1347 2775 1546 2846 MGCXXIV,
1577 2773 1782 2850 pontificatus
1806 2780 1864 2829 reru

257 2868 372 2927 nostra
387 2867 491 2929 fretus
503 2870 700 2930 auctoritate
712 2868 817 2939 vobis
835 2869 923 2946 quod
933 2871 1052 2946 postu·
1108 2885 1195 2931 anno
1211 2871 1339 2933 octavo.

258 2962 357 3029 latur.
372 2965 551 3041 impendat.
568 2965 616 3026 Ad
635 2966 706 3027 haec
721 2982 824 3027 novas
841 2967 1053 3028 etindebiias

257 3062 450 3123 exactiones
466 3063 507 3123 ab
533 3063 806 3139 archiepiscopis,
829 3064 1004 3140 episcopis,
1021 3065 1054 3126 et

256 3156 333 3220 aliis
345 3160 497 3222 omnihus
516 3161 679 3232 ecclesiis,
696 3161 955 3223 saecularibusve
976 3178 1055 3238 per·
1430 3156 1583 3244 CCXIV

258 3257 351 3316 sonis
363 3258 399 3317 in
416 3258 512 3318 domo
530 3258 640 3318 vestra
656 3258 790 3318 omnino
804 3257 876 3318 deri
892 3258 1052 3335 prohibe·
1834 3312 1840 3325 .

256 3370 341 3415 mus·
372 3354 517 3416 obeunte
541 3370 621 3415 vem
635 3356 677 3423 te,
706 3370 795 3416 nunc
816 3355 964 3430 ejusdem
988 3358 1020 3417 10
1022 3357 1053 3416 ci
1147 3315 1200 3373 Ad
1217 3315 1420 3377 abbatemet
1436 3317 1645 3377 conventum
1659 3312 1839 3378 rnoaasterh

256 3452 379 3527 priore,
407 3451 460 3512 vel
485 3454 617 3512 tuorum
640 3451 787 3528 quolibet
808 3468 1052 3524 successorum,
1372 3411 1629 3473 mmmmm·

255 3549 371 3609 nullus
385 3548 432 3608 ibi
447 3547 595 3625 qualibet
616 3549 840 3626 subreptionis
855 3551 978 3611 astutia
993 3567 1053 3612 seu
1402 3549 1435 3605 ld
1450 3549 1517 3605 maii
1528 3550 1608 3607 ¹224·

255 3645 418 3707 violentia
443 3649 672 3722 praeponatur,
702 3647 769 3707 nisi
801 3662 898 3723 quem
933 3648 1053 3709 iratres
1228 3669 1787 3734 [wuremrqqomsubqaqfflnoq

258 3744 609 3816 communi‘consensu,
626 3744 679 3806 vel
694 3744 833 3806 fratrum
847 3760 924 3821 pars
940 3746 1053 3806 consi·

256 3840 295 3902 lii
324 3842 468 3902 sanioris
495 3842 676 3903 secuudum
713 3844 817 3903 Deum
849 3842 1055 3918 providerint

258 3938 462 4013 eligendum3
488 3939 569 3999 illud
593 3939 775 4001 districtius
798 3939 997 4011 inhibentes,
1011 3956 1053 4001 ne
1151 3938 1806 4015 Honoriusepiscopus,servusserrorum
1815 3932 1867 4001 nei,

256 4037 376 4103 terras,
405 4051 465 4096 seu
491 4035 659 4112 quodlibet
684 4035 881 4097 beneficium
903 4037 1053 4098 ecclesiae
1108 4034 1238 4095 dilectis
1253 4035 1331 4094 dliis
1343 4034 1456 4097 abbati
1472 4036 1504 4097 et
1516 4038 1695 4099 conventui
1708 4029 1869 4097 monasterii

256 4133 376 4194 vestrae
402 4132 558 4194 collatum
585 4132 684 4193 liceat
707 4133 810 4193 elicui
833 4134 1054 4208 personaliter
1108 4131 1353 4203 Novientensis,
1372 4132 1522 4203 salutem,
1537 4135 1600 4194 etc.

255 4228 340 4299 dari,
368 4228 439 4289 sive
465 4229 530 4289 alio
553 4229 649 4290 modo
674 4229 817 4290 alienari
831 4229 956 4306 absque
972 4245 1054 4291 con·
1148 4230 1253 4299 Quum
1268 4244 1288 4288 a
1303 4228 1398 4290 nobis
1413 4229 1536 4305 petitur
1559 4230 1646 4306 quod
1656 4232 1779 4308 justum
1792 4225 1833 4288 est
1848 4222 1871 4281 et

1213 3802 1356 3872 Quasdam
1369 3805 1566 3876 possessiones
1578 3806 1620 3862 eis
1633 3807 1787 3863 confirmat

136 4358 140 4368 ·
257 4340 357 4385 sensu
386 4327 533 4386 omnium
552 4326 703 4397 fratrum,
731 4327 783 4387 vel
798 4327 935 4402 majoris
951 4329 983 4388 et
997 4342 1053 4388 sa·
1109 4324 1294 4395 honestum,
1311 4324 1379 4385 tam
1401 4325 1496 4399 vigor
1510 4326 1679 4401 aequitatis
1701 4340 1794 4402 quam
1810 4319 1870 4382 ordo

257 4422 361 4483 nioris
390 4424 494 4499 partis
522 4439 648 4485 eorum.
686 4424 826 4499 Insuper
852 4425 1052 4485 auctoritate
1109 4421 1213 4496 exigit
1223 4421 1374 4493 rationis,
1392 4422 1427 4481 ut
1441 4421 1473 4481 id
1494 4437 1554 4498 per
1575 4422 1824 4484 sollicitudinem
1835 4413 1872 4474 oi·

255 4519 548 4597 vobishpostolica
564 4521 720 4582 duximus
744 4520 1002 4592 concedendum,
1016 4526 1053 4582 ut
1108 4518 1175 4578 dcii
1191 4518 1297 4579 nostri
1312 4518 1354 4578 ad
1365 4517 1509 4580 debitum
1521 4519 1727 4595 perducatur
1735 4516 1871 4580 ellectum.

258 4618 533 4696 quandocumque
554 4618 590 4679 in
600 4618 727 4694 judicio
746 4634 806 4679 vos
821 4618 956 4692 gravari
969 4634 1050 4678 sen·
1146 4618 1193 4675 Ea
1208 4616 1351 4692 propter,
1365 4615 1477 4678 dilecti
1489 4616 1524 4676 in
1537 4618 1677 4678 Domino
1693 4617 1765 4687 filii,
1777 4607 1872 4675 vestris

257 4716 380 4787 seritis,
404 4716 504 4777 liceat
527 4715 620 4778 vobis
636 4715 677 4776 ad
697 4715 814 4776 Sedem
828 4715 1051 4790 Apostolicam
1103 4713 1204 4789 justis
1231 4712 1384 4788 precibus
1400 4713 1562 4784 inclinati,
1588 4715 1629 4774 de
1652 4714 1762 4785 Sulza,
1777 4710 1872 4771 deSa-

256 4815 435 4891 appellare.
446 4815 613 4874 Praeterea
629 4828 743 4872 omnes
758 4812 929 4873 libertates
943 4814 976 4873 et
994 4813 1052 4873 im·
1107 4825 1217 4870 merzo
1228 4813 1261 4870 et
1274 4810 1314 4869 de
1332 4810 1563 4884 Sigoltezheim
1579 4811 1612 4871 et
1631 4811 1665 4871 in
1686 4803 1873 4871 Baldenbeiu

255 4913 434 4973 munitates
444 4927 463 4971 a
474 4910 774 4987 praedecessoribus
789 4910 913 4970 nostris
929 4912 1053 4971 Roma·
1108 4906 1254 4983 capellas
1267 4923 1340 4967 cum
1356 4907 1489 4968 allodiis
1498 4907 1532 4968 et
1547 4908 1758 4984 pertinentiis
1768 4915 1875 4967 earun-

255 5010 309 5069 nis
324 5008 534 5085 pontificibus
549 5007 644 5067 vobis
665 5021 853 5077 concessas,
875 5022 1004 5068 necnon
1019 5008 1052 5068 et
1107 5004 1192 5075 dem,
1207 5019 1288 5079 quas
1301 5002 1342 5064 ab
1352 5005 1484 5081 inclytae
1497 5005 1741 5066 recordationis
1755 4998 1874 5064 henrico

256 5106 427 5167 libertates
439 5106 473 5166 et
483 5104 710 5181 exemptiones
724 5104 935 5165 saecularium
949 5119 1052 5165 exac-
1107 5100 1251 5161 secundo
1275 5104 1499 5162 Romanorum
1513 5102 1724 5178 imperatore,
1741 5101 1876 5161 diecesa-

256 5203 419 5265 tionuma
449 5200 594 5277 regibus,
613 5203 646 5262 et
663 5199 869 5277 principibus
898 5200 951 5261 vel
975 5201 1051 5261 aliis
1107 5213 1224 5258 norum
1245 5197 1476 5274 episcoporum
1501 5199 1534 5258 et
1561 5199 1782 5274 capitulorum
1804 5195 1876 5268 ipso-

256 5301 409 5362 fidelibus
421 5297 766 5361 rationabilitervobis
779 5297 926 5359 indultas
937 5299 1053 5358 aucto·
1106 5310 1180 5354 rum
1204 5294 1386 5355 deliberato
1419 5310 1594 5365 consensu,
1617 5310 1679 5371 pro
1701 5286 1876 5355 liberalitate

257 5398 356 5459 ritate
371 5397 560 5475 Apostolica
571 5396 816 5465 confirmamus,
830 5398 862 5455 et
876 5395 1052 5471 praesentis
1107 5392 1292 5467 proponitis
1307 5392 1510 5452 monasterio
1528 5394 1639 5452 vestro
1648 5405 1829 5457 concessas,
1841 5382 1877 5443 si-

257 5496 371 5570 scripti
379 5495 563 5572 patrocinio
573 5493 826 5555 communimus.
838 5492 1052 5553 Decernimus
1108 5489 1163 5550 cut
1176 5504 1234 5550 eas
1245 5490 1346 5566 juste,
1361 5489 1522 5550 canonice
1545 5489 1578 5550 et
1592 5488 1731 5565 pacifice
1742 5480 1876 5565 possidet,

258 5605 348 5664 ergo,
364 5594 426 5653 etc.
1107 5586 1140 5647 et
1153 5586 1187 5647 in
1197 5585 1375 5662 privilegio
1386 5586 1597 5663 imperatoris
1607 5586 1755 5664 ejusdem
1767 5579 1876 5661 plenius

1931 130 1932 203 l

260 281 319 341 osr
870 280 1057 355 ⁴nouoan
1079 280 1125 353 111
1146 280 1294 341 orsae.
1805 288 1850 349 aa
1931 232 1932 315 ἶ
