3972 6204
92 308 147 367 873

89 484 148 558 vos
162 471 321 546 praedicta
348 472 453 536 libere
477 473 680 550 investigare
699 475 877 552 permittat,

93 566 124 627 et
145 582 224 628 suos
247 584 323 629 cum
346 570 466 632 vestris
480 571 588 633 mittat
602 572 747 643 uuuhos,
763 572 794 632 si
815 572 879 632 sibi

91 662 253 726 videbitur
276 667 445 743 expedire,
470 668 737 744 investigationis
761 670 784 729 h
805 687 818 747 J

92 760 176 821 modi
191 763 312 824 seriem
326 764 551 840 inspecturos3
569 768 678 827 certus
693 767 779 843 quod
795 767 881 827 sicut

91 857 213 933 injusta
241 860 493 935 sepedictorum
521 861 660 924 fratrum
683 864 879 939 gravamina

92 955 253 1017 sustinere
263 958 298 1017 in
308 958 469 1033 patientia
481 959 646 1032 solumne,
659 960 707 1021 sio
715 963 793 1037 jnra
807 964 879 1037 ejus

90 1050 193 1113 illaesa
204 1053 268 1113 sibi
280 1054 433 1115 volumus
449 1072 667 1129 conservare,·
680 1073 781 1134 quum
792 1073 881 1118 eum-

90 1146 163 1208 dem
175 1151 332 1231 tanquam
347 1153 517 1227 egregium
527 1155 560 1215 et
578 1153 776 1215 catholicum
792 1155 880 1230 prin·

90 1244 195 1321 cipem
222 1246 404 1309 habeamus
435 1249 470 1309 tn
505 1250 688 1311 visceribus
717 1252 877 1313 caritatis.

702 314 932 376 EPISTOLAE.
955 317 1034 379 ΜΒ.
1060 319 1114 377 tx.

1217 486 1447 577 CLXXVIII
1562 576 1564 581 ,

785 672 880 729 Μ,
933 637 986 697 Ad
1003 638 1198 710 eptscopcm
1215 639 1445 699 Portoeosem
1460 641 1499 699 Α.
1515 639 1550 700 S.
1566 636 1728 715 sepulum.

1227 767 1341 839 dtinuit
1351 768 1430 826 aaut.

1096 890 1188 955 [Fejer,
1202 890 1262 941 (lod.
1279 890 1394 955 diplom..
1414 892 1457 949 III,
1471 906 1500 950 u,
1513 892 1565 958 ib]

934 1023 992 1079 Has
1004 1036 1072 1079 suas
1082 1022 1290 1081 adhortatorias
1300 1040 1350 1097 per
1365 1026 1491 1098 legatum
1507 1042 1590 1085 suum
1606 1025 1727 1084 Andrem

1032 1111 1095 1183 regi
1108 1114 1273 1183 praesentari
1301 1113 1521 1186 persuaderique
1534 1113 1623 1187 jubet.

974 1237 1152 1309 Honorius,
1166 1239 1241 1310 eto,
1256 1239 1411 1316 episcopo
1420 1240 1608 1312 Portueusi,
1620 1243 1727 1317 Apos-

90 1343 221 1415 Quodsi
233 1359 436 1419 nonomnes,
448 1347 510 1409 etc.
525 1350 643 1409 Datum
653 1349 692 1410 ut
703 1345 877 1429 supra(1).
933 1333 1043 1395 vilicae
1054 1335 1148 1396 8θᾶἰὸ
1162 1335 1282 1410 legam,
1300 1335 1453 1401 salutem·

381 1585 589 1674 CLXXIII

88 1736 140 1795 Ad
153 1736 349 1809 episcopum
369 1739 637 1810 furconensem,
666 1740 820 1802 abactam
842 1743 877 1803 S.

126 1832 307 1894 Murteae
329 1835 444 1895 Nocar
468 1834 503 1894 et
525 1837 752 1911 praepositam
767 1841 802 1899 S.
815 1842 879 1900 Jo-

124 1932 252 1991 bonats
266 1931 395 1997 Pateat.
410 1931 443 1991 et
453 1934 595 1993 Morsto.
612 1936 779 1996 dtoecests.

379 2062 409 2119 ll
423 2062 497 2135 junii
512 2064 591 2122 ran.

265 2184 384 2249 [Ughellh
400 2186 475 2237 ltalia
490 2201 570 2249 secra,
583 2188 603 2246 1,
617 2187 698 2252 teth]

87 2298 138 2356 Eis
148 2311 265 2357 causam
280 2307 439 2359 vertentem
467 2303 541 2360 inter
561 2304 744 2376 praepositum
768 2303 879 2376 capitu·

119 2387 237 2460 tumque
262 2389 291 2446 S.
316 2389 460 2464 Pamphili
491 2392 696 2462 sulmonensis,
729 2392 881 2453 valvensis

120 2474 265 2546 dioecesis,
285 2492 321 2534 cx
339 2484 419 2550 parte
443 2493 510 2548 una,
526 2487 555 2537 et
568 2482 723 2552 capitulum
740 2481 767 2538 S.
789 2482 880 2538 Pelini

123 2564 276 2622 valvensis
289 2579 325 2622 ex
334 2566 433 2637 altera,
445 2569 602 2640 superiore
614 2568 739 2640 eligendi
754 2570 877 2629 valven·

124 2666 186 2709 sem
201 2653 367 2726 episcopum
376 2657 526 2713 committit
539 2656 759 2715 terminandam.

127 2780 298 2841 Honorius
307 2781 492 2860 episcopus,
503 2798 619 2845 servus
629 2783 880 2857 servorumDei,

83 2876 272 2957 venerabili
299 2878 394 2940 tratri
422 2880 537 2942 nostro
570 2880 726 2958 episcopo
754 2884 882 2942 Furco-

83 2975 194 3043 sensi,
210 2976 243 3036 et
257 2975 388 3037 dilectis
403 2976 486 3037 filiis
498 2976 612 3051 abbati
620 2978 750 3043 Sanctae
763 2978 880 3041 Mariae

82 3072 125 3133 de
140 3073 261 3145 Nocer,
271 3074 304 3134 et
316 3074 493 3150 praeposito
505 3075 618 3137 Sancti
630 3076 769 3138 ioannis
784 3075 882 3137 Cela-

82 3168 221 3240 mensis,
246 3168 368 3231 Trivet.
393 3169 426 3231 et
444 3170 578 3231 Marsic.
601 3171 765 3244 dioecesis,
785 3172 880 3233 salu-

81 3268 151 3329 tem
167 3267 200 3327 et
212 3266 435 3343 Apostolicam
445 3267 719 3329 benedictionem.

124 3366 193 3425 Sua
221 3363 319 3424 nobis
353 3365 550 3440 praepositus
576 3365 609 3426 ot
636 3365 817 3441 capitulum
844 3368 879 3427 S.

81 3461 253 3545 Pamphili
269 3461 431 3534 Sulmon,
444 3462 620 3524 valvensis
645 3462 810 3535 dioecesis,
827 3463 883 3523 iu-

81 3558 275 3621 sinnatione
290 3562 526 3631 monstrarunt,
543 3559 630 3637 quod
645 3559 724 3622 olim
740 3563 813 3622 orta
827 3560 882 3621 iu—

78 3657 134 3719 ter
147 3655 239 3733 ipsos
253 3670 297 3717 ex
316 3657 411 3732 parte
425 3672 492 3717 una
516 3658 550 3719 et
570 3657 751 3733 capitulum
768 3657 882 3718 Sancti

80 3753 194 3816 Pelini
209 3753 396 3825 valvensis,
414 3769 515 3830 super
534 3757 612 3831 jure
636 3753 780 3830 eligendi
795 3754 880 3816 val-

78 3866 221 3914 vensem
232 3851 424 3927 episcopum
439 3850 633 3928 quaestione,
648 3854 681 3912 et
699 3868 801 3913 causa
823 3868 881 3912 su-

78 3964 143 4025 per
155 3948 220 4009 hoc
234 3947 331 4009 bonae
347 3948 516 4010 memoriae
532 3948 700 4009 Pennensi
723 3949 880 4025 episcopo

77 4060 99 4107 a
114 4044 227 4105 felicis
242 4046 483 4107 recordationis
495 4046 687 4109 Innocentio
698 4061 783 4122 papa
798 4060 882 4122 prae·

77 4142 260 4205 decessore
289 4143 402 4205 nostro
430 4142 618 4214 commissa,
649 4142 765 4202 eodem
789 4142 881 4218 epis-

75 4255 167 4317 copo
177 4239 266 4300 viam
282 4239 446 4302 universae
458 4240 568 4302 carnis
583 4240 747 4315 ingresso,
762 4238 879 4299 eadem

74 4353 189 4415 usque
218 4336 260 4397 ad
293 4336 457 4398 calculum
486 4338 658 4398 sententiae
692 4335 879 4399 diltlnItivae

73 4434 226 4515 deducta
241 4434 401 4495 remansit
420 4434 581 4495 hactenus
596 4433 765 4508 indecisa;
790 4432 878 4494 unde

73 4530 256 4597 humiliter
273 4530 450 4607 petierunt,
465 4532 500 4592 ut
522 4547 596 4592 eam
619 4531 793 4595 terminari
820 4546 880 4609 per

72 4629 169 4691 alios
188 4629 433 4700 mandaremus,
449 4627 588 4705 ideoque
609 4643 669 4703 per
689 4628 879 4704 apostolica

72 4726 209 4802 scripta
222 4726 429 4797 mandamus,
446 4726 608 4801 quatenus
627 4725 769 4801 receptis
784 4726 879 4800 prio-

976 1432 1125 1503 Qualiter
1139 1432 1322 1495 scribamus
1337 1434 1512 1495 carissimo
1536 1435 1572 1494 in
1597 1433 1728 1495 Christo

935 1529 1004 1590 tilio
1022 1530 1148 1600 nostru,
1175 1530 1297 1591 illustri
1325 1532 1397 1606 regi
1419 1531 1612 1606 Huugariae,
1627 1546 1730 1607 super

911 1626 912 1633 ’
934 1627 1195 1703 gravaminibus,
1209 1644 1283 1705 quae
1303 1628 1432 1693 dilectis
1456 1628 1546 1696 tiliis,
1567 1628 1729 1690 tratribus

934 1723 1050 1786 domus
1075 1725 1108 1785 S.
1131 1725 1247 1787 Mariae
1275 1725 1555 1786 Thestouicorum
1579 1726 1729 1787 interra

934 1824 1058 1892 Borzae,
1074 1836 1115 1882 ac
1128 1821 1215 1882 ultra
1225 1822 1353 1882 Montes
1365 1823 1395 1883 N
1398 1822 1501 1883 ivium
1514 1821 1729 1884 diciturintu·

934 1919 1024 1990 iisse,
1038 1918 1345 1990 tenorlitterarum,
1359 1934 1442 1996 quas
1450 1934 1550 1995 super
1564 1910 1627 1981 boc
1638 1919 1669 1981 ei
1677 1918 1731 1979 dl·-

934 2015 1086 2092 rigimus,
1102 2016 1135 2077 te
1149 2015 1280 2093 plonius
1293 2015 1452 2079 edocebit.
1475 2016 1636 2087 Quocirca
1657 2016 1730 2077 tra-

934 2113 1082 2174 tarnitati
1097 2114 1162 2174 tuae
1177 2128 1238 2191 per
1248 2112 1439 2190 apostolica
1454 2113 1577 2189 scripta
1590 2113 1731 2177 manda-

935 2225 1018 2281 mus,
1036 2212 1197 2287 quatenus
1205 2210 1334 2273 litteras
1343 2212 1475 2272 nostras
1485 2211 1607 2287 exponi
1623 2210 1728 2271 facias

936 2324 995 2383 per
1018 2307 1149 2369 fidelem
1164 2307 1316 2369 nuntium
1329 2307 1394 2383 ipsi
1408 2308 1495 2383 regi3
1521 2310 1554 2371 et
1562 2308 1674 2384 ipsum
1684 2307 1729 2369 ad

935 2403 1125 2466 laciendum
1140 2421 1191 2477 ea,
1206 2420 1279 2482 quae
1290 2404 1502 2468 continentur
1511 2405 1547 2465 iu
1560 2405 1639 2476 illis,
1653 2420 1728 2465 mo-

934 2517 1015 2564 neas
1028 2502 1209 2565 efficaciter
1234 2503 1267 2564 et
1284 2502 1438 2577 inducas3
1455 2504 1488 2563 et
1503 2502 1535 2563 sl
1557 2518 1593 2563 se
1607 2503 1643 2563 in
1666 2502 1733 2563 hoo

935 2599 1066 2671 durum,
1080 2600 1168 2662 ultra
1184 2616 1283 2677 quam
1302 2599 1426 2672 deceat,
1449 2598 1648 2670 exhibuerit,
1674 2598 1728 2660 ei-

935 2697 1010 2759 dem
1025 2697 1223 2759 denuntiare
1236 2712 1406 2773 procures,
1420 2696 1505 2774 quod
1527 2696 1733 2759 nullomodo

935 2794 1050 2857 deesse
1071 2795 1252 2871 poterimus
1276 2794 1311 2855 in
1338 2809 1398 2855 sua
1419 2793 1550 2871 justitia
1571 2793 1730 2856 tratribus

935 2891 1132 2966 antedIotis3,
1170 2891 1249 2967 quia
1286 2891 1585 2967 quantumcumque
1626 2890 1730 2965 regiae

935 2987 1065 3053 deterre
1080 2986 1277 3049 sublimitati
1301 2986 1453 3057 velimus,
1479 3002 1546 3047 non
1570 2985 1728 3047 debemus

934 3088 1046 3149 tamen
1060 3084 1191 3169 deterre
1205 3084 1333 3146 homini
1346 3089 1460 3147 contra
1475 3086 1590 3147 Deum
1609 3085 1734 3147 uatum

935 3180 1067 3253 Tibure,
1084 3182 1114 3242 ΙΙ
1126 3181 1201 3245 idus
1211 3180 1414 3258 juniianno
1429 3194 1532 3245 nono,

1238 3484 1427 3572 cunni
1456 3430 1459 3435 ’

1022 3608 1074 3698 ad
1093 3634 1280 3707 Andream,
1301 3649 1419 3711 repom
1440 3638 1645 3711 Htmport'oe.

1218 3766 1251 3822 li
1268 3765 1341 3837 junii
1365 3764 1444 3821 lats.

1074 3888 1167 3954 [velen
1180 3888 1243 3939 Cod.
1258 3886 1322 3951 dipl.
1336 3887 1428 3950 Hang,
1439 3886 1483 3945 ΙΙΙ,
1496 3900 1525 3945 n,
1538 3885 1591 3951 bt]

935 4016 1007 4071 Eum
1023 4019 1106 4086 rogat
1127 4020 1154 4070 et
1175 4018 1274 4069 monet
1295 4017 1326 4069 ut
1340 4026 1425 4083 super
1440 4018 1513 4069 terra
1528 4012 1610 4068 Bozse
1629 4008 1731 4069 iratres

1042 4101 1145 4159 domus
1156 4101 1398 4158 Theutonicorum
1415 4114 1474 4156 non
1488 4099 1628 4157 molestet.

973 4237 1142 4301 Honorius
1151 4236 1462 4313 episcopusservus
1473 4235 1726 4308 servorumbei,

934 4336 1058 4397 illustri
1071 4334 1143 4411 regi
1157 4333 1350 4408 Hungariae,
1367 4332 1508 4395 salutem
1526 4333 1561 4394 et
1582 4334 1728 4410 Aposto-

933 4433 1032 4494 Iioam
1045 4431 1320 4493 benedictionem.

973 4530 1140 4600 Dolemus,
1155 4528 1284 4606 quoties
1298 4526 1452 4587 audimus
1471 4527 1504 4588 te
1528 4527 1655 4607 aliquid
1672 4526 1727 4587 ia-

934 4643 1010 4688 cere
1025 4625 1111 4704 quod
1126 4624 1223 4686 famae
1237 4626 1303 4687 tuae
1323 4623 1434 4685 obviet
1457 4626 1490 4685 et
1504 4624 1615 4696 saluti,
1639 4624 1729 4685 desi-

933 4724 1088 4785 derantes
1104 4724 1140 4785 ut
1153 4738 1284 4799 semper
1309 4721 1414 4782 iacias
1434 4737 1493 4798 per
1519 4738 1592 4799 quse
1614 4724 1681 4783 Deo
1697 4725 1733 4783 et

70 4824 126 4885 ris
142 4822 231 4884 astte
242 4822 374 4900 judicii,
398 4838 533 4883 causam
557 4823 663 4899 ipsam
674 4822 772 4899 justa
787 4823 880 4898 prio·
934 4820 1122 4882 homiuibus
1147 4819 1269 4881 debeas
1293 4818 1512 4895 complacere.
1540 4822 1577 4881 In
1594 4819 1661 4881 tuis
1676 4819 1728 4879 si-

70 4936 156 4985 rum
181 4919 419 4981 continentiam
443 4919 639 4991 litterarum,
656 4918 879 4997 appellatione
933 4918 1065 4995 quidem
1084 4916 1271 4995 privilegiis
1295 4917 1527 4994 perspeximus
1550 4916 1727 4989 contineri,

68 5018 222 5089 remota,
236 5017 365 5078 ratIone
379 5017 504 5093 praevia
519 5016 716 5079 terminetis.
740 5016 832 5088 Quod
848 5016 877 5076 si
933 5015 1018 5092 quod
1028 5016 1151 5077 terram
1161 5017 1335 5085 Bosae,aut
1344 5015 1433 5074 ultra
1441 5015 1571 5075 Montes
1580 5013 1727 5082 Ninum,

66 5132 146 5178 non
176 5113 331 5176 omnibus
356 5113 410 5175 his
437 5113 675 5189 cognoscendis
704 5113 878 5190 potueritis
932 5111 1220 5173 fratribusdomus
1235 5111 1514 5173 Theutonicorum
1536 5111 1629 5187 regia
1644 5109 1730 5171 libe-

66 5214 256 5283 interesse,
272 5215 320 5284 tu,
346 5211 449 5273 irater
475 5211 641 5288 episcope,
662 5227 737 5272 cum
762 5226 878 5271 eorum
931 5210 1065 5271 ralitate
1095 5209 1244 5281 donasti;
1270 5210 1357 5270 unde
1386 5210 1509 5270 terram
1538 5208 1646 5285 ipsam
1666 5208 1729 5269 sub

65 5311 189 5372 altero
209 5323 282 5369 eam
304 5307 523 5369 nibilominus
536 5309 742 5385 exsequaris.
759 5308 876 5370 Datum
931 5306 1129 5384 spostolicae
1159 5306 1254 5367 SedIs
1278 5307 1484 5382 protectione
1507 5306 1726 5382 suscepimus

63 5407 218 5479 Tibure,
243 5407 290 5468 ΠΙ
316 5404 392 5467 idus
411 5405 511 5484 junii,
539 5405 752 5483 pontificatus
771 5406 877 5468 nostri
932 5406 966 5467 et
988 5404 1143 5466 libertate
1176 5403 1372 5465 donavimus
1401 5402 1550 5479 speciali,
1583 5402 1729 5467 adeunt

63 5519 171 5567 anno
185 5518 285 5567 nouo.
931 5502 1122 5581 Apostolico
1141 5499 1318 5584 privilegio
1341 5499 1517 5565 statuimus
1541 5500 1731 5569 camunni,

106 5637 155 5711 (i)
175 5636 248 5696 vide
263 5635 335 5692 iutra
349 5635 497 5707 eplstolam
512 5634 546 5693 ad
562 5634 716 5705 Andream,
732 5648 829 5708 regem
844 5635 1009 5708 hungaria,
1023 5632 1078 5723 ool.
1092 5646 1167 5704 seq„
