3916 6204
96 285 156 345 593

95 444 186 505 circa
201 442 267 504 hoc
289 458 420 505 omnem
440 459 567 512 curam,
588 444 892 506 omnemsollicitu·

95 540 230 611 dinem,
268 555 400 602 omnem
426 540 633 617 diligentiam
662 542 889 617 impensurus:

93 638 207 698 sciens
227 637 311 713 quod
340 637 489 698 caritatis
502 637 659 709 affectus,
686 653 782 714 quem
812 653 893 715 prae·

92 734 185 795 dicto
199 738 236 794 A.
255 734 369 795 comiti
387 735 551 796 Tolosauo
573 736 608 795 in
623 751 762 811 egressu
775 751 835 796 suo
851 736 891 796 de

91 833 187 893 terra
204 831 262 891 illa
274 831 434 892 exhibere
446 833 581 904 curasti,
596 833 767 909 sicutipse
782 833 889 905 nobis,

92 944 162 989 non
189 929 262 989 siue
286 930 471 1005 gratiarum
491 929 688 1000 actionibus,
716 931 890 991 insibuare

91 1026 238 1097 curavit,
254 1024 350 1086 uobis
361 1029 394 1087 et
406 1026 695 1089 fratribusuostris
705 1027 891 1103 gratussuit

90 1138 160 1183 non
174 1122 342 1183 modicum
357 1123 391 1183 et
405 1124 570 1199 acceptus.
587 1126 705 1185 Datum
719 1125 888 1196 Laterani,

90 1220 203 1295 pridie
219 1234 325 1280 nonas
336 1220 466 1296 aprilis,
480 1235 567 1282 anno
581 1221 708 1282 octavo.

127 1352 224 1413 Item
245 1354 398 1424 circadam
419 1354 551 1414 tenoris
572 1353 834 1430 archiepiscopis
858 1356 891 1414 et

89 1447 260 1525 episcopis
275 1465 335 1525 per
349 1449 559 1510 Provinciam
575 1449 773 1520 constitutis,
791 1453 827 1512 ut
839 1450 891 1510 di-

88 1545 237 1620 ligenter
252 1547 284 1607 ot
301 1546 443 1607 sollicite
463 1546 620 1622 praedicto
638 1547 890 1624 archiepiscopo

87 1641 304 1709 Narbonensi
321 1643 483 1704 assistant
506 1643 541 1703 in
569 1643 727 1720 praedicto
743 1644 887 1718 negotio,

88 1737 160 1798 illis
182 1739 370 1814 praesertim
392 1740 448 1817 qui
464 1738 505 1799 ab
523 1754 563 1800 eo
585 1739 710 1801 fuerint
723 1740 887 1818 requisiti.

88 1837 213 1897 Datum
227 1837 263 1897 ut
278 1851 390 1913 supra.

379 2102 609 2189 CLXXXIII

148 2256 204 2314 Ad
223 2255 444 2323 erdovtrom,
464 2257 681 2315 Francorum
697 2267 825 2329 repam.

377 2381 395 2438 r
414 2382 511 2454 spitus
527 2382 605 2440 taes.

104 2505 250 2570 [Bouqaeh
260 2504 359 2555 Recueil
370 2506 413 2555 des
423 2505 497 2563 hist,
504 2505 801 2569 hirmengardis.
808 2507 875 2564 VIII,

416 2585 490 2648 epIst.
500 2585 569 2648 380]

85 2690 159 2749 cnm
179 2690 348 2748 Fredericus
368 2692 522 2761 imperator
538 2698 567 2747 et
584 2692 726 2748 Honorius
740 2693 886 2766 crucesig-

121 2786 261 2836 natorum
282 2777 485 2851 prolectionem
508 2779 537 2835 in
558 2780 674 2835 Terram
694 2780 827 2837 Sanctam
843 2781 886 2837 in·

123 2865 280 2923 tenderent
299 2874 451 2935 maturare,
469 2875 553 2939 rogat
570 2866 743 2924 ludovicum
759 2867 889 2926 Pontifex

121 2960 157 3011 ut
167 2953 359 3011 Raimundum
371 2955 552 3024 Tolosanum,
564 2956 611 3027 qui
620 2969 719 3026 pacem
730 2970 816 3027 quam
827 2957 888 3028 lpse

122 3043 261 3115 petierat,
279 3041 373 3099 lacere
395 3050 484 3100 ratam
506 3041 700 3113 cunctabatur,
717 3059 766 3100 rex
780 3052 888 3101 terrore

121 3131 394 3199 comminationum,
404 3145 460 3202 quo
474 3131 536 3188 solo
546 3146 618 3203 opus
627 3133 674 3201 sit,
684 3131 719 3188 ad
730 3134 888 3207 promptius

122 3218 345 3290 obsequendum
356 3218 462 3291 adigat.

128 3353 887 3430 Honoriusepiscopus..,camssmoinchristo

86 3545 232 3605 militibus
245 3546 305 3602 suis
338 3561 469 3603 ersonam
485 3562 577 3616 suam,
591 3555 619 3605 et
631 3555 735 3605 terram
750 3548 785 3605 de
798 3551 885 3606 Frau-

82 3619 129 3674 cia
149 3616 265 3698 pignori
280 3562 478 3689 ongaudum3
493 3625 522 3674 et
541 3633 597 3744 eX⁰
614 3618 847 3692 archiepiscopus
858 3621 887 3676 iu

82 3702 205 3769 propria
222 3701 341 3758 persona
363 3701 512 3744 remanere
527 3703 562 3743 vo
574 3688 657 3744 eham
677 3704 743 3745 cum
766 3690 839 3760 ipso,
859 3698 888 3748 et

81 3760 205 3814 interim
220 3758 415 3827 possessiones
433 3772 513 3814 meas
528 3772 578 3829 pro
597 3759 673 3815 mille
685 3759 763 3815 libris
779 3760 885 3844 persol-

81 3825 193 3884 vendis
213 3834 327 3884 oentum
352 3828 496 3895 militibus,
516 3829 563 3910 qui
583 3836 764 3886 remanerent
777 3845 805 3887 ta
821 3844 884 3888 cus·

81 3897 165 3954 todia
195 3897 389 3963 carcassona,
420 3899 533 3970 pignori
561 3898 706 3971 obligara3
731 3906 761 3955 ut
785 3901 886 3958 saltem

81 3982 181 4039 usque
193 3967 230 4022 ad
241 3966 351 4024 Pascha
364 3968 416 4024 Dei
431 3977 459 4024 et
471 3976 595 4025 vestrum
607 3971 757 4025 consilium
767 3985 818 4027 ers
838 3986 885 4028 ec·

80 4046 150 4095 tare
183 4052 345 4108 possemus.
374 4036 430 4095 Sed
459 4038 620 4095 audivimus
650 4038 751 4112 [quod]
780 3987 886 4098 quum

81 4108 210 4165 militem
229 4109 370 4178 privatum
388 4108 433 4165 vel
455 4115 633 4177 extraneum,
655 4119 774 4181 excepto
795 4126 884 4169 avuo-

79 4179 153 4235 culo
179 4194 232 4235 suo
257 4178 434 4247 marescallo,
459 4179 609 4236 lamberto
634 4178 670 4236 de
693 4182 829 4253 Turrego,
859 4190 886 4238 et

81 4247 261 4321 quibusdam
279 4250 341 4305 aliis
356 4264 445 4323 usque
461 4248 496 4305 ad
512 4248 613 4322 viginti
628 4249 742 4318 milites,
759 4252 887 4308 invenire

80 4321 181 4391 potuit
196 4317 288 4375 dictus
302 4334 411 4401 comes,
424 4320 471 4391 qui
487 4319 516 4375 iu
531 4327 610 4375 tanto
625 4318 789 4377 dIscrimiue
802 4323 887 4378 vellet

80 4404 242 4447 remanere
254 4404 318 4445 cum
332 4404 404 4460 tpso.

121 4462 195 4519 curu
211 4460 299 4530 igitur
315 4474 413 4515 comes
434 4474 526 4534 oeque
540 4460 672 4517 victualis
687 4474 780 4531 nequo
798 4476 884 4533 pecu·

78 4532 166 4588 niam
193 4530 317 4601 aliquam
347 4537 443 4600 posset
469 4530 584 4597 habere,
607 4545 661 4587 uec
684 4546 737 4587 nos
757 4531 886 4588 simliiter

78 4615 241 4674 possemus
260 4600 297 4656 ali
318 4599 374 4655 uod
391 4599 547 4655 subsidium
566 4601 609 4656 val
625 4600 782 4657 remedium
803 4603 882 4658 inve·

76 4673 148 4729 nire
166 4669 203 4727 ad
217 4615 434 4727 custoXiendam
450 4671 494 4726 vel
511 4669 663 4728 tenendam
682 4672 799 4729 ulterius
813 4673 882 4729 civi·

76 4749 185 4800 tatem.
200 4755 266 4796 cum
289 4739 431 4811 predictis
450 4740 573 4797 inimicis
593 4742 671 4813 pects
683 4749 712 4797 et
727 4741 792 4798 hdei
807 4750 881 4800 treu-

75 4826 155 4885 gam
183 4810 252 4867 lacit
275 4810 336 4880 ipse
361 4824 469 4878 comos,
483 4810 612 4868 videlicet
640 4819 670 4868 ut
692 4812 885 4870 Narbonensis

74 4883 188 4939 civitas
210 4887 240 4937 et
262 4878 439 4963 Agathensis
458 4896 549 4952 usque
569 4880 604 4937 ad
624 4880 695 4938 duos
716 4897 841 4950 menses,
857 4892 885 4941 et

98 4966 185 5008 aucte
200 4951 328 5021 reliquae
343 4951 482 5019 ecclesie,
493 4958 524 5008 ut
535 4951 641 5008 dictum
652 4958 705 5018 est,
717 4967 780 5023 quae
795 4968 885 5024 usque

73 4969 142 5079 Xuc
154 5028 355 5077 romanserunt
370 5022 398 5077 ln
413 5029 498 5090 terra,
513 5036 603 5095 usque
618 5021 654 5078 ad
669 5021 771 5078 festum
787 5025 884 5080 Pente

70 5099 179 5149 costes
190 5097 322 5163 treugam
337 5098 365 5147 et
382 5106 481 5163 pacem
491 5093 657 5165 generalem
670 5091 756 5148 talem
790 5094 883 5150 uatem

70 5161 241 5219 habereut:
257 5160 392 5217 adhibitis
408 5176 476 5218 cura
496 5170 526 5218 et
543 5162 690 5234 diligentia
703 5170 732 5219 et
745 5108 880 5221 szlicitu·

69 5233 162 5299 dine,
188 5238 247 5287 tam
271 5246 287 5286 a
312 5232 417 5288 comite
436 5247 522 5304 quam
544 5247 559 5289 a
583 5232 675 5302 nobis,
696 5247 883 5306 quecumque

69 5299 207 5360 debehat
222 5299 350 5357 adhiberi
369 5308 399 5358 et
419 5309 538 5373 poterat,
561 5311 591 5359 ut
614 5311 775 5360 seruaretur
794 5311 823 5361 et
840 5313 880 5361 te·

68 5378 201 5430 noratur
230 5370 303 5427 illota
333 5372 434 5428 civitas
459 5373 704 5440 carcassonensis,
734 5388 799 5431 cum
825 5389 881 5430 uon

69 5449 183 5516 posset
196 5440 232 5497 ad
248 5440 303 5497 hoo
314 5442 463 5499 consilium
479 5442 593 5514 ahquod
606 5443 738 5512 inveniri,
751 5445 882 5515 quamvis

65 5527 140 5585 ego
153 5511 388 5585 archiepIscopus
408 5520 436 5569 et
459 5513 610 5570 memorati
624 5514 750 5586 eplscopi
771 5520 800 5570 ot
821 5515 882 5587 ipse

65 5597 183 5643 comes
205 5596 343 5654 personas
366 5591 478 5639 nostras
492 5590 519 5640 et
535 5583 730 5656 possessiones
745 5584 882 5642 vellemus

701 285 930 347 EPISTOLAE.
954 288 1032 347 LIB.
1055 286 1141 347 VIII.

1679 285 1739 347 594

947 445 1016 508 tilio
1033 447 1212 520 Ludorico,
1229 447 1301 523 regi
1313 449 1517 509 Francorum
1532 445 1668 519 illustri,
1683 460 1741 507 sa-

946 541 1060 614 lutem,
1077 546 1140 606 ete.

987 640 1206 702 Petitionibus
1222 658 1304 719 quas
1323 658 1383 720 per
1397 640 1604 703 venerabiles
1618 639 1740 702 fratres

946 737 1077 798 nostros
1112 738 1396 816 archiepiscopum
1430 738 1671 800 Bituricensem
1707 732 1769 797 et'

948 834 1190 908 Lingonensem
1226 851 1265 896 ac
1298 838 1532 897 carnotensem
1566 835 1740 912 episcopos

946 929 1041 990 nobis
1063 932 1129 992 tuae
1153 933 1342 994 serenitatis
1363 933 1493 994 devotio
1513 932 1701 1002 destinavit,
1718 945 1738 991 a

946 1026 1043 1087 nobis
1062 1029 1095 1089 et
1112 1027 1270 1090 fratribus
1289 1031 1412 1091 nostris
1430 1030 1534 1091 multa
1554 1028 1739 1104 diligentia,

946 1123 1031 1184 sicut
1045 1126 1245 1201 exposcebat
1259 1127 1383 1202 negotii
1398 1125 1601 1203 magnitude,
1615 1125 1741 1185 discus·

945 1220 1003 1292 sis,
1031 1222 1078 1282 ita
1101 1223 1198 1299 quod,
1223 1222 1315 1284 finali
1338 1224 1484 1285 tractatu
1505 1222 1617 1284 habito
1638 1235 1739 1298 super

945 1316 1024 1386 illis,
1040 1318 1170 1394 praesati
1194 1320 1340 1396 episcopi
1356 1323 1426 1397 jam
1446 1321 1509 1381 iter
1528 1320 1740 1395 arripuerant

945 1414 985 1474 ad
1009 1416 1042 1476 te
1066 1431 1140 1475 cum
1155 1417 1277 1478 nostris
1302 1418 1422 1479 litteris
1444 1416 1643 1488 revertendi,
1664 1416 1737 1491 ipso

945 1511 1206 1589 archiepiscopo,
1227 1515 1284 1591 qui
1302 1530 1361 1591 pro
1381 1513 1575 1592 quibusdam
1595 1511 1738 1589 negotiis

945 1609 1015 1668 suis
1027 1609 1114 1685 apud
1127 1611 1351 1687 apostolicam
1376 1611 1494 1673 Sedem
1518 1610 1736 1680 remanserat,

945 1705 1054 1766 adhuc
1077 1707 1112 1766 in
1137 1709 1250 1768 nostra
1271 1709 1449 1784 praesentia
1474 1707 1663 1778 constituto,
1682 1722 1742 1766 su-

945 1804 1167 1878 pervenerunt
1195 1804 1359 1866 solemnes
1380 1805 1493 1866 nuncii
1519 1804 1683 1866 carissimi
1702 1803 1739 1863 in

945 1899 1075 1960 Christo
1089 1900 1150 1960 lilii
1163 1902 1343 1971 FrederIci,
1361 1902 1499 1962 illustris
1513 1903 1736 1962 Romanorum

945 1994 1154 2071 imperatoris
1167 2013 1297 2075 semper
1309 1999 1443 2075 augusti
1453 1998 1486 2059 et
1497 1998 1585 2073 regis
1600 1996 1736 2068 Siciliae,

945 2091 1039 2153 nobis
1050 2095 1205 2170 peripsos
1217 2097 1397 2156 nuncioset
1408 2095 1597 2171 imperiales
1606 2093 1737 2154 litteras

944 2191 1140 2266 exponentis
1163 2191 1294 2253 terrens
1316 2191 1517 2252 desiderium
1539 2190 1625 2267 quod
1647 2190 1678 2250 ei
1696 2187 1737 2248 de

943 2289 1054 2347 Terrae
1066 2290 1196 2350 Sanctae
1207 2304 1368 2350 succursu
1378 2288 1536 2349 Dominus
1547 2286 1735 2363 inspiravit,

944 2384 1358 2459 acpostulantisinstanter
1368 2386 1413 2457 ut,
1429 2401 1503 2446 cum
1516 2385 1587 2461 ipso
1596 2399 1692 2459 reges
1702 2383 1738 2443 et

944 2481 1112 2558 principes
1129 2482 1328 2543 christianos
1341 2483 1380 2543 ad
1393 2482 1424 2542 id
1436 2482 1585 2542 animare
1607 2480 1738 2541 studeat

944 2577 1171 2654 imperialibus
1186 2578 1419 2654 largitionibus
1442 2580 1476 2640 et
1490 2577 1672 2654 promissis,
1690 2576 1739 2637 si-

943 2676 999 2737 cut
1009 2675 1138 2751 plenius
1154 2676 1312 2752 colligere
1325 2676 1448 2752 poteris
1459 2690 1501 2735 ex
1514 2675 1628 2736 tenore
1641 2674 1734 2735 litte-

943 2787 1056 2832 rarum
1072 2772 1233 2849 ipsarum,
1248 2788 1345 2848 quem
1359 2772 1418 2833 tibi
1433 2787 1494 2848 per
1509 2771 1734 2833 venerabilem

943 2868 1078 2929 tratrem
1107 2871 1255 2930 nostrum
1285 2869 1487 2939 conradum,
1519 2870 1736 2930 portuensem

943 2966 1144 3042 episcopum,
1157 2966 1354 3041 Apostolicae
1370 2965 1464 3025 Sedis
1475 2964 1629 3040 legatum,
1642 2980 1737 3025 cura·

942 3063 1050 3122 vimus
1085 3061 1263 3133 destinare,
1300 3077 1362 3122 nos
1397 3076 1526 3139 quoque
1560 3062 1735 3121 universos

943 3159 1064 3220 Christi
1085 3157 1198 3219 lideles
1213 3158 1499 3220 exhortationibus
1512 3158 1545 3218 et
1559 3157 1737 3232 indulgen·

942 3255 998 3317 tiis
1012 3255 1210 3332 apostolicis
1229 3256 1271 3316 ad
1295 3254 1382 3316 idem
1405 3255 1552 3317 excitare
1565 3254 1735 3331 negotium

943 3353 1162 3415 studeremus.

943 3545 1088 3613 militibus,
1103 3552 1135 3604 ut
1148 3543 1254 3604 dictum
1268 3553 1322 3615 est,
1340 3560 1391 3618 pro
1406 3560 1511 3619 magna
1527 3545 1648 3617 pecunia
1663 3544 1734 3603 obli·

942 3632 1022 3689 gare,
1041 3617 1090 3688 qui
1109 3617 1210 3673 saltem
1229 3632 1319 3689 usque
1341 3615 1377 3673 ad
1399 3616 1509 3674 Pascha
1530 3617 1736 3674 carcassonam

942 3694 1098 3744 servarent.
1121 3685 1248 3744 Tandem
1270 3688 1414 3743 civitatem
1436 3687 1497 3759 ipse
1520 3701 1626 3753 comes,
1653 3685 1737 3743 valde

942 3759 1047 3814 Invitus
1068 3764 1097 3814 et
1117 3758 1255 3814 violenter
1273 3758 1446 3828 compulsus,
1468 3757 1556 3813 tristis
1576 3756 1688 3827 reliquit
1708 3763 1738 3814 et

942 3828 1051 3896 dolens,
1072 3834 1100 3883 et
1124 3842 1188 3884 cum
1203 3828 1264 3884 suis
1278 3826 1313 3882 de
1334 3834 1406 3882 terra
1428 3827 1516 3884 exirit
1535 3827 1564 3882 in
1585 3826 1734 3883 Franciam

942 3897 1106 3954 remeando.
1126 3900 1161 3953 Et
1174 3898 1246 3953 sicut
1260 3911 1296 3953 ex
1316 3897 1470 3967 premissis
1485 3905 1577 3953 vestra
1597 3897 1737 3954 serenitas

942 3975 1035 4040 potest
1049 3967 1208 4039 intelilgere
1220 3967 1376 4033 evidenter,
1393 3975 1421 4024 et
1436 3983 1488 4025 nos
1502 3965 1659 4024 secundum
1675 3974 1733 4023 tes·

943 4039 1090 4096 timonium
1106 4038 1288 4094 conscientias
1305 4045 1408 4094 nostra
1427 4045 1589 4094 constanter
1603 4036 1736 4105 dicimus,

942 4108 1016 4191 quod
1031 4108 1123 4165 dictus
1144 4122 1251 4173 comes,
1266 4109 1314 4179 qui
1335 4107 1406 4165 bella
1425 4110 1492 4165 lesu
1507 4107 1609 4166 christi
1625 4122 1676 4178 pro
1688 4108 1734 4179 ju-

942 4180 1020 4236 ribus
1040 4180 1101 4235 suis
1120 4179 1221 4250 gessit,
1242 4178 1389 4250 bucusque
1410 4192 1524 4235 omnem
1545 4177 1736 4250 diligentiam,

941 4264 1056 4306 omnem
1076 4250 1218 4306 cautelam
1238 4257 1266 4306 et
1287 4264 1372 4304 omne
1387 4263 1471 4321 posse
1490 4264 1574 4306 suurn
1596 4247 1736 4315 adhibuit,

941 4327 971 4376 ut
998 4333 1053 4376 non
1080 4321 1256 4393 amitteretur
1281 4318 1454 4376 carcassona
1478 4320 1579 4376 civitas
1604 4318 1651 4375 vel
1679 4318 1735 4375 alia

940 4397 1026 4456 terra,
1042 4395 1072 4445 et
1087 4392 1154 4447 lesu
1169 4390 1271 4447 Christi
1290 4390 1438 4461 negotium
1460 4404 1517 4445 non
1533 4388 1646 4461 periret,
1663 4396 1691 4445 et
1706 4389 1736 4445 iu

940 4468 1061 4525 motuni,
1078 4461 1151 4518 sicut
1166 4460 1249 4516 nobis
1265 4460 1375 4516 videtur
1394 4466 1422 4516 et
1442 4459 1595 4521 credimus.
1613 4458 1648 4515 ad
1668 4475 1733 4531 pro·

941 4528 1114 4587 movendum
1136 4531 1284 4602 negotium
1309 4537 1337 4586 et
1366 4530 1522 4601 regendum
1535 4546 1580 4593 sse
1606 4529 1736 4587 habuerit

940 4600 1092 4673 prudenter
1114 4608 1141 4657 et
1164 4609 1248 4656 caute
1271 4614 1306 4656 ac
1327 4600 1454 4670 viriliter,
1470 4600 1560 4672 quod,
1576 4599 1733 4657 secundum

940 4672 1103 4743 opirrionem
1127 4671 1285 4738 homiuum,
1308 4671 1424 4728 amissio
1446 4678 1529 4728 terrra
1549 4671 1603 4727 sibi
1623 4671 1733 4742 aliqua·

941 4749 1023 4799 tenus
1038 4743 1074 4797 irn
1098 4742 1169 4798 utari
1184 4756 1242 4798 noa
1254 4739 1341 4797 debet
1351 4756 1404 4798 hec
1418 4749 1520 4813 potest.

975 4812 1046 4880 Quid
1063 4757 1163 4883 pXurai
1187 4810 1383 4868 recedentibus
1397 4812 1546 4868 catholicis
1567 4818 1596 4868 et
1616 4810 1733 4883 iugatis,

939 4883 967 4937 iu
979 4884 1071 4939 locum
1082 4883 1208 5007 ipsorum
1221 4882 1345 4939 haeretici
1354 4890 1563 4948 successerunt,
1571 4880 1740 4951 credentes,

939 4952 1073 5020 lautores,
1105 4952 1251 5009 clausores
1261 4960 1289 5008 et
1299 4960 1490 5079 receptatflres
1500 4951 1733 5020 eorumdem;et,

938 5022 1013 5149 de
1029 5024 1113 5080 ulmis
1124 5026 1219 5081 tristes
1235 5031 1263 5079 et
1277 5022 1406 5081 dolentes
1443 5024 1559 5092 icimus,
1577 5022 1734 5079 Pharaonis

958 5108 1078 5149 racones
1105 5092 1259 5150 draconem
1286 5094 1375 5166 bloysi
1406 5093 1559 5150 devorasse
1589 5091 1733 5161 videntur,

938 5165 1004 5235 quia
1023 5164 1140 5235 spiritus
1158 5162 1324 5220 immundus
1358 5165 1385 5220 ui
1404 5163 1439 5220 de
1457 5162 1601 5235 provincia
1621 5161 1730 5218 Narbo·

938 5235 1020 5291 neosi
1031 5241 1060 5289 et
1070 5233 1196 5305 partibus
1208 5233 1347 5306 adjacenti
1371 5249 1413 5303 us,
1422 5249 1472 5306 per
1480 5233 1615 5290 Ecclesia
1628 5233 1732 5290 Roma·

938 5319 983 5361 na
1004 5305 1193 5360 ministerium
1219 5311 1248 5361 et
1271 5313 1396 5361 vestrum
1419 5311 1447 5361 et
1468 5304 1550 5376 regni
1568 5303 1656 5358 vestri
1678 5319 1731 5376 po·

937 5376 1055 5431 tentiam
1084 5374 1227 5445 quondam
1261 5374 1368 5445 eiectus
1394 5373 1484 5431 luerat
1510 5373 1676 5429 mirabiliter
1704 5381 1734 5432 et

938 5452 1077 5517 potenter,
1094 5460 1170 5502 nuuc
1185 5444 1297 5501 rediens
1316 5460 1381 5500 cum
1397 5445 1460 5501 aliis
1481 5452 1590 5517 septem
1611 5444 1729 5515 nequio-

937 5515 1014 5571 ribus
1029 5515 1145 5572 dotnum
1168 5516 1236 5571 olim
1256 5515 1352 5641 scopis
1373 5513 1537 5571 mundatam
1555 5520 1729 5571 stornatum

937 5587 1084 5658 ingressus
1094 5584 1231 5642 inhabitat
1241 5599 1251 5653 3
1262 5592 1291 5641 ot
1314 5593 1375 5643 octo
1389 5592 1455 5642 sunt
1466 5585 1622 5643 norissima
1635 5591 1731 5644 nostra
