3930 6206
81 262 206 322 '753

145 420 226 483 dicti
239 422 335 483 vobis
350 438 370 482 a
383 423 453 484 suis
464 422 546 484 locis
558 420 828 485 denuntiaverint
841 435 938 481 amo-

144 519 283 589 vendos,
314 518 437 594 singuli
461 520 607 581 restrum
632 519 667 579 ia
700 533 760 578 sua
791 516 937 586 dioecesi,

145 613 279 676 sublato
290 615 467 691 cujuslibet
478 615 750 678 contradictionis
771 615 805 675 et
824 613 940 691 appel·

144 711 282 772 lationis
304 712 487 784 obstaculo,
511 729 578 773 non
599 711 754 772 differant
772 725 937 772 amovere.

143 807 304 886 Alioquin
324 809 476 885 poteritis
491 825 558 870 non
572 809 738 870 immerito
760 807 939 869 formidare

144 904 364 980 quodminus
384 905 630 982 jurisdictionis
648 904 744 966 vobis
767 904 940 981 relinqua-

143 1003 200 1062 tur
213 1002 250 1061 in
263 1002 323 1072 eis,
339 1017 437 1077 quam
452 1001 618 1063 habuistis
633 1001 806 1071 hactenus,
824 1003 857 1062 et
877 999 940 1075 111-Ι

143 1097 242 1159 betis.
266 1099 383 1159 Datam
409 1098 578 1171 Laterani,
603 1100 681 1161 XIII
703 1096 864 1159 kalendas
879 1099 938 1175 ja-

149 1194 273 1267 nuarii,
288 1210 377 1256 anno
392 1210 491 1257 nono.

504 1445 576 1531 LII

165 1597 219 1655 Ad
233 1597 416 1656 1111111111
432 1597 715 1667 oremcpiscopos,
732 1596 915 1668 episcopua,

287 1770 292 1777 ,
342 1692 736 1764 1111111,1111111,111.

403 1820 435 1876 3l
451 1818 580 1877 decemb.
597 1819 676 1876 1224.

276 1942 468 2007 [Turgenerius
481 1944 584 1993 111111.
598 1943 706 2004 nussia,
717 1943 737 2001 l,
750 1941 802 2006 itt]

142 2067 193 2123 llis
211 2065 357 2138 significat
377 2081 408 2124 se
428 2066 465 2123 sd
484 2066 739 2139 evangelizandum
760 2068 789 2121 in
812 2064 938 2137 partibus

179 2153 307 2210 Livoniae
329 2169 363 2211 ac
385 2155 510 2211 Prassiae
530 2155 721 2218 Gnlllelmum,
747 2154 937 2221 Mutinensem

177 2242 344 2313 episcopum
356 2242 490 2314 elegisse,
502 2258 625 2314 eumque
635 2243 701 2300 illuc
710 2244 832 2298 mittere.
846 2244 937 2313 Rogat

177 2344 229 2385 eos
242 2336 274 2386 ut
285 2329 417 2386 eumdem
429 2330 691 2402 apostolicaesedis
703 2331 829 2402 legatum
840 2328 934 2386 bumi-

179 2416 243 2473 liter
253 2419 392 2490 recipiant
406 2419 490 2490 eique
505 2418 596 2476 debita
613 2425 748 2491 praesteut
761 2416 865 2475 cilicia.

181 2552 851 2629 Honoriusepiseopus,servasservorum
863 2553 934 2622 Ilei,

141 2645 311 2707 universis
341 2647 601 2725 archiepiscopis
621 2650 655 2710 et
677 2648 851 2724 episcopis,
877 2647 937 2708 ab·

139 2741 285 2814 batibus,
315 2744 496 2821 prioribus,
528 2745 784 2813 archidiaconis,
819 2744 936 2805 archi-

138 2840 357 2917 presbyteris,
378 2843 411 2903 et
434 2842 600 2903 universis
622 2842 700 2903 aliis
718 2843 936 2903 ecclesiarum

139 2937 300 3013 praelatis,
324 2939 465 3000 salutem
485 2942 520 3001 et
540 2940 764 3016 Apostolicam
778 2938 937 3000 benedic-

138 3035 278 3096 tionem.

181 3134 261 3192 Cum
285 3133 315 3193 is
342 3133 398 3209 qui
421 3134 604 3196 secundum
628 3150 697 3196 suae
720 3133 934 3211 omnipoten-

138 3230 221 3289 tiam
241 3231 435 3307 majestatis,
459 3247 521 3292 nec
543 3232 617 3293 loco
640 3220 748 3308 potest
770 3246 833 3292 111
851 3233 936 3293 111-

138 3341 222 3402 pore
245 3328 493 3405 comprehendi,
519 3329 632 3405 utpote
661 3327 934 3404 incircumscrip-

137 3423 256 3492 tibilis,
272 3426 306 3485 et
319 3425 501 3487 immensus
522 3428 555 3486 et
576 3425 706 3488 stabilis
726 3441 864 3487 manens
880 3425 936 3486 dat

137 3523 259 3582 cuncta
274 3522 412 3592 moveri,
429 3521 531 3583 iaciat
551 3522 690 3600 spiritus
705 3538 782 3584 suos
797 3522 935 3598 angelos

136 3618 173 3679 et
186 3618 368 3689 ministros,
392 3619 617 3696 coelorumque
634 3620 809 3682 altitudine
831 3619 934 3680 incli-

137 3716 220 3777 nata
241 3731 376 3777 carnem
402 3732 576 3778 assumens
599 3718 778 3778 humanam
801 3732 861 3793 pro
882 3732 933 3787 eo,

136 3812 226 3889 quod
248 3812 377 3873 deliciae
399 3829 469 3874 suae
491 3814 569 3875 sunt
588 3830 661 3875 esse
679 3830 753 3874 111
776 3813 854 3874 11111
874 3813 936 3873 ho-

136 3908 253 3981 minis,
268 3909 352 3969 disci
358 3910 464 3985 pulos,
474 3926 557 3986 quos
572 3912 719 3986 elegerat
727 3913 763 3970 in
776 3910 934 3970 mundum

99 4066 104 4073 ,
136 3997 358 4068 destinaverit
379 4008 582 4080 universum,
609 4010 646 4069 ut
663 4008 754 4068 omni
769 4006 934 4084 1111111-

135 4106 213 4164 rent
224 4105 439 4178 Evangelium
449 4106 622 4177 creaturae,
632 4120 692 4166 suo
703 4120 764 4165 nos
775 4104 935 4167 instruxit

135 4202 304 4278 exemplo,
322 4204 359 4265 nt
378 4205 450 4278 ejus
474 4204 649 4279 sequentes
664 4203 818 4278 vestigia,
832 4217 933 4278 quum

135 4299 300 4374 assumpti
317 4300 421 4359 simus
437 4300 472 4360 in
492 4299 731 4377 plenitudinem
747 4299 931 4376 potestatis,

134 4410 200 4457 nec
215 4411 275 4471 per
290 4411 352 4456 nos
371 4396 463 4471 ipsos
478 4396 643 4472 possimus
666 4396 809 4471 singulis
824 4410 931 4470 nego-

134 4492 195 4553 tiis
206 4491 391 4563 imminere,
402 4492 490 4553 inter
502 4507 570 4563 eos,
581 4507 663 4568 quos
673 4493 708 4552 in
721 4493 848 4567 partem
864 4492 932 4552 sol-

135 4587 323 4649 licitudinis
332 4589 558 4660 evocavimus,
574 4604 689 4660 onera,
698 4589 794 4664 quasi
809 4589 932 4650 Getbro

135 4685 190 4745 usi
215 4684 368 4755 consilio,
391 4684 577 4745 dividamus
604 4685 783 4761 unicuique
807 4700 930 4746 secun-

135 4782 215 4843 dum
230 4781 386 4842 virtutem
408 4782 587 4858 propriam,
604 4798 703 4858 quam
724 4782 828 4843 variis
843 4784 930 4843 tem-

134 4878 274 4956 poribus
284 4878 459 4940 imminent
473 4878 716 4941 committendo.
733 4881 820 4940 Sane
830 4895 931 4956 quum

134 4974 336 5053 inpartibus
351 4974 498 5037 Lironiae
512 4991 551 5036 ac
563 4977 710 5037 Prassiae
725 4976 846 5039 duritie
861 4991 931 5038 eor-

134 5074 228 5133 1111
243 5071 428 5132 infidelium
443 5073 610 5150 tamquam
624 5073 716 5135 terra
730 5074 833 5134 vastae
849 5073 931 5134 soli-

132 5169 262 5232 tudinis
284 5167 390 5229 imhre
412 5169 530 5244 gratiae
555 5170 676 5231 divinae
698 5170 875 5247 compluta,
897 5170 931 5231 et

133 5267 928 5343 111111111111111111111111111111111111

763 260 993 335 EPISTOLAE).
1015 260 1094 320 ΜΒ.
1118 260 1173 319 IX.

1638 344 1642 355 A
1723 260 1784 322 754

993 417 1128 480 uberius
1160 416 1292 479 Domini
1317 414 1459 479 feliciter
1482 417 1518 479 in
1541 414 1686 495 se'getem
1708 418 1786 497 pul·

993 516 1085 585 lulet,
1102 515 1149 576 ita
1173 513 1259 590 quod
1281 516 1434 590 regiones
1454 514 1539 576 albae
1562 516 1630 576 sint
1648 518 1719 593 jam
1741 517 1784 578 ad

993 626 1145 682 messem,
1160 626 1233 687 quae
1248 612 1391 687 quidem,
1404 612 1503 673 dante
1519 613 1658 674 Domino
1673 612 1786 674 incre-

994 709 1151 778 mentum,
1167 708 1273 769 multa
1285 709 1345 779 est,
1357 709 1502 785 operarii
1516 725 1596 771 vero
1609 710 1718 786 pauci,
1728 725 1786 771 ax·

993 804 1093 881 pedit,
1115 806 1151 866 ut
1170 805 1229 864 alii
1247 805 1420 867 mittantur
1440 807 1521 867 illuc
1542 809 1676 879 metere,
1696 807 1783 884 quod

993 900 1052 961 alii
1067 901 1285 973 seminarunt,
1298 903 1472 979 quatenus,
1483 904 1664 964 secundum
1677 919 1782 966 evan-

992 998 1132 1072 gelicam
1150 998 1316 1070 virtutem,
1333 999 1389 1076 qui
1404 1000 1570 1061 seminant
1584 1000 1684 1061 simul
1694 1017 1783 1078 gau-

993 1094 1092 1155 deant
1104 1095 1137 1155 at
1151 1095 1207 1172 qui
1222 1096 1359 1156 metunt.
1380 1097 1541 1157 Caeterum
1557 1098 1635 1174 quia
1647 1113 1707 1174 pro
1722 1113 1784 1159 11-

993 1193 1156 1267 gotiorum
1183 1193 1421 1268 emergentium
1452 1194 1611 1271 qualitate
1645 1211 1782 1256 necesse

993 1288 1152 1350 habemus
1167 1289 1303 1351 idoneas
1325 1306 1484 1367 personas
1508 1291 1641 1367 eligere,
1663 1292 1782 1369 quibus

993 1402 1031 1446 11
1045 1386 1245 1449 11111111111
1259 1388 1513 1460 committamus,
1530 1404 1607 1449 ecce
1622 1389 1662 1449 ad
1679 1404 1783 1450 eran-

992 1483 1200 1558 galizandum
1239 1484 1275 1544 11
1310 1485 1461 1560 partibus
1500 1486 1570 1546 illis
1608 1486 1782 1547 Dominum

991 1583 1009 1642 J
1012 1596 1104 1641 esum
1119 1579 1284 1642 Christum
1298 1582 1458 1657 elegimus
1473 1583 1698 1644 venerabilem
1712 1582 1783 1644 ira-

991 1679 1075 1737 trem
1087 1678 1234 1739 nostrum
1247 1678 1782 1758 1111111111,1111111111ρί-

992 1789 1138 1849 scopum,
1159 1774 1213 1835 rel
1228 1775 1338 1850 potius
1352 1775 1448 1837 nobis
1467 1776 1562 1853 quasi
1582 1777 1780 1849 dicentibus,

992 1886 1087 1947 quem
1103 1871 1269 1933 mittemus
1285 1872 1404 1948 etquis
1418 1872 1488 1945 ibit,
1501 1873 1694 1935 nobisidem
1706 1890 1782 1935 cum

992 1968 1079 2028 Isaia
1103 1968 1221 2030 obtulit
1241 1985 1277 2030 se
1298 1970 1503 2042 mittendum,
1527 1971 1582 2047 qui
1607 1970 1784 2032 honestate

991 2063 1079 2136 vitae,
1091 2066 1344 2127 conversatione
1353 2066 1537 2142 religionis,
1551 2070 1585 2129 et
1593 2068 1782 2129 eruditione

991 2161 1140 2223 scientiae
1148 2162 1316 2238 praeditus,
1325 2163 1782 2240 neeignoransquodnullum

991 2260 1059 2319 Deo
1076 2259 1276 2321 1111111111
1295 2260 1338 2321 sit
1352 2261 1520 2337 acceptius
1536 2277 1634 2339 quam
1648 2262 1780 2323 lucrum

992 2371 1141 2431 quaerere
1153 2357 1351 2429 animarum,
1367 2358 1471 2419 totum
1486 2358 1526 2419 ad
1540 2358 1574 2418 id
1585 2359 1733 2421 totaliter
1745 2375 1782 2421 se

991 2452 1152 2528 impendit
1174 2453 1361 2530 exemplum
1382 2453 1545 2516 bonorum
1566 2471 1703 2532 operum
1721 2472 1784 2533 po-

991 2548 1099 2608 nendo
1116 2549 1286 2625 seipsum,
1303 2551 1401 2627 prout
1414 2566 1481 2613 non
1496 2553 1564 2613 tam
1577 2552 1783 2628 argumentis

991 2644 1217 2722 probabilibus
1248 2663 1346 2723 quam
1380 2650 1616 2725 experimentis
1642 2649 1782 2711 eviden-

991 2740 1079 2801 tibus
1102 2742 1227 2803 clarius
1249 2743 1324 2805 luce
1347 2745 1447 2820 patet.
1476 2747 1584 2816 Quare
1605 2746 1783 2808 commisso

991 2837 1055 2898 sibi
1075 2838 1181 2914 plenae
1206 2839 1382 2916 legationis
1406 2841 1527 2914 officio,
1549 2844 1618 2904 tam
1639 2843 1674 2903 in
1690 2859 1782 2920 prae-

990 2934 1087 2996 dictis
1110 2936 1303 3010 regionibus
1324 2954 1423 3015 quam
1442 2940 1477 2999 in
1499 2940 1669 3011 Holzeten,
1691 2943 1782 3002 Hes·

989 3032 1093 3105 tonia,
1111 3034 1315 3109 Semigallia,
1340 3035 1564 3109 samblandia,
1584 3037 1780 3107 Curlandia,

990 3128 1178 3191 Wirlandia
1193 3131 1274 3192 etin
1293 3131 1412 3193 1111111
1432 3133 1615 3203 Gulandiae,
1629 3136 1782 3209 Burgen-

990 3226 1155 3300 domiinae,
1170 3227 1273 3300 Rivae,
1291 3228 1510 3302 Gotlhandiae,
1527 3231 1634 3307 ipsum
1648 3231 1688 3292 11
1699 3246 1780 3308 par·

989 3323 1130 3384 tosillas
1154 3324 1358 3401 providimus
1378 3327 1628 3402 destinandum3
1652 3328 1781 3390 firmam

989 3436 1093 3497 spem,
1130 3421 1348 3499 fiduciamque
1377 3424 1540 3496 tenentes,
1574 3425 1660 3501 quod
1689 3426 1781 3487 tanto

990 3535 1062 3596 quae
1071 3519 1201 3581 Christo
1214 3523 1291 3583 sunt
1304 3522 1378 3598 ipso
1389 3523 1533 3600 propitio
1547 3525 1624 3599 aget
1638 3523 1779 3596 felicius,

990 3619 1113 3692 quanto
1122 3617 1256 3694 propria
1271 3619 1381 3679 minus
1394 3621 1536 3696 quaeret:
1552 3635 1634 3682 eove
1648 3620 1781 3682 facilius

989 3713 1112 3774 diffusa
1135 3714 1170 3773 in
1189 3713 1287 3775 labiis
1307 3716 1377 3775 suis
1401 3718 1510 3790 gratia
1529 3718 1676 3793 optatum
1700 3734 1783 3779 con-

989 3814 1145 3886 sequetur
1159 3811 1322 3883 effectum,
1343 3828 1406 3887 quo
1422 3813 1506 3874 solet
1522 3814 1608 3889 quod
1621 3814 1781 3891 praedicat

989 3906 1167 3982 perfectius
1194 3923 1294 3984 opere
1317 3908 1510 3985 adimplere.
1538 3910 1680 3987 Ideoque
1704 3912 1783 3971 uni-

988 4004 1180 4066 versitatem
1199 4006 1344 4066 vestram
1365 4022 1533 4082 rogamus,
1554 4023 1726 4070 monemus
1741 4024 1781 4071 ac

988 4099 1171 4174 hortamur,
1193 4119 1233 4164 11
1252 4119 1312 4179 per
1331 4104 1521 4180 apostolica
1541 4104 1638 4166 robis
1656 4107 1780 4184 scripta

988 4198 1128 4260 tirmiter
1142 4200 1365 4276 praecipiendo
1380 4201 1587 4275 mandantes,
1604 4206 1778 4280 quatenus,

987 4296 1137 4357 eumdem
1165 4298 1365 4374 Apostolicae
1394 4299 1488 4360 Sedis
1516 4301 1662 4376 legatum
1687 4301 1779 4363 reci-

988 4393 1115 4469 pientes
1130 4394 1311 4468 bumiliter,
1331 4397 1364 4457 et
1382 4397 1500 4459 devote
1514 4397 1619 4475 ipsius
1634 4398 1782 4460 salubri·
1869 4428 1880 4434 -

986 4490 1048 4551 bos
1058 4492 1233 4564 mandatis,
1244 4496 1276 4555 et
1286 4493 1421 4555 monitis
1431 4493 1777 4572 efficaciterpareatis,

987 4591 1021 4648 et
1032 4589 1221 4664 spiritualia
1243 4590 1422 4651 seminanti
1441 4592 1639 4668 temporalia
1655 4593 1777 4653 minis·

986 4685 1115 4757 trando,
1144 4687 1190 4747 ita
1217 4686 1302 4763 quod
1329 4687 1451 4749 exinde
1472 4688 1619 4750 divinam
1643 4692 1677 4751 et
1698 4705 1780 4751 nos-

985 4782 1071 4843 tram
1100 4782 1243 4857 gratiam
1265 4784 1400 4861 possitis
1421 4784 1557 4848 uberius
1583 4787 1777 4863 promereri.

984 4878 1143 4956 Alioquin
1171 4881 1383 4954 sententiam,
1418 4899 1516 4960 quam
1551 4884 1640 4945 idem
1665 4884 1779 4948 tulerit

985 4976 1047 5038 rite
1062 4977 1097 5038 in
1112 4977 1263 5050 rebelles,
1279 4980 1386 5041 ratem
1401 4979 1605 5053 habebimus,
1623 4983 1656 5043 et
1669 4981 1776 5044 facie-

984 5089 1058 5133 mus
1081 5076 1217 5135 auctore
1240 5076 1381 5138 Domino
1401 5077 1641 5140 inviolabiliter
1662 5078 1779 5141 obser-

983 5171 1067 5231 vari.
1085 5173 1203 5233 Datum
1216 5174 1385 5246 Laterani,
1402 5176 1432 5236 ΙΙ
1445 5175 1605 5237 kalendas
1614 5177 1776 5254 januarii,

984 5284 1071 5330 anno
1086 5285 1185 5331 nono.
