3972 6204
126 329 189 393 am
748 310 1077 380 6666666116.
1102 313 1157 376 lx.
1709 315 1770 379 894

126 503 167 552 ac
193 482 452 549 clementissime
473 478 662 554 Benedicte,
683 493 744 557 pro
768 478 823 551 iis,
847 491 923 556 666
975 490 1103 548 ramus,
1130 475 1232 552 atque
1253 473 1291 535 in
1312 473 1509 551 perpetuam
1532 472 1768 539 6661666666

128 584 381 648 116666661666
395 581 469 643 1666
480 577 796 651 didicisti,moestum
807 589 923 653 gerere
979 573 1087 649 eidem
1107 571 1229 635 dilecto
1248 570 1329 644 tilio,
1355 574 1492 649 ejusque
1505 572 1767 645 successoribus,

125 682 279 745 animum
295 697 303 742 ε
321 679 489 758 quoniam,
502 675 588 754 quod
602 675 705 737 semel
720 691 741 736 a
756 677 924 750 166666-
978 669 1118 731 inomni
1145 669 1311 731 66666616
1332 669 1566 746 episcoporum
1591 669 1625 731 et
1636 669 1768 747 princi·

128 780 235 844 lixum
248 779 311 847 est,
336 773 552 846 immutabile,
568 775 669 851 atque
690 769 921 842 irrevocabile,
979 783 1056 844 pum
1069 766 1274 844 superiorem
1289 764 1442 829 omnibus
1450 765 1625 829 abbatibus
1639 767 1768 841 sedere,

128 877 213 941 solis
234 875 294 937 tibi
307 884 366 937 tuo
380 873 499 935 merito
513 871 682 933 concessis
701 867 922 932 habitantium
979 863 1056 927 6116
1071 862 1224 925 conciliis
1235 863 1270 925 et
1292 863 1429 941 judiciis
1448 864 1595 942 priorem
1609 864 1662 926 sui
1674 864 1769 926 ordi·

129 976 166 1036 in
177 974 252 1036 loco
266 969 460 1042 animabus3
485 968 543 1031 sed
562 967 670 1030 616611
687 963 923 1044 omnipotentis
978 962 1032 1023 nis
1041 960 1195 1023 omnibus
1221 960 1421 1023 sententiam
1436 960 1586 1039 prolerre
1596 977 1656 1040 pro
1666 977 1768 1025 reve-

130 1072 194 1134 Dei
207 1068 402 1140 consolatio,
415 1082 488 1144 quae
503 1066 612 1127 locum
622 1066 722 1127 16166
737 1063 772 1125 16
787 1061 924 1140 666116-
978 1059 1087 1121 rentia
1100 1058 1186 1121 tanti
1214 1057 1290 1131 loci,
1308 1058 1366 1136 qui
1384 1059 1526 1136 primam
1550 1059 1585 1122 61
1604 1075 1769 1122 summam

129 1185 213 1241 rem,
230 1169 265 1230 et
281 1165 387 1227 multo
414 1163 597 1236 meliorem,
620 1177 719 1239 quem
738 1176 839 1230 nunc,
859 1160 921 1233 661,
978 1156 1169 1218 monastice
1193 1155 1435 1232 legislationem
1459 1157 1495 1217 in
1522 1156 1638 1219 eodem
1658 1158 1770 1218 Cassi-

130 1265 285 1329 restituet
298 1262 438 1340 gradum
462 1262 496 1323 et
512 1261 612 1337 hujus
626 1259 753 1321 ordinis
772 1257 923 1321 doctrina
976 1254 1075 1315 nensi
1090 1253 1242 1315 coenobio
1260 1252 1420 1328 scribens,
1436 1252 1537 1317 66616
1556 1255 1589 1331 et
1602 1256 1768 1333 exemplo,

130 1361 172 1423 de
182 1362 246 1423 hoc
252 1360 371 1422 iterum
380 1373 442 1436 per
450 1355 674 1420 totumorbem
683 1353 828 1416 radiabit
837 1351 922 1427 loco,
979 1351 1162 1413 coenobiale
1176 1351 1383 1429 6666661166
1397 1352 1629 1429 appetentibus
1646 1352 1684 1414 in
1699 1353 1767 1416 1616

131 1458 220 1538 quod
244 1460 318 1536 6661
331 1455 479 1534 ejnsdem
501 1453 606 1531 patris
620 1452 746 1531 obitum
769 1465 925 1513 consum·
978 1448 1315 1511 mundosoleclarius
1326 1448 1479 1512 61166611.
1497 1452 1562 1511 Ρ66
1579 1450 1771 1527 666116661-

130 1559 260 1619 matum
274 1556 334 1617 est.
348 1554 435 1615 Nam
449 1567 469 1615 a
484 1550 710 1628 Longobardis
722 1551 875 1611 invasum
889 1547 924 1607 in
978 1561 1083 1608 nense
1092 1544 1278 1608 coenobium
1291 1547 1480 1609 exaltantes
1492 1547 1714 1617 decernimus,
1729 1564 1770 1611 66

131 1656 212 1732 1666
227 1652 409 1716 66666166
422 1651 486 1727 est3
503 1648 624 1710 1661666
637 1649 748 1710 66166
763 1646 804 1707 61
818 1648 926 1722 11666-
977 1643 1222 1721 16666661666
1242 1643 1488 1718 6661666666,
1504 1647 1541 1708 61
1559 1645 1770 1722 supradictus

129 1752 267 1815 1611666
296 1749 414 1812 Sedern
439 1747 677 1810 66616616666
710 1742 925 1808 concessione
979 1740 1072 1803 locus
1092 1740 1270 1818 dignitate,
1299 1741 1414 1818 616666
1453 1742 1487 1804 61
1516 1742 1771 1811 honoriticentia

130 1850 243 1912 666611
273 1845 531 1925 predecessoris
558 1843 665 1905 nostri
689 1842 818 1918 Pelagii
825 1842 925 1919 juxta
980 1839 1488 1916 66666161666166666616616,
1496 1855 1571 1919 quae
1580 1840 1771 1904 constructa

130 1948 358 2010 lateranense
381 1943 542 2022 palatium
565 1940 804 2002 monasterium
822 1954 923 2001 cons·
979 1936 1032 1999 661
1047 1938 1269 2000 construenda
1283 1938 1404 1999 suntin
1415 1939 1483 2001 toto
1495 1938 1575 2000 orbe
1589 1940 1768 2015 terrarum

128 2044 320 2115 truxerunt,
336 2042 436 2118 atque
451 2055 511 2117 666
528 2037 696 2117 66611666
714 2039 844 2114 166666
858 2036 924 2096 ba·
979 2033 1148 2112 abbasque
1173 2035 1322 2113 eiusdem
1333 2035 1400 2097 loci
1417 2034 1539 2097 celsior
1552 2052 1592 2098 66
1606 2036 1772 2099 celebrior

128 2139 333 2202 bitaverunt.
348 2137 411 2198 Sed
424 2139 495 2214 jam
518 2151 593 2197 cum
609 2134 818 2212 omnipotens
838 2134 924 2193 Deus
978 2132 1102 2195 existat
1110 2131 1262 2194 omnibus
1274 2132 1448 2195 abbatibus
1457 2133 1608 2197 eamdem
1617 2135 1769 2211 regulam

131 2231 922 2301 censuissetdassinenseeoenobiumrestaurare‚
979 2229 1179 2294 tenentibus.
1195 2230 1255 2291 Illa
1273 2226 1331 2292 166Ι
1342 2232 1518 2293 monastici
1531 2232 1660 2295 ordinis
1672 2233 1772 2311 caput

130 2350 173 2397 66
201 2333 418 2396 cenobialem
447 2330 699 2401 institutionem,
736 2344 809 2405 666
846 2326 924 2387 1616
979 2329 1154 2389 teneatue
1176 2328 1410 2405 principatum,
1434 2328 1490 2390 ubi
1514 2330 1661 2407 ejusdem
1684 2331 1770 2407 legis

131 2431 335 2511 principium
350 2429 547 2507 sumpserat,
562 2443 605 2489 66
619 2427 734 2488 66166
754 2425 827 2488 loeo
842 2440 924 2503 666-
979 2424 1163 2502 descriptor
1185 2425 1395 2497 Benedictus,
1422 2427 1518 2502 66166
1541 2428 1772 2493 sanctissimus

131 2545 267 2610 pagare,
284 2545 305 2589 a
322 2527 532 2590 sanctissimo
545 2525 705 2601 Gregorio
720 2527 776 2596 111,
791 2523 924 2601 666616-
980 2522 1129 2585 666166
1145 2522 1336 2585 describens
1360 2524 1584 2600 promulgarit
1607 2526 1770 2601 regulam,

131 2642 268 2691 cessere
282 2628 406 2697 nostro,
417 2625 591 2695 Petronas,
603 2623 742 2684 dilectus
755 2622 843 2683 illius
852 2636 925 2682 nos·
980 2618 1091 2697 ibique
1103 2619 1239 2682 6116166
1251 2620 1446 2683 616666611
1457 2621 1667 2685 honoremur
1681 2638 1773 2685 6666

131 2726 196 2797 166,
210 2726 261 2786 661
275 2723 316 2785 61
332 2722 588 2785 restaurandum
601 2720 757 2782 directus.
772 2719 834 2793 Qui
850 2734 924 2779 cum
979 2718 1123 2779 rentiam
1138 2717 1298 2789 delerant,
1313 2720 1346 2779 61
1357 2717 1405 2778 111
1420 2719 1576 2796 usquead
1587 2719 1673 2780 diem
1684 2720 1774 2797 jndi-

132 2821 176 2885 ad
188 2821 340 2884 eumdem
349 2818 622 2890 locumvenisset,
639 2817 823 2880 communis
832 2816 929 2895 pater
980 2814 1024 2875 eii
1053 2818 1204 2891 quaerant
1229 2814 1411 2887 doctorem,
1446 2816 1503 2876 ubi
1533 2816 1773 2878 monachorum

130 2920 247 2983 noster
266 2918 446 2994 Gregorius
458 2932 502 2979 66
525 2916 587 2977 hoc
611 2916 734 2977 mundo
749 2913 923 2991 migravit3
981 2911 1180 2972 universalis
1202 2912 1362 2989 magister
1385 2917 1418 2974 et
1437 2913 1551 2975 doctor
1560 2914 1770 2989 Benedictus,

131 3017 191 3081 sed
204 3017 278 3094 post
301 3018 373 3092 ejus
390 3002 571 3076 'excessum
586 3012 622 3073 in
638 3012 721 3074 Sede
735 3009 925 3089 1666161166
979 3008 1075 3085 66166
1087 3008 1251 3070 almificus
1261 3008 1480 3086 corporaliter
1491 3025 1558 3071 una
1571 3026 1645 3072 cum
1656 3027 1772 3075 sorore

131 3131 208 3178 cum
221 3113 369 3193 66661166
387 3113 504 3173 666166
524 3110 753 3183 successisset,
781 3125 864 3187 opus
884 3107 925 3169 ab
980 3122 1041 3167 sua
1054 3105 1239 3183 quiescens,
1252 3105 1672 3182 gloriosaeresurrectionis
1685 3108 1773 3171 1166

131 3206 927 3288 111666661661666616666116666161666666-
980 3204 1162 3280 exspectat.

130 3309 191 3382 bii,
208 3306 387 3386 adjuvante
397 3306 548 3377 Domino,
561 3306 601 3367 ad
613 3305 712 3366 linem
731 3319 837 3382 usque
849 3319 927 3382 per-
1020 3300 1180 3364 Deluncto
1195 3301 1306 3363 autem
1318 3300 1437 3363 abbate
1445 3317 1488 3363 ex
1499 3318 1535 3363 se
1548 3302 1620 3379 ipsa
1633 3319 1775 3381 congre-

130 3401 927 3480 duximus.Haecautemeodemdie,quosanctis·
980 3397 1771 3479 gatioseeundumsaniusconsiliumsapientum,

130 3504 210 3565 simi
219 3503 323 3580 patris
338 3501 521 3563 Ecclesiam
531 3499 767 3572 dedicavimus,
779 3500 926 3577 66661166
980 3498 1014 3560 61
1025 3497 1196 3559 66616666
1215 3496 1355 3558 1661666
1370 3496 1433 3558 sibi
1448 3497 1600 3561 abbatem
1611 3499 1725 3576 eligat,
1741 3501 1775 3564 et

130 3602 265 3663 nostras
279 3599 397 3661 obtulit
415 3597 518 3658 libros
538 3598 668 3659 Sanctae
688 3597 926 3674 scriptumest
979 3594 1179 3672 1666161166
1206 3593 1301 3656 Sedis
1329 3596 1482 3658 Pontifici
1511 3596 1775 3660 confirmandum

130 3697 256 3759 111666
280 3695 425 3773 regulae,
449 3710 546 3772 quem
573 3695 804 3756 sanctissimus
832 3696 926 3773 pater
980 3693 1014 3755 61
1035 3691 1297 3754 consecrandum
1326 3692 1492 3755 exhibeat.
1511 3696 1652 3772 Insuper
1663 3695 1774 3758 antem

129 3810 235 3857 manu
249 3793 382 3871 6666616
397 3791 594 3870 scripserat3
621 3791 749 3869 pondus
767 3792 924 3855 6116611-
981 3791 1137 3869 praesenti
1152 3790 1566 3867 661611661666666116166
1581 3792 1691 3854 locum
1706 3808 1774 3855 una

129 3892 202 3955 brae
215 3891 322 3969 panis,
339 3892 372 3953 61
398 3904 588 3951 66666666
609 3890 692 3959 6161,
709 3905 770 3951 666
787 3905 855 3952 666
869 3890 924 3951 di·
981 3904 1055 3949 666
1070 3886 1223 3951 omnibus
1238 3886 1302 3948 sibi
1320 3886 1563 3964 pertinentibus
1575 3890 1726 3951 ecclesiis
1741 3891 1776 3953 61

130 4004 333 4066 versaque
356 3986 398 4049 ad
422 3987 684 4050 ecclesiasticum
703 3987 925 4049 ministerium
980 3983 1247 4063 possessionibus
1263 3982 1468 4057 roboramus,
1485 3987 1632 4064 atqueut
1645 3989 1773 4051 6611166

131 4087 301 4166 pertinent
310 4086 517 4158 ornamenta,
534 4087 567 4147 61
579 4084 808 4162 possessiones
823 4088 925 4162 Apos-
980 4082 1119 4145 alterius
1150 4081 1312 4154 ecclesiae,
1341 4082 1406 4143 nisi
1435 4085 1577 4146 Romani
1599 4086 1772 4151 Pontifleis

129 4184 234 4248 tolica
245 4181 444 4245 liberalitate
455 4182 690 4244 concessimus.
703 4183 852 4255 Qualiter
863 4199 926 4244 au·
980 4179 1161 4242 ditionibus
1176 4179 1399 4253 submittatur,
1415 4181 1613 4244 auctoritate
1624 4185 1769 4260 aposto-

128 4284 200 4346 tem
211 4280 362 4358 ejusdem
371 4281 474 4358 patris
486 4280 636 4357 pignora,
646 4281 839 4359 sororisque
850 4283 924 4358 ejus
977 4278 1045 4339 lica
1056 4277 1287 4339 interdicimus
1296 4300 1304 4352 ;
1314 4277 1361 4340 ita
1377 4280 1413 4340 61
1423 4277 1489 4339 nisi
1497 4278 1539 4341 ab
1550 4278 1668 4342 611616
1682 4281 1736 4345 661
1751 4298 1773 4345 6

130 4381 212 4441 sunt
220 4379 329 4456 posita
344 4377 582 4456 perspicientes
596 4393 636 4440 ac
653 4378 851 4442 intemerate
865 4379 923 4441 16-
979 4375 1159 4452 6666666116
1173 4373 1275 4438 166611
1285 4375 1644 4444 invitatus,missarum
1657 4380 1775 4442 solem·

129 4473 318 4546 venientes,
343 4488 403 4550 pro
417 4473 606 4535 reverentia
626 4474 711 4535 tanti
724 4475 828 4552 patris
848 4475 926 4537 tan-
977 4472 1775 4553 nitatemnullusepiscopuscelebrarepraesnmat

129 4587 213 4650 gere
237 4570 374 4632 minime
401 4570 475 4631 6661
501 4586 626 4631 66666.
650 4573 688 4632 16
716 4572 925 4636 dedicatione
979 4572 1014 4632 in
1030 4570 1156 4633 eisdem
1171 4570 1450 4648 possessionibus.
1468 4572 1595 4643 Quoda
1617 4576 1775 4649 praesenti

129 4685 214 4733 6666
228 4668 386 4746 ejusdem,
403 4683 478 4729 cum
493 4667 563 4729 illic
586 4685 652 4730 una
672 4684 747 4731 666
765 4670 924 4732 16616616
978 4668 1086 4746 66166
1099 4667 1281 4730 1611611666
1293 4667 1557 4731 irrevocabiliter
1567 4671 1641 4732 etin
1652 4687 1776 4751 perpe-

130 4766 734 4844 66611661666616,616666616166616
759 4768 924 4846 661666616
978 4768 1073 4829 1666
1102 4765 1290 4828 stabilimus
1312 4765 1534 4838 retinendum,
1562 4770 1595 4830 et
1620 4784 1695 4830 cum
1712 4771 1774 4833 Dei

130 4863 336 4935 adessemus,
352 4862 439 4923 idem
454 4862 688 4926 dilectissimus
709 4864 798 4927 tilius
813 4868 926 4931 666166
979 4865 1099 4927 timore
1139 4863 1357 4927 servandum.
1401 4863 1589 4926 statuentes
1636 4865 1775 4946 insuper

129 4960 418 5040 postularecoepit,
429 4962 592 5038 quatenus
603 4963 925 5043 possessionesque
979 4962 1334 5041 apostolicaeensura,
1348 4959 1774 5039 subdivinijudieiiobser-

130 5059 242 5122 eidem
267 5057 469 5120 monasterio
489 5057 608 5121 oblatae
636 5062 760 5133 sunta
783 5062 924 5140 quihus·
979 5061 1114 5123 vatione
1129 5060 1163 5122 et
1182 5058 1303 5121 validis
1324 5059 1424 5136 atque
1442 5058 1612 5122 atrocibus
1626 5062 1772 5125 666116-

130 5155 449 5234 cumquetldelibns,
465 5172 526 5233 per
546 5159 697 5218 nostrum
713 5159 925 5237 privilegium
979 5158 1078 5221 matis
1100 5155 1401 5229 intordictionibus,
1423 5158 1460 5219 ut
1486 5156 1599 5218 nullus
1626 5175 1771 5237 unquam

129 5254 392 5326 roboraremus;
424 5252 559 5315 illorum
598 5255 786 5326 desideriis,
813 5258 925 5335 utpote
980 5254 1127 5334 qualibet
1140 5255 1312 5331 dignitate,
1336 5255 1395 5317 aut
1417 5254 1579 5332 potestate
1594 5257 1773 5333 praedictns

129 5349 327 5415 amabilium
337 5349 523 5423 innuentes,
537 5351 609 5414 1666
621 5368 683 5429 666
697 5368 844 5430 praesens
855 5356 927 5432 pri·
981 5356 1162 5431 praesumat
1187 5352 1295 5415 eidem
1320 5352 1523 5414 monasterio
1547 5352 1773 5421 6616661166

128 5448 304 5524 vilegium,
334 5463 407 5524 quae
427 5464 448 5508 a
472 5448 568 5511 nobis
596 5450 741 5529 aliisque
773 5452 925 5516 11611166
981 5455 1054 5530 ejus
1078 5448 1345 5529 possessionibus
1373 5450 1441 5512 vim
1474 5448 1598 5512 inferre
1626 5453 1679 5513 661
1704 5454 1774 5516 ali·
1814 5445 1818 5451 ⁴

129 5558 294 5610 concessa
311 5543 448 5615 666116
466 5544 581 5606 eodem
595 5547 669 5608 loco
681 5548 716 5609 in
732 5551 926 5626 perpetuum
980 5549 1058 5628 qnid
1081 5549 1122 5610 16
1151 5547 1204 5609 bis
1225 5547 1437 5625 aliquomodo
1461 5546 1605 5621 6616666,
1621 5548 1776 5615 6616116·

129 5642 340 5707 roboramus.
356 5641 436 5703 Item
452 5641 537 5704 intra
554 5660 561 5705 :
576 5646 749 5707 Praeterea
762 5646 924 5709 6666616-
980 5661 1074 5719 6666,
1088 5645 1145 5707 661
1171 5646 1279 5708 61666
1299 5644 1402 5723 66616,
1419 5660 1480 5707 666
1500 5643 1776 5712 166166166166-
