3886 6214
52 402 100 463 etl
251 396 254 401 ⁴
644 397 871 461 EPISTOLAE.
895 399 973 461 LIB.
995 400 1065 463 VII.

52 559 227 636 intringere,
243 558 297 620 nel
311 558 437 622 etansu
452 556 629 621 temerario
643 559 821 621 conuaire.

53 657 158 734 Siquis
171 659 281 719 autem
304 656 366 723 hoo
380 656 546 717 attentare
562 656 821 734 praesumpserit,

52 751 295 828 indignationem
318 751 551 828 omnipotentis
569 750 630 812 Dei
650 751 683 812 et
703 750 823 812 heato-

1611 399 1673 462 362

878 558 1061 620 venerabili
1077 558 1173 621 tratri
1188 559 1328 622 Remoni
1342 557 1497 637 episcopo
1513 558 1671 635 senogal-

877 655 987 725 liensi,
1022 656 1164 718 salutem
1196 657 1230 718 et
1257 656 1479 734 apostolicam
1513 655 1671 718 benedic·

877 752 1013 815 tionem.

51 849 208 910 rnmPetri
221 850 255 911 et
268 848 366 909 Pauli
377 848 610 925 Apostolorum
625 850 697 924 ejus
715 864 751 910 se
762 862 824 909 no-
918 851 955 910 ln
966 850 1123 912 eminenti
1134 844 1331 928 Apostoli'oae
1343 850 1581 928 sedisspeauln
1591 849 1671 913 licet

52 946 125 1008 serit
142 945 360 1007 incursurum.
385 947 505 1007 Datum
529 945 696 1016 Laterani,
709 947 740 1006 X
760 943 824 1006 ka-

52 1042 150 1104 lendas
159 1043 258 1119 junii,
274 1042 488 1120 pontificatus
507 1042 615 1105 nostri
634 1057 723 1104 anno
742 1057 821 1120 sep-

52 1140 127 1202 ino.

83 1460 124 1520 Ab
138 1458 271 1521 adicies
288 1460 332 1522 de
346 1461 482 1522 cardon
500 1457 535 1520 ei
553 1461 646 1521 Bello
660 1459 779 1519 Posito.

317 1588 352 1647 23
372 1589 440 1646 maii
460 1588 540 1648 1113.

182 1711 336 1777 [Eurique
348 1711 417 1762 dnn.
429 1710 544 1773 usses,
554 1710 597 1769 IV,
607 1709 676 1776 m]

53 1832 164 1908 indulget
175 1843 205 1893 ut
218 1836 283 1894 aliis
297 1835 434 1909 agricolis
445 1833 617 1894 excolendas
631 1834 745 1892 tradant
762 1839 819 1891 ter·

79 1936 119 1980 nas
133 1924 193 1981 sine
206 1938 295 1983 onere
320 1923 496 1983 deeimarum
512 1938 585 1997 quas
603 1930 718 1996 propter
735 1922 819 1981 sterl-

78 2011 172 2070 litatern
185 2013 227 2071 sie
240 2012 400 2085 possident.

82 2138 234 2199 Honorius
271 2139 461 2216 episcopus,
492 2152 610 2199 servus
648 2152 821 2198 serrorum

53 2235 109 2306 liei,
122 2236 245 2298 dilectis
260 2236 343 2298 tiliis
358 2235 399 2297 de
417 2235 546 2297 cardon
559 2236 593 2297 et
608 2234 702 2296 Bello
717 2234 821 2295 Podio

53 2330 213 2404 meatibus,
230 2335 265 2397 et
293 2333 400 2412 priori
429 2333 470 2395 de
497 2333 608 2405 Galen,
627 2331 821 2408 Urgelensis

53 2428 345 2507 dioecesis,salutem
368 2432 401 2495 ei
413 2430 638 2508 apostolicam
657 2428 821 2492 benedic·

54 2526 165 2591 donem.

83 2626 212 2690 Dilectus
235 2629 330 2691 illius
353 2625 469 2701 abhas,
493 2627 528 2690 et
552 2625 737 2689 conventus
760 2627 822 2686 Po-

55 2721 138 2797 pulati
148 2725 377 2791 cisterciensis
390 2725 530 2797 ordinis,
542 2723 639 2787 nobis
649 2722 822 2784 humiliter

56 2823 269 2899 supplicarunt,
278 2824 320 2886 ut
330 2823 490 2901 quasdam
502 2819 649 2902 [terrast
664 2835 749 2899 quas
761 2834 822 2897 per

56 2902 248 2998 pairagintn
275 2935 384 2983 annos
408 2920 533 2997 absque
556 2919 772 2991 decimarum,
789 2920 822 2980 et

55 3016 252 3091 primitiarum
260 3034 366 3083 onero
374 3016 604 3096 possederunt,
613 3015 821 3079 darenicinis

55 3115 187 3189 agricolis
197 3116 412 3188 excolendas,
421 3116 494 3177 sine
508 3129 610 3176 onere
626 3113 818 3183 memorato,

55 3226 86 3272 ae
95 3217 240 3291 quasdam
255 3215 360 3278 simili
374 3214 471 3275 modo
482 3215 554 3291 jam
574 3211 669 3273 datas
683 3210 751 3270 illis
769 3209 822 3271 di·

55 3310 172 3389 nitiere,
187 3315 242 3392 qui
254 3312 390 3376 easdem
411 3310 524 3373 taliter
545 3307 753 3387 receperunt,
767 3306 820 3367 vel

56 3406 120 3470 dare
129 3412 209 3484 aliis,
221 3412 249 3473 si
262 3411 373 3487 magis
387 3408 488 3470 inerit
502 3406 733 3485 opportunum,
746 3419 820 3465 cnm

55 3519 100 3566 eas
114 3512 235 3587 propter
248 3507 462 3574 sterilitatem
474 3521 601 3577 earum,
611 3506 645 3567 et
659 3501 821 3564 malitiam

56 3602 314 3670 encnmstanttnm
327 3604 482 3668 excolare
500 3604 667 3680 nequeant
692 3598 821 3662 utiliter

57 3715 102 3774 per
119 3705 258 3783 seipsos,
275 3703 440 3783 quinimo
455 3699 648 3778 specialiter
661 3714 702 3760 ea
719 3712 820 3761 nausa

57 3796 159 3862 debitis
175 3802 239 3865 sint
258 3800 420 3880 gravibus
434 3798 576 3868 onerati,
597 3796 721 3858 eisdem
741 3809 821 3856 nos-

57 3893 323 3975 repermissione
350 3896 478 3959 liceret.
506 3895 668 3967 Quocirca
688 3893 819 3954 discre-

57 3991 123 4054 tioni
135 3999 246 4060 vestrae
265 4012 328 4076 per
347 3993 573 4072 Apostolioam
589 3990 708 4053 Sedent
725 4005 821 4050 man-

57 4087 160 4167 damns,
172 4098 335 4173 quatenus
350 4091 512 4170 inquisita
525 4104 626 4166 super
637 4086 819 4166 praemissis

57 4189 173 4254 reduto
198 4190 404 4270 diligentius,
432 4188 462 4249 si
493 4186 589 4250 robis
621 4183 818 4255 eonstiterit,

57 4297 112 4346 rann
132 4289 236 4352 taliter
258 4305 297 4352 se
324 4286 461 4358 habere,
484 4283 682 4346 anctoritate
706 4281 819 4343 nostra

57 4380 184 4449 tibiatis
195 4388 242 4451 eis
254 4384 426 4450 licentiam
441 4382 652 4461 postulatam,
667 4394 728 4441 nec
745 4395 820 4441 con·

57 4477 97 4539 tra
109 4497 172 4545 eam
194 4484 405 4565 permittatis,
427 4479 560 4543 eosdem
575 4495 596 4540 a
613 4492 820 4555 quocumque

57 4574 158 4643 tenere
179 4581 360 4646 molestari.
387 4580 480 4642 Datis
506 4576 680 4649 Laterani,
702 4576 733 4637 X
749 4573 817 4637 lnal.

55 4672 134 4750 junii,
148 4694 230 4744 anno
242 4680 339 4747 sexto
356 4674 535 4759 [septimo].

877 946 1047 1019 immeriti,
1077 947 1273 1025 disponente
1305 949 1456 1021 Domino,
1484 947 1667 1020 constituti,

876 1042 997 1106 iratres
1016 1046 1148 1107 nostros
1166 1046 1350 1122 episcopos,
1372 1047 1440 1107 tam
1454 1045 1667 1123 propinquos,

877 1156 974 1218 quam
994 1141 1092 1218 longe
1112 1143 1248 1219 positos,
1268 1143 1416 1204 fraterna
1436 1141 1591 1204 debemus
1606 1156 1667 1203 ca-

876 1237 975 1300 ritate
988 1238 1139 1315 diligere,
1160 1242 1193 1302 et
1212 1239 1362 1301 ecclesiis
1377 1239 1443 1301 sibi
1456 1255 1475 1301 a
1490 1231 1558 1301 lieo
1577 1255 1669 1300 oom-

878 1334 988 1396 missis
1017 1334 1178 1413 pastorali
1206 1336 1430 1398 sollicitudine
1462 1335 1668 1414 providere:

877 1432 1049 1504 Quocirca,
1061 1432 1265 1496 venerabilis
1275 1434 1310 1494 in
1321 1433 1453 1496 Glnristo
1464 1433 1567 1495 irater
1580 1434 1671 1510 epis·

876 1543 968 1605 cope,
985 1530 1051 1591 tuis
1069 1532 1170 1606 justis
1191 1530 1470 1609 postulationihus
1489 1531 1671 1593 clementer

876 1626 1069 1700 annuimus,
1099 1628 1134 1690 et
1163 1629 1338 1690 ecclesiam
1370 1629 1668 1704 senogalliensem,

876 1723 941 1795 oui,
963 1725 1099 1785 auctore
1115 1726 1194 1797 Deo,
1210 1740 1355 1802 praeesse
1374 1725 1590 1801 dignosceris,
1608 1725 1669 1786 snb

875 1818 964 1881 beati
990 1822 1092 1894 Petri,
1120 1823 1154 1884 et
1184 1825 1300 1884 nostra
1328 1822 1533 1900 protectione
1556 1822 1667 1884 sosoi-

876 1916 996 1993 pimus,
1012 1920 1046 1980 et
1058 1919 1234 1995 praesentis
1249 1919 1366 1996 scripti
1381 1919 1556 1997 privilegio
1573 1934 1668 1981 com-

877 2014 1057 2087 munimus,
1075 2014 1268 2088 statuentes,
1290 2016 1327 2078 nt
1347 2031 1571 2094 quascumque
1592 2031 1671 2092 pos-

875 2111 1054 2183 sessiones,
1069 2126 1285 2189 quaecumqne
1297 2112 1383 2173 hona
1396 2112 1511 2173 eadem
1526 2112 1669 2174 ecclesia
1791 2188 1794 2199 ¹

876 2207 1182 2284 inpraesentiarum
1197 2209 1299 2287 juste,
1319 2225 1360 2271 ao
1377 2209 1538 2271 canonice
1556 2209 1669 2286 possi-

876 2303 941 2376 det,
954 2305 1031 2377 eto,
1042 2321 1150 2380 usque
1164 2305 1292 2368 illibata
1308 2307 1533 2383 permaneant.
1548 2308 1584 2366 ln
1595 2306 1671 2383 qui-

874 2401 936 2463 bus
951 2401 1024 2464 haec
1038 2402 1183 2483 propriis
1205 2403 1361 2464 duximus
1380 2403 1595 2479 exprimenda
1609 2418 1671 2465 vo-

876 2498 1015 2561 cabulis.
1047 2501 1084 2561 ln
1112 2499 1248 2562 civitate
1282 2499 1525 2576 senogalliensi
1557 2500 1670 2562 sancti

874 2596 1037 2659 iohannis
1061 2596 1230 2674 Baptistae,
1258 2599 1291 2659 s.
1325 2598 1426 2671 Petri,
1457 2599 1491 2658 s.
1519 2597 1691 2679 Martini,

876 2696 910 2755 s.
920 2694 1109 2770 Georgiis.
1120 2695 1237 2756 Mariae
1247 2693 1288 2757 de
1297 2694 1429 2767 scottis,
1440 2696 1473 2755 8.
1485 2694 1668 2767 Laurentii,

876 2793 910 2852 8.
936 2790 1132 2863 salvatoris,
1156 2794 1190 2854 8.
1211 2792 1337 2863 Crucis,
1362 2793 1395 2852 S.
1421 2791 1667 2864 Bartholomaei,

876 2890 909 2949 S.
926 2888 1132 2961 Paterniani,
1149 2891 1184 2949 8.
1198 2888 1353 2964 Bergidae,
1373 2889 1407 2950 et
1425 2891 1459 2949 S.
1479 2889 1593 2950 severi
1613 2903 1670 2949 ec-

875 2984 998 3047 elesias
1019 3000 1095 3047 oum
1115 2983 1268 3047 omnibns
1296 2985 1506 3061 pertinentiis
1532 3000 1671 3046 aarum·

876 3081 960 3154 dem,
977 3084 1012 3146 et
1023 3082 1157 3145 tertiam
1172 3082 1300 3159 partem
1315 3081 1356 3143 de
1369 3082 1459 3143 omni
1473 3081 1615 3153 redditu,
1629 3098 1675 3144 ao

874 3179 1019 3250 datione,
1033 3178 1191 3240 distracto
1211 3180 1401 3256 quoquest
1419 3178 1552 3255 placito,
1574 3179 1607 3240 et
1628 3177 1669 3239 de

874 3275 1031 3348 mercato,
1053 3290 1115 3336 nec
1142 3290 1209 3336 non
1235 3275 1277 3337 de
1300 3275 1387 3352 ripa,
1408 3276 1442 3337 et
1469 3277 1578 3352 portu,
1608 3290 1668 3336 seu

875 3372 916 3433 de
941 3372 1018 3432 aliis
1041 3370 1241 3449 supradictae
1264 3370 1666 3447 civitatisreotigalibusr

873 3468 1080 3547 seliquatloo,
1092 3469 1243 3546 pedagio,
1255 3457 1497 3542 mensuraticoJ
1498 3469 1531 3530 et
1540 3468 1581 3529 de
1591 3468 1670 3530 aliis

874 3565 989 3643 portis,
1001 3566 1035 3629 et
1048 3565 1225 3642 portesolis
1236 3565 1382 3628 civitatis
1394 3566 1511 3642 ipsius,
1527 3568 1666 3642 excepta

873 3665 970 3740 porta
993 3665 1026 3725 8.
1051 3663 1180 3739 angeli,
1204 3665 1300 3741 ciuus
1322 3664 1427 3725 nostri
1451 3663 1486 3724 iu
1501 3664 1685 3738 inegram.

874 3762 952 3823 sunt
977 3760 1169 3837 proventus.
1200 3762 1237 3820 In
1262 3759 1397 3821 dioecesi
1422 3759 1667 3835 senogalliensi
1751 3798 1756 3813 .

873 3856 1112 3919 monasterium
1141 3859 1175 3918 8.
1202 3855 1380 3917 Gaudentii
1412 3872 1487 3917 enm
1513 3855 1666 3916 omnihus

873 3958 949 4032 eius
965 3953 1072 4025 bonis,
1093 3954 1127 4016 et
1146 3951 1369 4030 pertinentiis,
1392 3954 1426 4014 et
1445 3954 1573 4013 curtem
1592 3967 1667 4028 quae

873 4051 1012 4113 vocatur
1025 4049 1221 4111 Turturaria
1234 4065 1309 4110 oum
1321 4047 1532 4122 molendinis,
1548 4049 1582 4110 et
1596 4049 1666 4110 suis

873 4147 1095 4225 pertinentiis,
1116 4145 1292 4208 eeclesiam
1312 4148 1346 4207 8.
1369 4146 1437 4208 Viti
1456 4160 1531 4206 cum
1552 4145 1667 4223 hospi·

873 4246 983 4308 talis.
999 4244 1153 4322 spiritns,
1170 4243 1346 4306 ecclesiam
1366 4246 1399 4305 s.
1417 4243 1577 4321 stephani
1592 4259 1668 4305 oum

874 4344 978 4415 curte,
997 4342 1113 4419 pratis,
1136 4340 1312 4419 paludibus
1332 4357 1472 4418 quoque,
1493 4357 1533 4402 ac
1549 4341 1669 4403 salinis

874 4438 1026 4502 omnibus
1041 4454 1061 4499 a
1075 4438 1279 4514 mariusque
1293 4437 1335 4498 ad
1350 4452 1462 4499 muros
1479 4436 1577 4499 diotae
1589 4436 1673 4499 oiri·

873 4537 963 4609 tatis,
978 4536 1095 4598 etcum
1108 4534 1261 4597 omnihus
1273 4533 1538 4611 possessionibus
1550 4535 1683 4611 positis

874 4634 909 4695 in
930 4633 1041 4696 monte
1063 4633 1096 4693 S.
1122 4630 1283 4708 stephani
1302 4630 1467 4707 planiciis,
1485 4633 1518 4692 et
1539 4632 1667 4693 curtem

875 4728 1085 4806 senogalliae,
1110 4728 1248 4805 dejure
1269 4726 1479 4804 episcopatus
1503 4727 1669 4804 senogal-

874 4824 1667 4901 liensi,etourtemquaevocaturiresssasilieae,

255 4962 259 4969 ’
357 4906 495 4996 CXLII
874 4940 949 4987 oum
973 4922 1122 4994 castello,
1151 4920 1238 4998 quod
1263 4921 1404 4983 vocatur
1431 4920 1565 4998 Orgiolo
1591 4936 1669 4981 cum

57 5058 98 5118 Aa
115 5060 290 5126 &mem
309 5062 506 5136 mmmm
522 5055 818 5132 &mammem
873 5019 1027 5130 omnibus
1042 5017 1243 5130 dominibus,
1262 5019 1425 5128 eteorum
1439 5016 1535 5127 bonis
1550 5016 1668 5078 etsnis

321 5179 440 5241 maii
453 5177 533 5236 im
874 5118 1096 5225 pertinentes,
1121 5115 1155 5177 et
1182 5116 1507 5272 calslmmfflywami.
1521 5115 1673 5273 3331311ιοιῖ

36 5362 38 5383 ι
217 5294 423 5364 Wfflffistffl
433 5289 634 5356 W⁸’u’“⁸·]
874 5212 1327 5383 Ioaaslt'ellllsancglggoorffieepffis,
1352 5225 1686 5368 ἑῗΐουιιᾮιιιθιιοιωῦιηιζ-

37 5434 38 5491 ι
60 5408 192 5471 irrisioni
209 5412 452 5487 senogalliensem
468 5407 522 5465 sub
537 5405 613 5463 besti
632 5403 708 5462 Paul
727 5411 756 5462 et
768 5418 820 5461 ⁸11³
874 5406 952 5478 tale,
972 5404 1007 5466 et
1024 5403 1200 5486 castellare
1221 5401 1441 5473 castellionis,
1464 5401 1498 5462 et
1520 5402 1687 5463 castrum>

37 5500 38 5559 i
86 5503 241 5571 110101ῑὶ013
251 5501 368 5575 suscipit
379 5493 610 5569 ⁰m¹10⁰il¹1⁰011¹⁸
625 5492 822 5566 90⁸⁸0⁸⁸l⁰¹10⁸
875 5499 1028 5572 Farnesi,
1045 5501 1190 5561 castrum
1206 5496 1672 5569 retientetcastellareros-

38 5614 39 5627 ¹
87 5600 116 5645 ¹⁰
126 5588 276 5665 1011811111
289 5605 324 5649 ⁸⁰
338 5586 488 5663 ifliss⁰s¹⁸
501 5582 662 5642 ‘minimi‘-
875 5594 1014 5669 secehae,
1025 5594 1244 5658 etcastellare
1253 5592 1507 5667 Montisiortius,
1524 5596 1558 5657 et
1570 5594 1669 5673 quid-

39 5706 40 5745 2
93 5705 740 5786 lionoriusepiscopus,serrusservorurn
748 5697 820 5770 Dei,
875 5693 955 5773 quid
982 5693 1192 5771 episcopatus
1219 5688 1320 5753 habet
1342 5690 1379 5753 in
1411 5690 1521 5754 castro
1550 5691 1683 5777 insulae¹
