3916 6204
69 257 133 318 sos

432 424 518 511 xci

68 577 123 638 Ad
142 576 359 652 maparrum
381 578 558 636 ,4111116616
579 577 873 647 archiepiscopum

108 676 292 747 quondum
305 675 524 735 herdensem
535 674 568 733 et
580 672 728 734 Petrum
744 674 874 745 eptace-

107 786 202 845 pum
214 773 483 860 1166111666611.

340 901 372 957 11
389 899 514 972 ianuarii
534 898 613 956 1221.

157 1023 309 1088 1111166166,
320 1023 434 1076 86666111
446 1022 565 1087 diplom,
577 1021 598 1081 1,
612 1021 668 1079 232,
681 1035 707 1071 n.
719 1020 789 1084 211]

67 1161 103 1218 lit
118 1159 214 1216 Petro
225 1157 370 1216 Lundensi
385 1157 489 1225 616616,
504 1168 591 1229 quum
606 1169 711 1212 munus
725 1168 875 1213 consecra·

212 1246 301 1304 tionis
313 1247 465 1318 acceperit,
477 1245 593 1318 pallium
605 1242 739 1301 tribuant.

104 1371 608 1448 Η6661166661666666,661166
618 1383 791 1431 servorum
800 1367 871 1439 Dei,

65 1470 240 1546 magistro
264 1473 303 1532 ll.
326 1468 575 1545 archiepiscopo
598 1466 764 1544 quondam
779 1466 872 1526 Lun-

66 1567 183 1638 densi,
210 1566 244 1628 et
272 1569 309 1627 Ρ.
339 1565 496 1643 66166666
524 1562 749 1637 Roskildensi,
777 1562 873 1623 salu-

65 1665 151 1726 tem.

105 1760 249 1824 Dilecto
270 1760 340 1822 1116
361 1759 527 1821 Lundensi
542 1759 648 1821 electo
662 1774 723 1836 per
736 1757 875 1819 dilectos

64 1860 163 1923 illios
173 1859 375 1935 magistrum
384 1856 876 1932 1116161661161166166166-

64 1957 232 2035 byterum
247 1956 414 2018 mittentes
427 1954 577 2033 pallium,
594 1954 680 2032 quod
703 1953 754 2015 est
771 1951 874 2014 6111611

65 2053 282 2133 pontificalis
298 2053 440 2129 insigne,
455 2051 665 2129 6611661661
678 2066 779 2128 quum
794 2065 876 2111 con·

66 2153 230 2215 sacratus
246 2142 886 2222 16611111116661661,116161611611166·

65 2251 134 2313 trae
151 2247 423 2327 6611666161166
438 2246 561 2325 6611616
576 2244 772 2307 mandamus
787 2260 874 2322 qua·

63 2349 173 2410 tenus
186 2347 288 2424 juxta
300 2344 451 2417 formam,
466 2359 564 2421 quam
580 2343 641 2404 sub
654 2342 746 2403 bulla
761 2344 875 2404 nostra

65 2445 269 2521 dirigimus,
281 2441 376 2515 illud,
396 2457 497 2520 quum
512 2457 630 2502 munus
646 2439 874 2502 consecratio·

65 2542 124 2603 nis
141 2540 327 2617 acceperit,
341 2539 496 2601 tribuatis
512 2538 631 2611 eidem,
652 2538 685 2599 et
706 2535 875 2599 fidelitatis

64 2638 253 2716 recipiatis
264 2637 305 2698 ab
316 2637 388 2714 ipso
400 2636 559 2698 Ecclesiae
571 2639 729 2697 Romanae
741 2634 876 2695 nomine

61 2736 318 2815 juramentum.
346 2737 450 2796 Porro
476 2734 505 2793 si
534 2731 611 2810 quid
641 2733 682 2793 de
715 2733 875 2805 alterutro

64 2835 227 2896 16611661
242 2833 321 2893 6616
333 2830 434 2908 661161
447 2828 708 2905 assignationem
721 2828 876 2889 humani-

64 2933 124 2994 tus
141 2930 234 2991 16116
248 2929 465 3004 contingeret,
484 2926 634 3003 reliquus
657 2925 875 2987 nihilominus

65 3027 275 3090 mandatum
290 3024 516 3102 Apostolicum
531 3024 745 3101 exsequatur.
757 3024 876 3084 Datum

64 3125 249 3196 Laterani,
265 3126 310 3184 ΙΙΙ
320 3122 396 3184 1166
403 3121 566 3200 januarii,
580 3137 669 3182 anuo
684 3121 813 3183 661616.

428 3359 536 3449 XCII

148 3516 208 3577 Ad
230 3512 381 3575 Petrum
404 3511 548 3574 61661661
569 3513 797 3574 1661666661.

345 3642 377 3699 11
394 3641 519 3714 ianuarii
535 3639 614 3698 1221.

161 3766 314 3832 [Liljegran.
328 3763 444 3815 Swenskt
455 3763 573 3828 diplom,
583 3763 603 3821 l,
615 3762 672 3822 233,
683 3775 710 3812 6.
721 3761 790 3827 221.]

66 3895 106 3953 Ei
115 3892 239 3951 6661161
249 3904 281 3947 66
296 3904 347 3963 per
358 3886 528 3962 magistrum
539 3886 675 3946 Alberum
690 3895 719 3944 et
732 3884 877 3944 Andream

223 3976 420 4051 presbyterum
438 3977 465 4034 ei
480 3975 598 4049 pallium
612 3976 735 4033 mittere.

110 4105 302 4173 Honorius,
317 4102 392 4174 616,
407 4101 528 4164 1116616
545 4100 652 4163 illio...
667 4100 772 4162 electo
787 4102 878 4161 Lun-

66 4204 188 4268 densi.

114 4303 231 4373 Quum
245 4280 465 4376 postp'eutam
479 4295 685 4368 instantiam,
701 4295 734 4357 et
746 4294 876 4357 demum

67 4398 251 4463 obtentam
265 4393 468 4457 uenerabilis
484 4392 598 4455 1161116
612 4391 755 4454 666111...
772 4407 878 4470 quon·

66 4497 157 4559 dam
188 4493 377 4555 Lundensis
414 4490 659 4568 archiepiscopi
692 4491 878 4552 cessionem

677 253 906 316 EPISTOLAE.
929 255 1008 315 LIB.
1031 255 1118 316 VIII.

1662 255 1723 320 506

928 427 1030 489 quum
1051 413 1121 475 tam
1141 428 1202 490 661
1225 413 1420 490 praedictum
1445 413 1723 492 predecessorem
1799 458 1802 469 ·

927 511 1020 571 tuum
1038 526 1137 587 quam
1151 510 1328 573 Lundense
1342 511 1524 588 capitulum
1546 528 1676 576 necnon
1690 514 1724 577 et

927 608 1107 669 multorum
1128 608 1318 670 testimonia
1346 609 1574 672 intelleximus
1601 610 1724 687 praela·

928 704 1048 776 terum,
1070 705 1155 781 quod
1172 706 1266 766 oneri
1278 706 1311 766 et
1324 705 1443 768 honori
1458 707 1646 769 Lundensis
1668 723 1725 770 ec-

928 801 1040 863 616616
1057 802 1209 870 66166116,
1228 802 1379 865 66161666
1393 803 1541 865 moribus
1558 820 1724 881 congrue·

926 898 999 971 bas,
1014 900 1047 959 te
1060 899 1124 975 ipsi
1139 899 1387 976 praeilciendum
1402 901 1620 976 providimus,
1635 904 1722 966 6161

928 998 1001 1073 eJus
1018 996 1180 1056 66161661
1194 996 1453 1058 sollicitudinem
1475 1000 1721 1062 assumendum.

928 1092 1141 1154 Postmodum
1155 1106 1235 1153 vero
1249 1093 1379 1155 dilectis
1394 1093 1473 1155 liliis
1487 1095 1646 1171 magistro
1658 1098 1721 1159 Al-

927 1189 1007 1251 1616
1029 1191 1062 1252 61
1082 1189 1214 1251 161166
1231 1189 1424 1268 presbytero
1440 1191 1570 1268 61661611
1585 1195 1723 1272 66611611

928 1287 1056 1349 6661116
1075 1287 1225 1364 pallium,
1245 1288 1331 1365 quod
1347 1289 1397 1349 est
1414 1288 1629 1364 plenitudinis
1644 1291 1723 1354 olu-

929 1384 973 1446 cii
988 1384 1189 1461 pontificalis
1205 1383 1351 1461 insigne,
1366 1401 1440 1448 cum
1454 1400 1505 1458 ea,
1518 1403 1591 1464 quae
1601 1388 1722 1463 docuit,

928 1481 1089 1542 instantia
1105 1481 1368 1558 postulantibus;
1388 1498 1451 1544 nos
1471 1484 1608 1546 utilitati
1628 1502 1725 1563 pros·

929 1578 1090 1656 picientes
1105 1578 1256 1640 ecclesiae
1273 1579 1484 1656 supradictae,
1494 1596 1534 1643 ac
1546 1583 1724 1660 specialem

930 1690 1083 1753 personae
1096 1675 1162 1737 tuae
1181 1691 1283 1752 super
1297 1677 1439 1752 gratiam
1454 1676 1566 1739 lacere
1581 1681 1725 1755 gratiam

930 1771 1112 1848 cupientes,
1132 1788 1193 1850 per
1204 1772 1337 1834 eosdem
1350 1774 1484 1841 nuntios
1500 1762 1540 1835 ad
1556 1791 1677 1837 nomen
1691 1778 1726 1841 et

930 1885 1027 1930 usum
1048 1869 1155 1946 ipsius
1177 1868 1363 1932 Lundensis
1386 1870 1535 1933 ecclesiae
1555 1872 1724 1936 devotioni

929 1966 995 2028 tuae
1010 1966 1266 2029 transmittimus
1282 1968 1432 2046 pallium,
1448 1985 1512 2046 quo
1528 1986 1628 2047 quum
1643 1986 1725 2033 con-

930 2065 1080 2126 secratus
1104 2063 1208 2125 tueris
1234 2065 1356 2127 debeas
1384 2065 1548 2138 decorari,
1577 2054 1637 2129 tibi
1663 2068 1725 2130 rub

930 2161 1021 2223 certa
1048 2160 1284 2239 famaquam
1308 2161 1343 2223 in
1364 2162 1440 2223 aliis
1457 2163 1578 2225 litteris
1599 2166 1723 2227 nostris

930 2258 1147 2336 exprimimus
1162 2258 1386 2320 tribuendum.
1403 2261 1507 2322 Porro
1522 2263 1556 2322 et
1570 2262 1599 2322 si
1613 2261 1723 2324 firmia

929 2359 981 2419 ter
994 2357 1178 2429 teneamus,
1196 2356 1282 2433 quod
1297 2357 1333 2417 in
1353 2356 1548 2434 praelatione
1564 2358 1624 2421 tibi
1639 2363 1726 2437 ejus·

930 2453 1004 2514 dem
1018 2453 1169 2515 ecclesiae
1182 2453 1309 2515 credita
1323 2455 1355 2516 te
1375 2455 1590 2517 laudabiliter
1602 2456 1725 2519 debeas

930 2566 1098 2624 exercere,
1120 2551 1198 2629 quia
1218 2552 1330 2614 tamen
1352 2551 1449 2614 samae
1469 2553 1534 2615 tuae
1554 2553 1644 2614 aridi
1666 2561 1725 2616 611·-

930 2663 1014 2720 mue,
1032 2649 1065 2711 et
1082 2648 1130 2709 tui
1144 2648 1306 2710 zelatores
1326 2649 1464 2711 honoris
1489 2642 1724 2713 discretionem

930 2746 1020 2807 tuam
1039 2761 1211 2807 monemus
1230 2746 1355 2808 attente
1374 2762 1434 2823 per
1454 2748 1644 2824 Apostolica
1661 2749 1724 2810 tibi

930 2843 1053 2920 scripta
1078 2842 1285 2915 mandantes,
1311 2845 1474 2921 quatenus
1502 2844 1608 2905 sicin
1636 2845 1723 2908 bono

930 2940 1126 3017 potestatem
1150 2939 1210 3001 tibi
1230 2940 1409 3001 vendicare
1435 2956 1605 3017 procures,
1626 2944 1663 3003 61
1687 2942 1724 3003 16

931 3036 1138 3113 corrigendis
1169 3036 1310 3098 subditis
1340 3037 1415 3113 plus
1443 3037 1529 3115 apud
1554 3039 1586 3098 te
1613 3038 1725 3101 valeat

930 3135 1018 3196 16116
1033 3150 1132 3212 quam
1151 3134 1310 3210 potestas,
1327 3134 1425 3212 atque
1445 3134 1478 3196 16
1493 3133 1571 3194 1661
1593 3134 1720 3208 ducem,

931 3231 1106 3292 66111616
1121 3230 1212 3307 pium
1230 3230 1377 3292 sentiant
1390 3231 1623 3293 correctorem.

971 3329 1089 3391 Datum
1104 3328 1272 3396 Laterani,
1289 3330 1335 3389 111
1347 3327 1457 3390 idibus
1469 3328 1629 3408 januarii,
1645 3346 1724 3408 pon·

931 3426 1076 3490 tidcatus
1091 3425 1195 3488 nostri
1211 3441 1300 3487 anno
1315 3426 1443 3488 661616.

1263 3644 1407 3755 run

985 3819 1037 3878 Ad
1051 3817 1292 3893 auffrepancos
1305 3820 1456 3879 66616116
1468 3820 1671 3881 baladensis.

1192 3948 1224 4004 ll
1242 3946 1366 4019 januarii
1385 3948 1465 4005 lari.

1021 4069 1167 4137 [hiltegrem
1177 4070 1292 4122 81666111
1303 4070 1422 4135 diplom,
1432 4072 1452 4131 1,
1465 4070 1521 4131 231,
1531 4084 1558 4121 6.
1568 4071 1636 4137 222.]

932 4187 989 4243 Eos
1003 4193 1147 4244 monetat
1164 4187 1247 4243 Petro
1264 4185 1356 4244 616616
1369 4192 1506 4258 tanquam
1522 4185 1600 4244 116111
1614 4195 1644 4245 61
1658 4202 1723 4261 pas·

966 4274 1021 4330 tori
1037 4272 1186 4331 intendant
1199 4274 1262 4346 ejus
1276 4275 1383 4331 monita
1398 4274 1581 4346 suscipiendo
1592 4290 1627 4334 ac
1638 4277 1728 4336 invio·

966 4360 1087 4420 labiliter
1101 4358 1291 4419 observando.

972 4490 1078 4560 Quum
1093 4488 1169 4564 post
1182 4487 1329 4564 petitam,
1344 4487 1419 4559 etc,
1429 4503 1536 4562 usquc
1551 4492 1728 4555 canonico·

65 4595 156 4657 vota
171 4590 412 4653 canonicorum
436 4587 663 4650 Lundensium
683 4586 778 4659 inte,
798 4588 877 4649 tunc
931 4601 1005 4645 rum
1016 4584 1240 4645 Lundensium
1251 4584 1286 4644 in
1297 4584 1453 4645 dilectum
1467 4585 1572 4646 illium
1576 4631 1636 4648 .....
1645 4590 1725 4651 1666

64 4693 231 4770 ipsorum
259 4686 486 4765 prepositum,
515 4684 725 4748 concorditer
750 4700 876 4746 conre-
932 4681 1140 4743 Lundensem
1158 4682 1384 4759 prepositum,
1414 4684 1490 4754 etc,
1524 4699 1631 4758 usquc
1663 4687 1727 4747 tri-

63 4787 221 4857 nissent,
238 4784 317 4863 quia
336 4783 470 4846 tandem
491 4781 693 4854 6161616616,
714 4781 801 4843 61661
819 4781 878 4843 16-
931 4778 1726 4844 66616666666666666666616161606

65 4885 160 4957 cuit,
188 4897 350 4961 processu
377 4879 551 4942 electionis
581 4881 659 4950 1666,
688 4878 877 4940 invenimus
931 4876 1202 4939 111616611116116
1223 4876 1382 4947 excitare,
1404 4878 1440 4938 61
1463 4876 1636 4940 161661616
1659 4879 1723 4941 de-

62 4996 154 5046 eam
167 4981 244 5058 post
256 4976 514 5056 publicationem
530 4988 753 5037 consensuum
768 4976 801 5036 et
814 4975 879 5037 col·
931 4973 1038 5035 beatis
1063 4972 1168 5034 eidem
1193 4973 1373 5035 161611661
1397 4973 1437 5035 61
1462 4973 1526 5035 boc
1549 4990 1592 5036 61
1615 4973 1724 5039 debito

62 5076 218 5142 lationis
241 5073 421 5137 tractatum
445 5071 642 5150 aliquandiu
669 5072 773 5132 161666
800 5086 878 5148 pro-
931 5070 1108 5132 6666161161
1114 5072 1186 5146 jam
1195 5071 1314 5142 teneri,
1329 5068 1569 5132 iraternltatem
1578 5073 1724 5134 vestram

62 5176 240 5245 tractam,
279 5185 519 5247 assensumque
558 5170 647 5231 tuum
683 5168 877 5247 priusquam
931 5182 1103 5229 monemus
1135 5168 1261 5229 6116616
1294 5183 1354 5244 661
1381 5167 1570 5244 1666161166
1601 5170 1725 5247 scripta

62 5274 207 5340 electus
221 5268 326 5332 tueris
345 5268 553 5346 requisitum,
570 5267 767 5329 electionem
786 5282 879 5328 eam-
931 5264 1138 5336 mandantes,
1162 5266 1325 5342 quatenus
1349 5264 1382 5325 ei
1403 5266 1561 5341 tanquam
1583 5265 1672 5340 patri
1691 5269 1725 5331 et

60 5373 154 5436 dem
164 5365 327 5444 exipsius
339 5364 503 5426 duntaxat
516 5363 706 5425 inordinato
720 5377 877 5439 processu
932 5361 1058 5439 pastori
1073 5362 1261 5422 animarum
1275 5362 1472 5431 vestrarum,
1487 5360 1583 5437 plene
1598 5376 1639 5423 ac
1655 5362 1723 5424 liu-

57 5466 208 5549 justitia
242 5462 448 5524 cassavimus
483 5460 650 5537 exigente.
681 5461 805 5521 Verum
835 5476 878 5522 66
931 5459 1056 5543 militer
1069 5458 1250 5520 intendatis
1267 5461 1338 5535 eJus
1351 5456 1498 5517 salubria
1513 5458 1639 5520 monita
1654 5476 1726 5523 sus·

60 5564 172 5645 gregi
197 5559 370 5622 DominIco
391 5558 450 5619 diu
466 5557 597 5620 deesset
617 5572 700 5618 6616
719 5557 875 5633 66616116,
931 5555 1085 5633 61616616
1111 5555 1243 5626 161616,
1274 5569 1313 5614 66
1339 5553 1576 5615 inviolabiliter
1603 5555 1722 5620 obser-
