4014 6224
189 309 230 371 55
258 373 263 384 ‚
498 362 509 372 ,
807 306 984 371 HONORII
1004 309 1051 373 111
1071 309 1218 373 OPERA.
1791 312 1831 373 56

189 467 281 533 modi
305 464 476 547 negotium
501 464 757 540 terminandum,
783 467 840 546 qui
866 482 981 544 quum,

190 567 332 644 receptis
350 565 547 644 quibusdam
564 564 714 635 testibus,
730 562 856 626 vallent
872 564 915 625 ad
928 564 982 626 le-

190 665 304 741 gatum
325 664 474 725 eumdem
493 661 576 722 illud
597 661 776 733 remittere,
796 661 831 722 in
846 676 885 722 6ο
900 676 982 738 pro·

190 761 309 823 cedere
322 762 525 829 recusantes,
535 761 606 836 jam
621 757 729 820 dictus
743 758 839 820 miles
857 774 900 819 ex
913 757 985 819 sul·

191 858 316 921 1616611
338 856 532 934 gravamine
553 871 669 918 vocem
690 856 731 917 ad
753 872 813 917 nos
835 855 985 933 appella·

190 955 292 1018 tionis
306 954 427 1027 emisit,
442 953 498 1031 qui
510 968 645 1015 causam
660 969 761 1030 super
775 953 838 1014 hoc
853 968 873 1014 a
889 951 984 1014 nobis

192 1050 463 1113 obtinuitdilecto
474 1050 543 1112 illio
554 1047 756 1130 G[uillelmo]
765 1048 877 1111 abbati
888 1051 986 1111 User-

64 1162 71 1169 ·
192 1149 285 1211 censi
301 1148 333 1210 et
352 1148 421 1209 suis
441 1146 670 1225 conjudicibus
684 1146 849 1223 delegari3
866 1146 985 1224 quibus

1036 468 1166 531 dilectis
1180 468 1260 531 flliis
1272 468 1394 547 populo
1409 469 1449 533 de
1463 472 1624 545 Porsena,
1641 467 1782 533 salutem
1798 470 1832 533 61

1037 566 1257 642 apostolicam
1271 566 1546 630 benedictionem.

1077 664 1284 726 Auctoritate
1296 664 1391 725 vobis
1412 665 1628 742 praesentium
1647 664 1831 726 districtius

1037 758 1237 830 inhibemus,
1251 776 1292 821 ne
1305 760 1460 837 cuiquam
1474 760 1539 821 nisi
1554 761 1649 822 nobis
1661 763 1695 823 61
1704 761 1831 824 nuntiis

1038 856 1161 917 nostris
1171 856 1397 934 abbergarias,
1411 858 1674 935 procurationes,
1685 857 1739 918 vel
1750 858 1829 930 alia,

1039 968 1112 1029 quae
1124 951 1165 1014 ad
1176 953 1359 1015 dominium
1370 955 1547 1031 pertinent,
1562 954 1756 1027 exsolvatis,
1770 970 1833 1016 nec

1039 1052 1247 1126 praesumatis
1271 1051 1382 1113 subire
1402 1051 1565 1129 jndicium
1586 1052 1622 1113 in
1646 1051 1713 1112 6116
1737 1052 1832 1112 66116

1039 1162 1137 1223 quam
1158 1148 1193 1207 in
1215 1148 1339 1210 nostra.
1362 1150 1479 1210 Datum
1498 1148 1665 1220 Laterani,
1681 1150 1743 1209 XII
1762 1147 1831 1209 1161.

192 1260 268 1307 cum
282 1244 484 1306 constitisset
496 1243 751 1321 appellationem
766 1241 916 1305 eamdem
930 1242 984 1303 le·
1035 1245 1195 1321 januarii,
1210 1244 1420 1323 pontificatus
1433 1246 1539 1309 nostri
1554 1262 1642 1309 anno
1654 1247 1761 1307 sexte.

192 1341 343 1418 1111116616
360 1341 540 1413 exstitisse,
566 1340 631 1417 ipsi
650 1339 824 1417 praefatum
847 1339 985 1401 militem

192 1438 234 1499 ad
248 1438 513 1516 prosecutionem
527 1437 722 1515 principalis
736 1436 862 1512 negotii
877 1434 986 1497 admi·

123 1580 129 1591 .
194 1536 321 1598 serunt.

92 1628 97 1641 '
232 1632 405 1696 iudicibus
415 1646 495 1709 ergo
504 1631 585 1710 ipsis
595 1632 630 1693 in
639 1646 750 1703 causa,
760 1631 891 1693 servato
899 1630 985 1707 Juris

194 1729 310 1792 ordine
330 1729 594 1807 procedentibus,
618 1746 692 1790 oum
707 1732 779 1806 jam
798 1727 882 1790 toret
896 1728 931 1789 in
946 1742 986 1788 66

194 1828 359 1904 utrimque
378 1827 581 1898 conclusum,
602 1829 636 1888 et
654 1827 766 1903 partes
786 1824 987 1886 sententiam

192 1925 402 2003 postularent
421 1923 592 2003 (quoniam
611 1922 750 1984 arduum
766 1925 840 1983 erat
857 1921 986 1982 ratione

193 2034 421 2097 personarum,
439 2033 512 2095 quaa
530 2015 658 2078 nobiles
678 2017 755 2077 sunt
775 2018 808 2077 et
822 2015 984 2092 potentes,

192 2112 435 2193 negotiorum),
457 2116 491 2176 et
503 2114 604 2175 iidem
613 2113 744 2191 judices
765 2112 988 2183 166166166-

192 2213 272 2276 ditis
295 2212 616 2287 consanguineorum
637 2210 670 2271 61
695 2210 879 2271 amicorum
902 2224 988 2270 ccm-

193 2308 442 2380 minationibus,
466 2307 624 2386 suspicati
644 2306 729 2384 quod
746 2306 810 2366 sibi
828 2308 862 2367 61
880 2305 988 2367 66616-

193 2406 256 2468 6116
271 2406 340 2467 6616
355 2422 398 2469 ex
412 2406 475 2468 boc
494 2405 677 2484 periculum
692 2402 906 2483 immineret),
923 2403 987 2480 ipsi

195 2504 238 2567 ad
248 2519 309 2565 nos
322 2520 456 2565 causam
469 2503 618 2564 eamdem
629 2500 834 2563 sufficienter
847 2500 989 2561 instruc-

193 2602 263 2663 tam
271 2601 312 2663 de
323 2617 485 2663 consensu
495 2600 637 2678 partium
644 2599 857 2661 remiserunt.
870 2600 987 2658 Earum

193 2697 307 2774 itaque
328 2697 598 2775 procuratoribus
621 2697 657 2757 in
678 2697 792 2757 nostra
811 2696 988 2773 praesentia

195 2795 395 2867 constitutis
417 2794 572 2856 dilectum
592 2793 698 2854 fllium
716 2793 866 2853 nostrum
886 2786 989 2871 G[ua'-

194 2890 317 2972 lonem]
333 2892 421 2954 tituli
435 2894 468 2953 S.
485 2891 632 2964 Martini,
649 2889 892 2967 presbyterum,
909 2903 988 2950 car-

195 2989 351 3057 dinalem,
377 2990 427 3051 616
457 2987 681 3050 concessimus
705 2987 906 3061 auditorem3
932 2986 990 3063 qui

194 3102 270 3149 cum
296 3074 391 3148 nobis
418 3085 559 3148 fideliter
584 3085 754 3147 retulisset
776 3099 887 3145 666616
910 3099 991 3160 pro-

195 3198 324 3246 cessum
339 3185 372 3245 et
387 3198 459 3260 quae
478 3183 557 3243 hinc
577 3181 654 3243 inde
672 3181 807 3242 fuerunt
820 3180 989 3258 proposita

195 3296 308 3343 coram
319 3280 402 3355 ipso,
415 3294 486 3351 nos,
507 3277 692 3340 6616166111
706 3278 804 3359 plene
816 3275 989 3354 probatum

196 3377 283 3455 quod
306 3377 393 3437 idern
417 3376 601 3438 vicecomes
621 3375 653 3436 et
674 3373 794 3436 mulier
815 3375 933 3451 quarto
954 3388 991 3434 se

195 3473 493 3549 consanguinitatis
505 3471 613 3548 gradu
625 3471 828 3546 contingant,
852 3470 994 3531 decon-

196 3571 273 3632 silio
292 3570 431 3632 fratrum
454 3571 642 3630 nostrorum
666 3567 910 3629 sententialiter
930 3567 989 3628 de-

197 3667 362 3730 crevimus
377 3683 444 3728 non
461 3682 535 3727 esse
551 3664 797 3727 matrimonium
818 3664 908 3725 Inter
921 3678 989 3737 eos,

196 3767 231 3827 at
252 3765 343 3842 ipsos
371 3763 580 3826 adinvicem
609 3761 826 3840 separandos,
852 3761 989 3833 eisdem,

197 3862 316 3940 quibus
342 3863 418 3924 aliis
445 3861 625 3933 voluerint,
650 3858 797 3921 nubendi
821 3858 991 3920 licentiam

195 3960 390 4023 tribuentes.
420 3959 583 4030 Quocirca
615 3957 816 4019 fraternitati
838 3956 905 4017 tuae
931 3970 990 4032 per

196 4055 387 4133 apostolica
426 4055 550 4131 scripta
583 4054 792 4125 mandamus,
829 4053 992 4130 quatenus

86 4230 98 4243 ἱ
198 4153 284 4230 quod
305 4167 327 4217 a
346 4151 442 4214 nabla
466 4153 516 4212 est
538 4166 640 4228 super
660 4150 723 4212 boc
749 4149 993 4211 sententialiter

197 4249 385 4321 diffinitum,
398 4248 527 4310 sublato
536 4247 712 4324 cujuslibet
719 4246 992 4310 contradictionis

197 4348 231 4409 et
245 4346 477 4424 appellationis
490 4345 671 4416 obstaculo,
688 4343 793 4405 iacias
806 4343 990 4407 observari.

198 4445 317 4506 Datum
332 4444 499 4515 Laterani,
519 4444 597 4503 Xlll
615 4442 683 4502 1161.
698 4441 858 4520 januarii,
882 4441 993 4519 ponti-

198 4541 316 4604 flcatus
330 4541 435 4603 nostri
449 4555 538 4602 anno
554 4542 661 4602 sexto.

525 4781 669 4868 LXVII

337 4955 340 4961 ·
361 4928 414 4989 Aa
424 4927 586 4999 posadum
601 4925 643 4985 dc
660 4926 828 4984 Porccac.

438 5046 471 5104 11
488 5043 647 5102 decembris
661 5042 740 5100 1111.

245 5157 738 5227 [1161666061111161.1661611666,
752 5155 772 5215 1,
784 5155 824 5215 70,
838 5169 864 5204 n.
877 5154 943 5219 111]

238 5272 406 5335 1161161166
413 5268 601 5347 episcopus,
613 5281 730 5328 servus
741 5280 913 5327 servorum
921 5261 992 5336 Dei,

236 5429 277 5505 (1)
297 5431 406 5499 Quanta
425 5426 573 5485 nobilitate
591 5422 727 5481 66166616
744 5420 995 5504 111616166116116

201 5501 385 5564 bemovlclno
399 5506 490 5555 tractu
502 5497 717 5555 Albuccnenses
731 5493 926 5560 vicecomites,
943 5490 993 5547 do·

200 5581 266 5633 cent
290 5569 443 5653 scriptores
462 5566 597 5624 beraldlci
617 5564 712 5647 operis
733 5563 779 5621 cui
798 5562 909 5620 titulus:
927 5561 994 5618 llis·

200 5646 272 5705 tetre
285 5639 477 5713 6111661οαί661
491 5636 524 5695 cte
538 5638 567 5694 lc
581 5650 692 5694 mouson
707 5634 806 5708 ropcte
823 5633 856 5689 de
877 5633 995 5689 Fruere.

1353 1528 1519 1618 LXVIII

1138 1680 1191 1740 Ad
1215 1682 1508 1755 archiepiscopum
1521 1684 1736 1743 Rcmcnscm.

1281 1809 1313 1868 11
1336 1808 1495 1867 decembris
1510 1810 1588 1867 1111.

1057 1929 1177 1994 meacm,
1188 1931 1233 1983 lib.
1246 1934 1290 1990 vl,
1303 1932 1378 1997 epist.
1389 1932 1442 1983 101.
1460 1933 1517 1984 llas.
1530 1935 1567 1985 La
1578 1934 1655 1985 Perta
1671 1934 1707 1984 du
1721 1934 1817 2000 reati]

1042 2046 1083 2103 De
1099 2044 1145 2103 his
1165 2047 1214 2119 qui
1231 2048 1395 2105 immediate
1414 2049 1570 2109 succedunt
1584 2049 1711 2122 patribus
1729 2051 1833 2108 suisio

1253 2135 1618 2195 ecclesiasticisbenellciis.

1081 2253 1260 2324 Honorius,
1288 2253 1364 2325 etc,
1390 2253 1576 2319 venerabili
1597 2253 1693 2317 fratri
1716 2255 1833 2317 archi·

978 2404 985 2416 .
1042 2350 1196 2427 episcopo
1218 2352 1369 2421 Reman„
1385 2351 1584 2428 Apostolicaa
1605 2351 1699 2413 Sedis
1712 2351 1832 2428 legato.

1083 2449 1163 2507 Cum
1175 2447 1210 2506 iu
1221 2447 1357 2508 dioecesi
1366 2448 1424 2509 166
1434 2448 1586 2509 nonnulli
1596 2465 1670 2510 esse
1680 2448 1836 2512 dicantur

1043 2545 1099 2621 qui
1113 2543 1263 2620 patribus
1275 2544 1345 2605 suis
1358 2544 1547 2607 immediate
1556 2546 1590 2606 in
1598 2546 1835 2608 ecclesiasticis

1041 2639 1212 2703 beneflciis
1227 2642 1469 2713 successerunt,
1487 2643 1524 2703 in
1538 2643 1733 2705 scandalum
1747 2644 1836 2709 alic.-

1042 2754 1128 2811 rum,
1152 2737 1296 2800 faciendi
1322 2754 1422 2816 super
1440 2739 1520 2811 illis,
1536 2740 1760 2817 appellatione
1780 2756 1838 2803 16-

1043 2837 1142 2908 mota,
1159 2836 1245 2913 quod
1265 2835 1448 2897 secundum
1457 2839 1561 2898 Deum
1576 2839 1610 2898 61
1628 2837 1836 2900 ecclesiasti-

1044 2948 1116 2994 cam
1125 2932 1332 2995 honestatem
1344 2934 1469 2995 videris
1483 2933 1680 3006 laciendum,
1688 2934 1749 2996 tibi
1761 2950 1838 2996 auc·

1043 3030 1175 3092 toritate
1202 3031 1414 3108 praesentium
1451 3031 1661 3093 concedimus
1696 3031 1839 3093 liberam

1044 3125 1244 3188 facultatem.
1259 3126 1353 3188 Nulli
1365 3142 1456 3203 ergo,
1471 3130 1546 3200 616.,
1558 3130 1680 3190 nostrae
1695 3144 1838 3190 conces-

1045 3223 1149 3284 sionis
1160 3223 1354 3300 inlringere.
1370 3225 1405 3285 Si
1420 3225 1494 3302 quis
1505 3227 1626 3297 autem,
1644 3226 1705 3287 616.
1718 3227 1838 3288 Datum

1045 3321 1212 3393 Laterani,
1220 3323 1281 3382 XII
1292 3320 1454 3383 kalendas
1460 3322 1716 3400 januarii,ann0
1727 3324 1835 3384 sexto.

1381 3660 1505 3747 LXIX

1163 3812 1217 3872 Ad
1237 3812 1434 3886 episcopum
1460 3815 1719 3875 Vtrduseoscm.

1284 3941 1316 3998 11
1337 3938 1497 3999 decembris
1522 3942 1602 4000 1111.

1078 4062 1390 4129 [aegest.‚ns.v1,0ptst.
1402 4063 1456 4114 103.
1468 4065 1568 4116 bissis
1580 4067 1653 4116 Porta
1668 4065 1702 4116 dn
1714 4066 1809 4130 Theti]

1047 4180 1100 4237 Dat
1121 4176 1283 4236 facultatem
1299 4179 1464 4238 absolvendi
1485 4180 1520 4238 de
1544 4182 1843 4241 excommunicatione

1082 4282 1133 4340 pro
1146 4274 1253 4324 retenta
1274 4268 1409 4325 vicesima
1428 4270 1472 4326 vel
1491 4284 1548 4326 non
1567 4269 1679 4343 integra
1695 4270 1799 4341 soluts,
1813 4278 1843 4330 et

1081 4354 1117 4411 de
1132 4357 1350 4429 irregularitate.

1087 4482 1266 4556 Honorius,
1285 4484 1360 4555 616.,
1373 4482 1558 4545 venerabili
1574 4482 1669 4546 tratri
1685 4485 1843 4564 episcopo

1047 4578 1231 4640 virdunen.

1088 4676 1243 4738 Exhibita
1268 4674 1363 4737 nobis
1388 4692 1431 4737 ex
1444 4678 1538 4754 parte
1554 4680 1612 4740 tua
1626 4680 1742 4755 petilio
1757 4664 1854 4743 con-⁸

1050 4774 1186 4845 timebat>
1203 4774 1288 4857 quod
1301 4773 1413 4851 plures
1428 4775 1506 4836 sunt
1517 4775 1553 4835 16
1565 4776 1699 4837 dioecesi
1710 4780 1766 4839 tua
1780 4778 1845 4839 cle-

1048 4871 1112 4933 rici
1136 4886 1275 4949 quorum
1302 4871 1435 4948 qnidam
1450 4886 1510 4948 pro
1532 4873 1691 4934 vicesima
1707 4876 1844 4937 omnino

1049 4970 1189 5041 retenta,
1204 4968 1338 5046 quidam
1353 4985 1432 5030 vero
1446 4984 1506 5046 pro
1519 4973 1552 5031 et
1562 4970 1693 5046 Integra
1706 4988 1772 5034 non
1788 4989 1847 5035 so-

1049 5066 1129 5138 luta,
1150 5065 1503 5128 excommunicationis
1531 5083 1567 5128 66
1589 5070 1741 5130 metuunt
1764 5085 1846 5131 sen-

1048 5162 1160 5224 tentiaa
1186 5162 1369 5240 subjacere.
1390 5161 1456 5224 Alii
1481 5163 1591 5225 autem
1618 5180 1736 5225 manus
1751 5166 1841 5244 inje-

1050 5260 1166 5321 cerunt
1193 5259 1229 5320 in
1254 5259 1393 5321 clericos
1417 5259 1581 5322 violentas
1595 5262 1651 5339 qui
1664 5263 1780 5325 venire
1802 5265 1846 5326 ad

1049 5416 1175 5474 Tradunt
1189 5414 1275 5484 idem,
1288 5424 1309 5473 t.
1325 5417 1360 5484 V,
1375 5415 1555 5488 11116666
1570 5417 1708 5476 1111661116
1719 5420 1759 5478 Vl
1773 5420 1848 5479 11666

1050 5502 1165 5554 uxores,
1180 5486 1302 5545 AElidem
1317 5494 1346 5544 et
1359 5489 1567 5567 Margaretam3
1583 5488 1635 5546 sed
1645 5497 1738 5547 utram
1754 5493 1844 5562 prius,

1051 5558 1209 5630 ambigunt.
1232 5559 1404 5630 ltargareta,
1426 5565 1507 5630 Juxta
1533 5556 1609 5618 banc
1628 5561 1843 5635 1166611116ρί6-

1051 5630 1147 5697 tclam,
1165 5628 1240 5701 prior
1256 5627 1401 5685 censenda
1415 5626 1569 5686 videretur.
