<?xml version="1.0" encoding="UTF-8"?>
<!DOCTYPE html PUBLIC "-//W3C//DTD XHTML 1.0 Transitional//EN"
    "http://www.w3.org/TR/xhtml1/DTD/xhtml1-transitional.dtd">
<html xmlns="http://www.w3.org/1999/xhtml" xml:lang="en" lang="en">
 <head>
  <title>
</title>
<meta http-equiv="Content-Type" content="text/html;charset=utf-8" />
  <meta name='ocr-system' content='tesseract 3.04.00' />
  <meta name='ocr-capabilities' content='ocr_page ocr_carea ocr_par ocr_line ocrx_word'/>
</head>
<body>
  <div class='ocr_page' id='page_1' title='image "./mediiaevibiblio04bottgoog_0020.png"; bbox 0 0 4014 6224; ppageno 0'>
   <div class='ocr_carea' id='block_1_1' title="bbox 173 290 1819 412">
    <p class='ocr_par' dir='ltr' id='par_1_1' title="bbox 173 290 1819 412">
     <span class='ocr_line' id='line_1_1' title="bbox 173 290 1819 412; baseline 0 -2"><span class='ocrx_word' id='word_1_1' title='bbox 173 351 194 410; x_wconf 82' lang='grc'>9</span> <span class='ocrx_word' id='word_1_2' title='bbox 338 362 344 371; x_wconf 90' lang='grc'><em>·</em></span> <span class='ocrx_word' id='word_1_3' title='bbox 799 348 1028 410; x_wconf 75' lang='lat' dir='ltr'>EPISTOLAE.</span> <span class='ocrx_word' id='word_1_4' title='bbox 1052 352 1130 412; x_wconf 90' lang='lat' dir='ltr'>LIB.</span> <span class='ocrx_word' id='word_1_5' title='bbox 1153 351 1208 412; x_wconf 81' lang='lat' dir='ltr'>VI.</span> <span class='ocrx_word' id='word_1_6' title='bbox 1525 290 1528 311; x_wconf 35' lang='grc' dir='ltr'><strong><em>Ι</em></strong></span> <span class='ocrx_word' id='word_1_7' title='bbox 1780 350 1819 411; x_wconf 90' lang='grc'>10</span> 
     </span>
    </p>
   </div>
   <div class='ocr_carea' id='block_1_2' title="bbox 174 506 1820 1755">
    <p class='ocr_par' dir='ltr' id='par_1_2' title="bbox 174 506 1819 880">
     <span class='ocr_line' id='line_1_2' title="bbox 174 506 1819 587; baseline 0.001 -16"><span class='ocrx_word' id='word_1_8' title='bbox 174 506 303 571; x_wconf 90' lang='lat' dir='ltr'>dilectis</span> <span class='ocrx_word' id='word_1_9' title='bbox 332 506 412 571; x_wconf 86' lang='lat' dir='ltr'>tiliis</span> <span class='ocrx_word' id='word_1_10' title='bbox 441 506 553 572; x_wconf 85' lang='lat' dir='ltr'>abbati</span> <span class='ocrx_word' id='word_1_11' title='bbox 584 506 698 570; x_wconf 88' lang='lat' dir='ltr'>Sancti</span> <span class='ocrx_word' id='word_1_12' title='bbox 735 507 907 570; x_wconf 88' lang='lat' dir='ltr'>Laurentii</span> <span class='ocrx_word' id='word_1_13' title='bbox 934 508 970 568; x_wconf 93' lang='lat' dir='ltr'>in</span> <span class='ocrx_word' id='word_1_14' title='bbox 1065 511 1134 573; x_wconf 87' lang='lat' dir='ltr'>Etsi</span> <span class='ocrx_word' id='word_1_15' title='bbox 1149 527 1215 575; x_wconf 93' lang='lat' dir='ltr'>non</span> <span class='ocrx_word' id='word_1_16' title='bbox 1230 510 1295 571; x_wconf 90' lang='lat' dir='ltr'>nlsi</span> <span class='ocrx_word' id='word_1_17' title='bbox 1307 510 1412 587; x_wconf 78' lang='lat' dir='ltr'>gratis</span> <span class='ocrx_word' id='word_1_18' title='bbox 1426 509 1493 572; x_wconf 93' lang='lat' dir='ltr'>sint</span> <span class='ocrx_word' id='word_1_19' title='bbox 1511 509 1740 572; x_wconf 89' lang='lat' dir='ltr'>ecclesiastica</span> <span class='ocrx_word' id='word_1_20' title='bbox 1759 508 1819 572; x_wconf 89' lang='lat' dir='ltr'>be·</span> 
     </span>
     <span class='ocr_line' id='line_1_3' title="bbox 175 605 1818 684; baseline 0.001 -16"><span class='ocrx_word' id='word_1_21' title='bbox 175 609 296 684; x_wconf 87' lang='lat' dir='ltr'>Campo</span> <span class='ocrx_word' id='word_1_22' title='bbox 316 606 350 668; x_wconf 90' lang='lat' dir='ltr'>et</span> <span class='ocrx_word' id='word_1_23' title='bbox 363 606 467 683; x_wconf 80' lang='lat' dir='ltr'>priori</span> <span class='ocrx_word' id='word_1_24' title='bbox 490 606 602 666; x_wconf 85' lang='lat' dir='ltr'>Sancti</span> <span class='ocrx_word' id='word_1_25' title='bbox 624 605 788 677; x_wconf 82' lang='lat' dir='ltr'>SeverIni,</span> <span class='ocrx_word' id='word_1_26' title='bbox 808 606 970 666; x_wconf 80' lang='lat' dir='ltr'>Fanensis</span> <span class='ocrx_word' id='word_1_27' title='bbox 1024 607 1145 669; x_wconf 88' lang='lat' dir='ltr'>neticia</span> <span class='ocrx_word' id='word_1_28' title='bbox 1170 607 1381 680; x_wconf 83' lang='lat' dir='ltr'>conterenda,</span> <span class='ocrx_word' id='word_1_29' title='bbox 1410 609 1444 669; x_wconf 91' lang='lat' dir='ltr'>hi</span> <span class='ocrx_word' id='word_1_30' title='bbox 1469 608 1579 670; x_wconf 89' lang='lat' dir='ltr'>tamen</span> <span class='ocrx_word' id='word_1_31' title='bbox 1601 607 1669 684; x_wconf 87' lang='lat' dir='ltr'>qui,</span> <span class='ocrx_word' id='word_1_32' title='bbox 1686 623 1818 684; x_wconf 83' lang='lat' dir='ltr'>praere·</span> 
     </span>
     <span class='ocr_line' id='line_1_4' title="bbox 175 702 1818 783; baseline 0.001 -18"><span class='ocrx_word' id='word_1_33' title='bbox 175 705 207 766; x_wconf 90' lang='lat' dir='ltr'>et</span> <span class='ocrx_word' id='word_1_34' title='bbox 219 703 465 766; x_wconf 77' lang='lat' dir='ltr'>camerinensis</span> <span class='ocrx_word' id='word_1_35' title='bbox 480 702 673 775; x_wconf 88' lang='lat' dir='ltr'>dioecesum,</span> <span class='ocrx_word' id='word_1_36' title='bbox 688 702 830 763; x_wconf 90' lang='lat' dir='ltr'>salutem</span> <span class='ocrx_word' id='word_1_37' title='bbox 845 704 879 764; x_wconf 88' lang='lat' dir='ltr'>et</span> <span class='ocrx_word' id='word_1_38' title='bbox 890 718 972 779; x_wconf 91' lang='lat' dir='ltr'>apo·</span> <span class='ocrx_word' id='word_1_39' title='bbox 1006 704 1131 783; x_wconf 33' lang='lat' dir='ltr'>‚nienti</span> <span class='ocrx_word' id='word_1_40' title='bbox 1145 705 1333 782; x_wconf 86' lang='lat' dir='ltr'>gratia,per</span> <span class='ocrx_word' id='word_1_41' title='bbox 1346 707 1441 779; x_wconf 84' lang='lat' dir='ltr'>grata</span> <span class='ocrx_word' id='word_1_42' title='bbox 1456 704 1641 767; x_wconf 87' lang='lat' dir='ltr'>devotionis</span> <span class='ocrx_word' id='word_1_43' title='bbox 1659 704 1818 781; x_wconf 88' lang='lat' dir='ltr'>obsequia</span> 
     </span>
     <span class='ocr_line' id='line_1_5' title="bbox 176 799 1818 880; baseline -0.001 -17"><span class='ocrx_word' id='word_1_44' title='bbox 176 799 617 863; x_wconf 87' lang='lat' dir='ltr'>stolicambeuedictionem.</span> <span class='ocrx_word' id='word_1_45' title='bbox 1025 818 1062 862; x_wconf 92' lang='lat' dir='ltr'>se</span> <span class='ocrx_word' id='word_1_46' title='bbox 1088 803 1244 879; x_wconf 91' lang='lat' dir='ltr'>coaptant</span> <span class='ocrx_word' id='word_1_47' title='bbox 1271 804 1366 878; x_wconf 83' lang='lat' dir='ltr'>quasi</span> <span class='ocrx_word' id='word_1_48' title='bbox 1394 803 1534 880; x_wconf 84' lang='lat' dir='ltr'>quodam</span> <span class='ocrx_word' id='word_1_49' title='bbox 1563 804 1708 879; x_wconf 77' lang='lat' dir='ltr'>gratuito</span> <span class='ocrx_word' id='word_1_50' title='bbox 1730 803 1818 879; x_wconf 86' lang='lat' dir='ltr'>jnris</span> 
     </span>
    </p>

    <p class='ocr_par' dir='ltr' id='par_1_3' title="bbox 175 898 1820 1755">
     <span class='ocr_line' id='line_1_6' title="bbox 216 898 1820 978; baseline 0.002 -19"><span class='ocrx_word' id='word_1_51' title='bbox 216 900 437 960; x_wconf 75' lang='lat' dir='ltr'>praesentium</span> <span class='ocrx_word' id='word_1_52' title='bbox 449 898 543 959; x_wconf 87' lang='lat' dir='ltr'>vobis</span> <span class='ocrx_word' id='word_1_53' title='bbox 554 898 751 961; x_wconf 88' lang='lat' dir='ltr'>auctoritate</span> <span class='ocrx_word' id='word_1_54' title='bbox 764 898 969 969; x_wconf 90' lang='lat' dir='ltr'>mandamus,</span> <span class='ocrx_word' id='word_1_55' title='bbox 1026 898 1136 961; x_wconf 90' lang='lat' dir='ltr'>debito</span> <span class='ocrx_word' id='word_1_56' title='bbox 1149 899 1192 961; x_wconf 89' lang='lat' dir='ltr'>ad</span> <span class='ocrx_word' id='word_1_57' title='bbox 1212 915 1263 971; x_wconf 88' lang='lat' dir='ltr'>ea,</span> <span class='ocrx_word' id='word_1_58' title='bbox 1279 901 1357 960; x_wconf 88' lang='lat' dir='ltr'>sunt</span> <span class='ocrx_word' id='word_1_59' title='bbox 1370 900 1447 960; x_wconf 90' lang='lat' dir='ltr'>aliis</span> <span class='ocrx_word' id='word_1_60' title='bbox 1464 900 1663 978; x_wconf 82' lang='lat' dir='ltr'>praeferendi</span> <span class='ocrx_word' id='word_1_61' title='bbox 1677 923 1685 976; x_wconf 83' lang='lat'>3</span> <span class='ocrx_word' id='word_1_62' title='bbox 1703 916 1745 962; x_wconf 91' lang='lat' dir='ltr'>ne</span> <span class='ocrx_word' id='word_1_63' title='bbox 1759 900 1820 962; x_wconf 92' lang='lat' dir='ltr'>de-</span> 
     </span>
     <span class='ocr_line' id='line_1_7' title="bbox 176 996 1819 1076; baseline 0.001 -19"><span class='ocrx_word' id='word_1_64' title='bbox 176 999 340 1076; x_wconf 85' lang='lat' dir='ltr'>quatenus</span> <span class='ocrx_word' id='word_1_65' title='bbox 356 996 507 1057; x_wconf 91' lang='lat' dir='ltr'>homines</span> <span class='ocrx_word' id='word_1_66' title='bbox 525 996 605 1068; x_wconf 85' lang='lat' dir='ltr'>Esii,</span> <span class='ocrx_word' id='word_1_67' title='bbox 623 996 680 1073; x_wconf 89' lang='lat' dir='ltr'>qui</span> <span class='ocrx_word' id='word_1_68' title='bbox 703 996 847 1058; x_wconf 90' lang='lat' dir='ltr'>nobilem</span> <span class='ocrx_word' id='word_1_69' title='bbox 862 996 970 1057; x_wconf 81' lang='lat' dir='ltr'>virum</span> <span class='ocrx_word' id='word_1_70' title='bbox 1026 997 1126 1068; x_wconf 76' lang='lat' dir='ltr'>sotio,</span> <span class='ocrx_word' id='word_1_71' title='bbox 1139 996 1240 1073; x_wconf 80' lang='lat' dir='ltr'>digna</span> <span class='ocrx_word' id='word_1_72' title='bbox 1260 996 1478 1058; x_wconf 77' lang='lat' dir='ltr'>retributione</span> <span class='ocrx_word' id='word_1_73' title='bbox 1502 998 1666 1069; x_wconf 79' lang='lat' dir='ltr'>fraudata,</span> <span class='ocrx_word' id='word_1_74' title='bbox 1681 1013 1748 1058; x_wconf 92' lang='lat' dir='ltr'>non</span> <span class='ocrx_word' id='word_1_75' title='bbox 1763 1013 1819 1059; x_wconf 91' lang='lat' dir='ltr'>so-</span> 
     </span>
     <span class='ocr_line' id='line_1_8' title="bbox 175 1093 1818 1167; baseline -0.001 -10"><span class='ocrx_word' id='word_1_76' title='bbox 175 1099 232 1158; x_wconf 87' lang='lat' dir='ltr'>Az.</span> <span class='ocrx_word' id='word_1_77' title='bbox 246 1093 472 1155; x_wconf 83' lang='lat' dir='ltr'>marchionem</span> <span class='ocrx_word' id='word_1_78' title='bbox 487 1095 732 1156; x_wconf 80' lang='lat' dir='ltr'>Anconitanum</span> <span class='ocrx_word' id='word_1_79' title='bbox 751 1095 784 1154; x_wconf 88' lang='lat' dir='ltr'>et</span> <span class='ocrx_word' id='word_1_80' title='bbox 800 1096 970 1154; x_wconf 85' lang='lat' dir='ltr'>Estensem</span> <span class='ocrx_word' id='word_1_81' title='bbox 1027 1095 1095 1155; x_wconf 92' lang='lat' dir='ltr'>lum</span> <span class='ocrx_word' id='word_1_82' title='bbox 1110 1109 1176 1155; x_wconf 93' lang='lat' dir='ltr'>non</span> <span class='ocrx_word' id='word_1_83' title='bbox 1198 1094 1366 1155; x_wconf 81' lang='lat' dir='ltr'>exterreat</span> <span class='ocrx_word' id='word_1_84' title='bbox 1387 1094 1571 1167; x_wconf 84' lang='lat' dir='ltr'>indevotos,</span> <span class='ocrx_word' id='word_1_85' title='bbox 1587 1095 1818 1157; x_wconf 87' lang='lat' dir='ltr'>verumetiam</span> 
     </span>
     <span class='ocr_line' id='line_1_9' title="bbox 176 1190 1819 1269; baseline -0.001 -15"><span class='ocrx_word' id='word_1_86' title='bbox 176 1192 324 1269; x_wconf 83' lang='lat' dir='ltr'>graviter</span> <span class='ocrx_word' id='word_1_87' title='bbox 345 1192 380 1251; x_wconf 89' lang='lat' dir='ltr'>in</span> <span class='ocrx_word' id='word_1_88' title='bbox 396 1191 509 1252; x_wconf 89' lang='lat' dir='ltr'>multis</span> <span class='ocrx_word' id='word_1_89' title='bbox 528 1191 707 1252; x_wconf 80' lang='lat' dir='ltr'>offendisse</span> <span class='ocrx_word' id='word_1_90' title='bbox 723 1191 889 1262; x_wconf 90' lang='lat' dir='ltr'>dicuntur,</span> <span class='ocrx_word' id='word_1_91' title='bbox 906 1190 971 1250; x_wconf 92' lang='lat' dir='ltr'>nisi</span> <span class='ocrx_word' id='word_1_92' title='bbox 1026 1191 1252 1253; x_wconf 88' lang='lat' dir='ltr'>remissiorem</span> <span class='ocrx_word' id='word_1_93' title='bbox 1282 1190 1399 1253; x_wconf 88' lang='lat' dir='ltr'>reddat</span> <span class='ocrx_word' id='word_1_94' title='bbox 1427 1191 1647 1254; x_wconf 83' lang='lat' dir='ltr'>obedientiam</span> <span class='ocrx_word' id='word_1_95' title='bbox 1682 1192 1819 1254; x_wconf 83' lang='lat' dir='ltr'>devoto-</span> 
     </span>
     <span class='ocr_line' id='line_1_10' title="bbox 176 1287 1817 1366; baseline -0.001 -15"><span class='ocrx_word' id='word_1_96' title='bbox 176 1288 217 1352; x_wconf 88' lang='lat' dir='ltr'>ad</span> <span class='ocrx_word' id='word_1_97' title='bbox 233 1287 425 1349; x_wconf 90' lang='lat' dir='ltr'>mandatum</span> <span class='ocrx_word' id='word_1_98' title='bbox 439 1288 642 1349; x_wconf 88' lang='lat' dir='ltr'>marchionis</span> <span class='ocrx_word' id='word_1_99' title='bbox 658 1288 805 1366; x_wconf 90' lang='lat' dir='ltr'>ejusdem</span> <span class='ocrx_word' id='word_1_100' title='bbox 820 1303 895 1349; x_wconf 91' lang='lat' dir='ltr'>cum</span> <span class='ocrx_word' id='word_1_101' title='bbox 908 1287 973 1346; x_wconf 91' lang='lat' dir='ltr'>bu·</span> <span class='ocrx_word' id='word_1_102' title='bbox 1026 1304 1110 1349; x_wconf 89' lang='lat' dir='ltr'>rum.</span> <span class='ocrx_word' id='word_1_103' title='bbox 1126 1290 1206 1348; x_wconf 80' lang='lat' dir='ltr'>Cum</span> <span class='ocrx_word' id='word_1_104' title='bbox 1221 1288 1324 1364; x_wconf 79' lang='lat' dir='ltr'>igitur</span> <span class='ocrx_word' id='word_1_105' title='bbox 1336 1289 1421 1350; x_wconf 90' lang='lat' dir='ltr'>sicut</span> <span class='ocrx_word' id='word_1_106' title='bbox 1438 1289 1576 1350; x_wconf 90' lang='lat' dir='ltr'>dilectus</span> <span class='ocrx_word' id='word_1_107' title='bbox 1597 1289 1687 1349; x_wconf 89' lang='lat' dir='ltr'>tilius</span> <span class='ocrx_word' id='word_1_108' title='bbox 1703 1293 1739 1350; x_wconf 91' lang='grc' dir='ltr'>Ρ.</span> <span class='ocrx_word' id='word_1_109' title='bbox 1756 1304 1817 1350; x_wconf 87' lang='lat' dir='ltr'>ar·</span> 
     </span>
     <span class='ocr_line' id='line_1_11' title="bbox 176 1384 1819 1463; baseline 0 -15"><span class='ocrx_word' id='word_1_110' title='bbox 176 1386 317 1448; x_wconf 88' lang='lat' dir='ltr'>militate</span> <span class='ocrx_word' id='word_1_111' title='bbox 337 1384 509 1458; x_wconf 85' lang='lat' dir='ltr'>redierint,</span> <span class='ocrx_word' id='word_1_112' title='bbox 527 1385 751 1462; x_wconf 83' lang='lat' dir='ltr'>appellatione</span> <span class='ocrx_word' id='word_1_113' title='bbox 775 1385 969 1462; x_wconf 90' lang='lat' dir='ltr'>postposita,</span> <span class='ocrx_word' id='word_1_114' title='bbox 1027 1386 1256 1463; x_wconf 81' lang='lat' dir='ltr'>cbipresbyter</span> <span class='ocrx_word' id='word_1_115' title='bbox 1274 1387 1314 1446; x_wconf 93' lang='lat' dir='ltr'>de</span> <span class='ocrx_word' id='word_1_116' title='bbox 1337 1385 1498 1461; x_wconf 70' lang='lat' dir='ltr'>Surgerii</span> <span class='ocrx_word' id='word_1_117' title='bbox 1515 1386 1549 1446; x_wconf 88' lang='lat' dir='ltr'>in</span> <span class='ocrx_word' id='word_1_118' title='bbox 1563 1389 1678 1448; x_wconf 88' lang='lat' dir='ltr'>nostra</span> <span class='ocrx_word' id='word_1_119' title='bbox 1702 1402 1819 1463; x_wconf 90' lang='lat' dir='ltr'>propo·</span> 
     </span>
     <span class='ocr_line' id='line_1_12' title="bbox 177 1480 1818 1560; baseline -0.001 -15"><span class='ocrx_word' id='word_1_120' title='bbox 177 1482 483 1546; x_wconf 82' lang='lat' dir='ltr'>excommunicatos</span> <span class='ocrx_word' id='word_1_121' title='bbox 514 1481 646 1559; x_wconf 89' lang='lat' dir='ltr'>publice</span> <span class='ocrx_word' id='word_1_122' title='bbox 674 1481 833 1543; x_wconf 90' lang='lat' dir='ltr'>nuntietis</span> <span class='ocrx_word' id='word_1_123' title='bbox 866 1482 899 1543; x_wconf 94' lang='lat' dir='ltr'>et</span> <span class='ocrx_word' id='word_1_124' title='bbox 931 1480 972 1541; x_wconf 91' lang='lat' dir='ltr'>ab</span> <span class='ocrx_word' id='word_1_125' title='bbox 1028 1484 1095 1544; x_wconf 90' lang='lat' dir='ltr'>snit</span> <span class='ocrx_word' id='word_1_126' title='bbox 1125 1483 1302 1560; x_wconf 86' lang='lat' dir='ltr'>praesentia</span> <span class='ocrx_word' id='word_1_127' title='bbox 1341 1484 1551 1555; x_wconf 77' lang='lat' dir='ltr'>constitutae,</span> <span class='ocrx_word' id='word_1_128' title='bbox 1571 1482 1628 1543; x_wconf 89' lang='lat' dir='ltr'>diu</span> <span class='ocrx_word' id='word_1_129' title='bbox 1653 1483 1688 1544; x_wconf 93' lang='lat' dir='ltr'>in</span> <span class='ocrx_word' id='word_1_130' title='bbox 1715 1484 1818 1544; x_wconf 89' lang='lat' dir='ltr'>choro</span> 
     </span>
     <span class='ocr_line' id='line_1_13' title="bbox 176 1579 1819 1656; baseline 0 -14"><span class='ocrx_word' id='word_1_131' title='bbox 176 1579 330 1642; x_wconf 90' lang='lat' dir='ltr'>omnibus</span> <span class='ocrx_word' id='word_1_132' title='bbox 350 1579 390 1640; x_wconf 92' lang='lat' dir='ltr'>de</span> <span class='ocrx_word' id='word_1_133' title='bbox 407 1579 558 1641; x_wconf 87' lang='lat' dir='ltr'>Marabia</span> <span class='ocrx_word' id='word_1_134' title='bbox 581 1579 711 1641; x_wconf 83' lang='lat' dir='ltr'>faciatis</span> <span class='ocrx_word' id='word_1_135' title='bbox 733 1579 892 1656; x_wconf 83' lang='lat' dir='ltr'>tanquam</span> <span class='ocrx_word' id='word_1_136' title='bbox 907 1594 971 1638; x_wconf 81' lang='lat' dir='ltr'>ex·</span> <span class='ocrx_word' id='word_1_137' title='bbox 1027 1580 1177 1641; x_wconf 90' lang='lat' dir='ltr'>ecclesiae</span> <span class='ocrx_word' id='word_1_138' title='bbox 1191 1582 1311 1641; x_wconf 84' lang='lat' dir='ltr'>vestrae</span> <span class='ocrx_word' id='word_1_139' title='bbox 1327 1580 1482 1642; x_wconf 88' lang='lat' dir='ltr'>servierit</span> <span class='ocrx_word' id='word_1_140' title='bbox 1496 1580 1639 1642; x_wconf 78' lang='lat' dir='ltr'>fideliter</span> <span class='ocrx_word' id='word_1_141' title='bbox 1653 1584 1686 1642; x_wconf 89' lang='lat' dir='ltr'>et</span> <span class='ocrx_word' id='word_1_142' title='bbox 1701 1580 1819 1643; x_wconf 82' lang='lat' dir='ltr'>devote</span> 
     </span>
     <span class='ocr_line' id='line_1_14' title="bbox 177 1676 1817 1755; baseline 0 -17"><span class='ocrx_word' id='word_1_143' title='bbox 177 1679 438 1740; x_wconf 86' lang='lat' dir='ltr'>communicatos</span> <span class='ocrx_word' id='word_1_144' title='bbox 453 1677 579 1739; x_wconf 88' lang='lat' dir='ltr'>arctius</span> <span class='ocrx_word' id='word_1_145' title='bbox 594 1678 724 1739; x_wconf 84' lang='lat' dir='ltr'>evitari.</span> <span class='ocrx_word' id='word_1_146' title='bbox 745 1679 864 1739; x_wconf 91' lang='lat' dir='ltr'>Datum</span> <span class='ocrx_word' id='word_1_147' title='bbox 880 1677 973 1739; x_wconf 89' lang='lat' dir='ltr'>Late·</span> <span class='ocrx_word' id='word_1_148' title='bbox 1027 1693 1067 1739; x_wconf 91' lang='lat' dir='ltr'>ac</span> <span class='ocrx_word' id='word_1_149' title='bbox 1089 1694 1147 1754; x_wconf 92' lang='lat' dir='ltr'>pro</span> <span class='ocrx_word' id='word_1_150' title='bbox 1171 1676 1267 1739; x_wconf 90' lang='lat' dir='ltr'>bonae</span> <span class='ocrx_word' id='word_1_151' title='bbox 1289 1679 1458 1739; x_wconf 88' lang='lat' dir='ltr'>memoriae</span> <span class='ocrx_word' id='word_1_152' title='bbox 1482 1678 1727 1755; x_wconf 74' lang='lat' dir='ltr'>praedecessore</span> <span class='ocrx_word' id='word_1_153' title='bbox 1747 1680 1817 1751; x_wconf 91' lang='lat' dir='ltr'>tuo,</span> 
     </span>
    </p>
   </div>
   <div class='ocr_carea' id='block_1_3' title="bbox 176 1774 972 1935">
    <p class='ocr_par' dir='ltr' id='par_1_4' title="bbox 176 1774 972 1935">
     <span class='ocr_line' id='line_1_15' title="bbox 176 1774 972 1854; baseline -0.003 -18"><span class='ocrx_word' id='word_1_154' title='bbox 176 1775 265 1848; x_wconf 88' lang='lat' dir='ltr'>rani,</span> <span class='ocrx_word' id='word_1_155' title='bbox 286 1778 333 1837; x_wconf 87' lang='lat' dir='ltr'>Xl</span> <span class='ocrx_word' id='word_1_156' title='bbox 354 1775 515 1837; x_wconf 82' lang='lat' dir='ltr'>kalendas</span> <span class='ocrx_word' id='word_1_157' title='bbox 531 1774 739 1854; x_wconf 87' lang='lat' dir='ltr'>septembris,</span> <span class='ocrx_word' id='word_1_158' title='bbox 762 1774 972 1853; x_wconf 83' lang='lat' dir='ltr'>pontificatus</span> 
     </span>
     <span class='ocr_line' id='line_1_16' title="bbox 176 1872 508 1935; baseline 0 -1"><span class='ocrx_word' id='word_1_159' title='bbox 176 1872 283 1935; x_wconf 89' lang='lat' dir='ltr'>nostri</span> <span class='ocrx_word' id='word_1_160' title='bbox 299 1889 387 1935; x_wconf 92' lang='lat' dir='ltr'>anno</span> <span class='ocrx_word' id='word_1_161' title='bbox 402 1873 508 1935; x_wconf 82' lang='lat' dir='ltr'>sexto.</span> 
     </span>
    </p>
   </div>
   <div class='ocr_carea' id='block_1_4' title="bbox 551 2150 606 2239">
    <p class='ocr_par' dir='ltr' id='par_1_5' title="bbox 551 2150 606 2239">
     <span class='ocr_line' id='line_1_17' title="bbox 551 2150 606 2239; baseline 0.036 -2"><span class='ocrx_word' id='word_1_162' title='bbox 551 2150 606 2239; x_wconf 90' lang='lat' dir='ltr'>XI</span> 
     </span>
    </p>
   </div>
   <div class='ocr_carea' id='block_1_5' title="bbox 240 2301 911 2463">
    <p class='ocr_par' dir='ltr' id='par_1_6' title="bbox 240 2301 911 2463">
     <span class='ocr_line' id='line_1_18' title="bbox 240 2301 911 2366; baseline -0.009 0"><span class='ocrx_word' id='word_1_163' title='bbox 240 2306 294 2366; x_wconf 85' lang='lat' dir='ltr'>Ad</span> <span class='ocrx_word' id='word_1_164' title='bbox 306 2301 461 2366; x_wconf 80' lang='lat' dir='ltr'>abbatem</span> <span class='ocrx_word' id='word_1_165' title='bbox 476 2303 511 2363; x_wconf 83' lang='lat' dir='ltr'>et</span> <span class='ocrx_word' id='word_1_166' title='bbox 524 2305 707 2365; x_wconf 76' lang='lat' dir='ltr'>moncellos</span> <span class='ocrx_word' id='word_1_167' title='bbox 721 2301 911 2363; x_wconf 83' lang='lat' dir='ltr'>Marcbten.</span> 
     </span>
     <span class='ocr_line' id='line_1_19' title="bbox 365 2399 786 2463; baseline -0.007 -1"><span class='ocrx_word' id='word_1_168' title='bbox 365 2402 521 2463; x_wconf 82' lang='lat' dir='ltr'>dloecests</span> <span class='ocrx_word' id='word_1_169' title='bbox 537 2399 786 2461; x_wconf 76' lang='lat' dir='ltr'>atrebatensis.</span> 
     </span>
    </p>
   </div>
   <div class='ocr_carea' id='block_1_6' title="bbox 207 2524 949 2723">
    <p class='ocr_par' dir='ltr' id='par_1_7' title="bbox 207 2524 949 2723">
     <span class='ocr_line' id='line_1_20' title="bbox 446 2524 709 2603; baseline -0.011 -14"><span class='ocrx_word' id='word_1_170' title='bbox 446 2531 480 2589; x_wconf 84' lang='grc'>27</span> <span class='ocrx_word' id='word_1_171' title='bbox 500 2530 615 2603; x_wconf 76' lang='lat' dir='ltr'>augusti</span> <span class='ocrx_word' id='word_1_172' title='bbox 630 2524 709 2587; x_wconf 77' lang='grc'><strong>2221.</strong></span> 
     </span>
     <span class='ocr_line' id='line_1_21' title="bbox 207 2649 949 2723; baseline -0.011 -15"><span class='ocrx_word' id='word_1_173' title='bbox 207 2655 304 2723; x_wconf 82' lang='lat' dir='ltr'>[Fonds</span> <span class='ocrx_word' id='word_1_174' title='bbox 317 2656 426 2713; x_wconf 77' lang='lat' dir='ltr'>Morosa,</span> <span class='ocrx_word' id='word_1_175' title='bbox 439 2659 460 2705; x_wconf 87' lang='lat' dir='ltr'>t.</span> <span class='ocrx_word' id='word_1_176' title='bbox 472 2653 583 2713; x_wconf 82' lang='lat' dir='ltr'>CXXIX,</span> <span class='ocrx_word' id='word_1_177' title='bbox 594 2667 621 2717; x_wconf 90' lang='lat' dir='ltr'>p.</span> <span class='ocrx_word' id='word_1_178' title='bbox 634 2652 689 2711; x_wconf 83' lang='lat' dir='ltr'>ibt),</span> <span class='ocrx_word' id='word_1_179' title='bbox 701 2650 824 2702; x_wconf 75' lang='lat' dir='ltr'>biblioth.</span> <span class='ocrx_word' id='word_1_180' title='bbox 834 2649 949 2714; x_wconf 78' lang='lat' dir='ltr'>lintion]</span> 
     </span>
    </p>
   </div>
   <div class='ocr_carea' id='block_1_7' title="bbox 180 2775 976 2940">
    <p class='ocr_par' dir='ltr' id='par_1_8' title="bbox 180 2775 976 2940">
     <span class='ocr_line' id='line_1_22' title="bbox 180 2775 976 2842; baseline -0.011 -1"><span class='ocrx_word' id='word_1_181' title='bbox 180 2780 316 2842; x_wconf 81' lang='lat' dir='ltr'>Prohibet</span> <span class='ocrx_word' id='word_1_182' title='bbox 330 2796 366 2838; x_wconf 92' lang='lat' dir='ltr'>ne</span> <span class='ocrx_word' id='word_1_183' title='bbox 382 2796 399 2838; x_wconf 91' lang='lat' dir='ltr'>a</span> <span class='ocrx_word' id='word_1_184' title='bbox 414 2779 563 2838; x_wconf 89' lang='lat' dir='ltr'>monachis</span> <span class='ocrx_word' id='word_1_185' title='bbox 577 2777 734 2836; x_wconf 83' lang='lat' dir='ltr'>biarchien.</span> <span class='ocrx_word' id='word_1_186' title='bbox 750 2775 785 2835; x_wconf 92' lang='lat' dir='ltr'>de</span> <span class='ocrx_word' id='word_1_187' title='bbox 806 2775 976 2834; x_wconf 85' lang='lat' dir='ltr'>animalibus</span> 
     </span>
     <span class='ocr_line' id='line_1_23' title="bbox 430 2868 728 2940; baseline -0.017 -14"><span class='ocrx_word' id='word_1_188' title='bbox 430 2868 549 2927; x_wconf 79' lang='lat' dir='ltr'>decime</span> <span class='ocrx_word' id='word_1_189' title='bbox 567 2868 728 2940; x_wconf 83' lang='lat' dir='ltr'>exigantur.</span> 
     </span>
    </p>
   </div>
   <div class='ocr_carea' id='block_1_8' title="bbox 181 2988 981 4537">
    <p class='ocr_par' dir='ltr' id='par_1_9' title="bbox 181 2988 977 3162">
     <span class='ocr_line' id='line_1_24' title="bbox 221 2988 977 3073; baseline -0.016 -13"><span class='ocrx_word' id='word_1_190' title='bbox 221 2997 389 3060; x_wconf 84' lang='lat' dir='ltr'>Honorius</span> <span class='ocrx_word' id='word_1_191' title='bbox 415 2997 605 3073; x_wconf 90' lang='lat' dir='ltr'>episcopus,</span> <span class='ocrx_word' id='word_1_192' title='bbox 633 2994 714 3066; x_wconf 77' lang='lat' dir='ltr'>etc,</span> <span class='ocrx_word' id='word_1_193' title='bbox 742 2991 871 3054; x_wconf 89' lang='lat' dir='ltr'>dilectis</span> <span class='ocrx_word' id='word_1_194' title='bbox 898 2988 977 3049; x_wconf 86' lang='lat' dir='ltr'>filiis</span> 
     </span>
     <span class='ocr_line' id='line_1_25' title="bbox 181 3087 976 3162; baseline -0.016 -3"><span class='ocrx_word' id='word_1_195' title='bbox 181 3095 301 3159; x_wconf 84' lang='lat' dir='ltr'>abbate</span> <span class='ocrx_word' id='word_1_196' title='bbox 311 3097 345 3157; x_wconf 89' lang='lat' dir='ltr'>et</span> <span class='ocrx_word' id='word_1_197' title='bbox 354 3093 526 3156; x_wconf 89' lang='lat' dir='ltr'>monachis</span> <span class='ocrx_word' id='word_1_198' title='bbox 537 3091 736 3162; x_wconf 69' lang='lat' dir='ltr'>Marabien,</span> <span class='ocrx_word' id='word_1_199' title='bbox 750 3087 976 3157; x_wconf 71' lang='lat' dir='ltr'>salutemetc.</span> 
     </span>
    </p>

    <p class='ocr_par' dir='ltr' id='par_1_10' title="bbox 181 3182 981 4537">
     <span class='ocr_line' id='line_1_26' title="bbox 223 3182 976 3265; baseline -0.019 -9"><span class='ocrx_word' id='word_1_200' title='bbox 223 3194 315 3256; x_wconf 88' lang='lat' dir='ltr'>Solet</span> <span class='ocrx_word' id='word_1_201' title='bbox 326 3207 475 3254; x_wconf 88' lang='lat' dir='ltr'>annuere</span> <span class='ocrx_word' id='word_1_202' title='bbox 489 3190 590 3253; x_wconf 89' lang='lat' dir='ltr'>Sedes</span> <span class='ocrx_word' id='word_1_203' title='bbox 599 3187 790 3265; x_wconf 73' lang='lat' dir='ltr'>apostolica</span> <span class='ocrx_word' id='word_1_204' title='bbox 804 3185 869 3261; x_wconf 92' lang='lat' dir='ltr'>piis</span> <span class='ocrx_word' id='word_1_205' title='bbox 878 3182 976 3251; x_wconf 76' lang='lat' dir='ltr'>rotis,</span> 
     </span>
     <span class='ocr_line' id='line_1_27' title="bbox 182 3281 978 3367; baseline -0.019 -13"><span class='ocrx_word' id='word_1_206' title='bbox 182 3293 217 3354; x_wconf 88' lang='lat' dir='ltr'>et</span> <span class='ocrx_word' id='word_1_207' title='bbox 249 3290 399 3353; x_wconf 89' lang='lat' dir='ltr'>honestis</span> <span class='ocrx_word' id='word_1_208' title='bbox 432 3287 613 3367; x_wconf 89' lang='lat' dir='ltr'>petentium</span> <span class='ocrx_word' id='word_1_209' title='bbox 645 3282 798 3362; x_wconf 88' lang='lat' dir='ltr'>precibus</span> <span class='ocrx_word' id='word_1_210' title='bbox 830 3281 978 3344; x_wconf 81' lang='lat' dir='ltr'>savorem</span> 
     </span>
     <span class='ocr_line' id='line_1_28' title="bbox 181 3378 978 3463; baseline -0.014 -13"><span class='ocrx_word' id='word_1_211' title='bbox 181 3388 381 3451; x_wconf 89' lang='lat' dir='ltr'>benevolum</span> <span class='ocrx_word' id='word_1_212' title='bbox 398 3386 580 3463; x_wconf 89' lang='lat' dir='ltr'>impertire.</span> <span class='ocrx_word' id='word_1_213' title='bbox 595 3386 641 3446; x_wconf 80' lang='lat' dir='ltr'>Ea</span> <span class='ocrx_word' id='word_1_214' title='bbox 656 3383 801 3461; x_wconf 83' lang='lat' dir='ltr'>propter,</span> <span class='ocrx_word' id='word_1_215' title='bbox 816 3378 929 3441; x_wconf 88' lang='lat' dir='ltr'>dilecti</span> <span class='ocrx_word' id='word_1_216' title='bbox 945 3378 978 3439; x_wconf 93' lang='lat' dir='ltr'>in</span> 
     </span>
     <span class='ocr_line' id='line_1_29' title="bbox 182 3475 978 3560; baseline -0.015 -11"><span class='ocrx_word' id='word_1_217' title='bbox 182 3487 323 3549; x_wconf 89' lang='lat' dir='ltr'>Domino</span> <span class='ocrx_word' id='word_1_218' title='bbox 344 3485 417 3557; x_wconf 86' lang='lat' dir='ltr'>filii,</span> <span class='ocrx_word' id='word_1_219' title='bbox 438 3483 560 3546; x_wconf 83' lang='lat' dir='ltr'>vestris</span> <span class='ocrx_word' id='word_1_220' title='bbox 577 3481 680 3560; x_wconf 88' lang='lat' dir='ltr'>justis</span> <span class='ocrx_word' id='word_1_221' title='bbox 699 3475 978 3557; x_wconf 89' lang='lat' dir='ltr'>postulationibus</span> 
     </span>
     <span class='ocr_line' id='line_1_30' title="bbox 182 3574 979 3667; baseline -0.015 -21"><span class='ocrx_word' id='word_1_222' title='bbox 182 3584 279 3661; x_wconf 78' lang='lat' dir='ltr'>grato</span> <span class='ocrx_word' id='word_1_223' title='bbox 294 3582 532 3667; x_wconf 75' lang='lat' dir='ltr'>concurrentes</span> <span class='ocrx_word' id='word_1_224' title='bbox 544 3594 695 3649; x_wconf 89' lang='lat' dir='ltr'>assensu,</span> <span class='ocrx_word' id='word_1_225' title='bbox 705 3574 902 3638; x_wconf 87' lang='lat' dir='ltr'>auctoritate</span> <span class='ocrx_word' id='word_1_226' title='bbox 914 3589 979 3638; x_wconf 83' lang='lat' dir='ltr'>vo-</span> 
     </span>
     <span class='ocr_line' id='line_1_31' title="bbox 183 3669 979 3759; baseline -0.013 -16"><span class='ocrx_word' id='word_1_227' title='bbox 183 3682 235 3743; x_wconf 90' lang='lat' dir='ltr'>bis</span> <span class='ocrx_word' id='word_1_228' title='bbox 252 3679 478 3759; x_wconf 86' lang='lat' dir='ltr'>praesentium,</span> <span class='ocrx_word' id='word_1_229' title='bbox 495 3677 536 3740; x_wconf 92' lang='lat' dir='ltr'>ad</span> <span class='ocrx_word' id='word_1_230' title='bbox 557 3677 665 3738; x_wconf 88' lang='lat' dir='ltr'>instar</span> <span class='ocrx_word' id='word_1_231' title='bbox 682 3673 790 3736; x_wconf 86' lang='lat' dir='ltr'>felicis</span> <span class='ocrx_word' id='word_1_232' title='bbox 808 3669 979 3735; x_wconf 77' lang='lat' dir='ltr'>memorre</span> 
     </span>
     <span class='ocr_line' id='line_1_32' title="bbox 185 3768 979 3853; baseline -0.016 -12"><span class='ocrx_word' id='word_1_233' title='bbox 185 3779 280 3841; x_wconf 87' lang='lat' dir='ltr'>Lucii</span> <span class='ocrx_word' id='word_1_234' title='bbox 295 3780 328 3840; x_wconf 91' lang='lat' dir='ltr'>et</span> <span class='ocrx_word' id='word_1_235' title='bbox 340 3776 525 3839; x_wconf 88' lang='lat' dir='ltr'>innocentii</span> <span class='ocrx_word' id='word_1_236' title='bbox 540 3773 824 3853; x_wconf 88' lang='lat' dir='ltr'>praedecessorum</span> <span class='ocrx_word' id='word_1_237' title='bbox 843 3768 979 3831; x_wconf 90' lang='lat' dir='ltr'>nostro-</span> 
     </span>
     <span class='ocr_line' id='line_1_33' title="bbox 183 3866 979 3946; baseline -0.016 -8"><span class='ocrx_word' id='word_1_238' title='bbox 183 3892 259 3938; x_wconf 90' lang='lat' dir='ltr'>rum</span> <span class='ocrx_word' id='word_1_239' title='bbox 298 3874 508 3946; x_wconf 84' lang='lat' dir='ltr'>Pontificum,</span> <span class='ocrx_word' id='word_1_240' title='bbox 529 3868 790 3933; x_wconf 88' lang='lat' dir='ltr'>misericorditer</span> <span class='ocrx_word' id='word_1_241' title='bbox 824 3866 979 3928; x_wconf 80' lang='lat' dir='ltr'>duximus</span> 
     </span>
     <span class='ocr_line' id='line_1_34' title="bbox 185 3963 979 4050; baseline -0.018 -14"><span class='ocrx_word' id='word_1_242' title='bbox 185 3972 433 4050; x_wconf 81' lang='lat' dir='ltr'>indulgendum,</span> <span class='ocrx_word' id='word_1_243' title='bbox 448 3971 485 4033; x_wconf 87' lang='lat' dir='ltr'>ut</span> <span class='ocrx_word' id='word_1_244' title='bbox 499 3970 540 4031; x_wconf 93' lang='lat' dir='ltr'>de</span> <span class='ocrx_word' id='word_1_245' title='bbox 552 3966 764 4032; x_wconf 89' lang='lat' dir='ltr'>nutrimentis</span> <span class='ocrx_word' id='word_1_246' title='bbox 786 3963 979 4026; x_wconf 86' lang='lat' dir='ltr'>animalium</span> 
     </span>
     <span class='ocr_line' id='line_1_35' title="bbox 185 4060 980 4136; baseline -0.018 -2"><span class='ocrx_word' id='word_1_247' title='bbox 185 4073 374 4134; x_wconf 82' lang='lat' dir='ltr'>vestrorum</span> <span class='ocrx_word' id='word_1_248' title='bbox 396 4069 507 4130; x_wconf 89' lang='lat' dir='ltr'>nullus</span> <span class='ocrx_word' id='word_1_249' title='bbox 525 4083 545 4129; x_wconf 91' lang='lat' dir='ltr'>a</span> <span class='ocrx_word' id='word_1_250' title='bbox 561 4065 655 4128; x_wconf 84' lang='lat' dir='ltr'>vobis</span> <span class='ocrx_word' id='word_1_251' title='bbox 678 4063 824 4126; x_wconf 90' lang='lat' dir='ltr'>decimas</span> <span class='ocrx_word' id='word_1_252' title='bbox 843 4060 980 4136; x_wconf 80' lang='lat' dir='ltr'>exigere</span> 
     </span>
     <span class='ocr_line' id='line_1_36' title="bbox 185 4157 980 4244; baseline -0.018 -14"><span class='ocrx_word' id='word_1_253' title='bbox 185 4167 240 4230; x_wconf 82' lang='lat' dir='ltr'>vel</span> <span class='ocrx_word' id='word_1_254' title='bbox 250 4168 449 4244; x_wconf 85' lang='lat' dir='ltr'>extorquere</span> <span class='ocrx_word' id='word_1_255' title='bbox 457 4159 747 4243; x_wconf 84' lang='lat' dir='ltr'>praesumatNulli</span> <span class='ocrx_word' id='word_1_256' title='bbox 757 4174 837 4235; x_wconf 80' lang='lat' dir='ltr'>ergo</span> <span class='ocrx_word' id='word_1_257' title='bbox 845 4157 980 4218; x_wconf 90' lang='lat' dir='ltr'>omnino</span> 
     </span>
     <span class='ocr_line' id='line_1_37' title="bbox 186 4259 981 4337; baseline -0.014 -12"><span class='ocrx_word' id='word_1_258' title='bbox 186 4264 369 4336; x_wconf 89' lang='lat' dir='ltr'>bominum,</span> <span class='ocrx_word' id='word_1_259' title='bbox 385 4264 448 4325; x_wconf 89' lang='lat' dir='ltr'>etc.</span> <span class='ocrx_word' id='word_1_260' title='bbox 473 4261 601 4337; x_wconf 86' lang='lat' dir='ltr'>Siquis</span> <span class='ocrx_word' id='word_1_261' title='bbox 623 4259 733 4320; x_wconf 86' lang='lat' dir='ltr'>autern</span> <span class='ocrx_word' id='word_1_262' title='bbox 754 4268 981 4333; x_wconf 69' lang='lat' dir='ltr'>praesumpse-</span> 
     </span>
     <span class='ocr_line' id='line_1_38' title="bbox 187 4352 980 4433; baseline -0.016 -9"><span class='ocrx_word' id='word_1_263' title='bbox 187 4363 243 4433; x_wconf 88' lang='lat' dir='ltr'>rit,</span> <span class='ocrx_word' id='word_1_264' title='bbox 256 4364 318 4424; x_wconf 85' lang='lat' dir='ltr'>etc.</span> <span class='ocrx_word' id='word_1_265' title='bbox 335 4362 454 4423; x_wconf 88' lang='lat' dir='ltr'>Datum</span> <span class='ocrx_word' id='word_1_266' title='bbox 476 4357 645 4427; x_wconf 85' lang='lat' dir='ltr'>Laterani,</span> <span class='ocrx_word' id='word_1_267' title='bbox 659 4357 703 4417; x_wconf 91' lang='lat' dir='ltr'>Vl</span> <span class='ocrx_word' id='word_1_268' title='bbox 724 4352 887 4415; x_wconf 86' lang='lat' dir='ltr'>kalendas</span> <span class='ocrx_word' id='word_1_269' title='bbox 901 4367 980 4428; x_wconf 92' lang='lat' dir='ltr'>sep-</span> 
     </span>
     <span class='ocr_line' id='line_1_39' title="bbox 186 4451 903 4537; baseline -0.014 -16"><span class='ocrx_word' id='word_1_270' title='bbox 186 4460 334 4532; x_wconf 88' lang='lat' dir='ltr'>tembris,</span> <span class='ocrx_word' id='word_1_271' title='bbox 351 4458 562 4537; x_wconf 81' lang='lat' dir='ltr'>pontificatus</span> <span class='ocrx_word' id='word_1_272' title='bbox 574 4453 680 4517; x_wconf 91' lang='lat' dir='ltr'>nostri</span> <span class='ocrx_word' id='word_1_273' title='bbox 695 4467 783 4514; x_wconf 91' lang='lat' dir='ltr'>anno</span> <span class='ocrx_word' id='word_1_274' title='bbox 795 4451 903 4512; x_wconf 79' lang='lat' dir='ltr'>sexto.</span> 
     </span>
    </p>
   </div>
   <div class='ocr_carea' id='block_1_9' title="bbox 214 4894 952 5229">
    <p class='ocr_par' dir='ltr' id='par_1_11' title="bbox 214 4894 952 5229">
     <span class='ocr_line' id='line_1_40' title="bbox 214 4894 952 4982; baseline -0.024 -12"><span class='ocrx_word' id='word_1_275' title='bbox 214 4909 266 4970; x_wconf 78' lang='lat' dir='ltr'>Aa</span> <span class='ocrx_word' id='word_1_276' title='bbox 281 4908 477 4982; x_wconf 79' lang='lat' dir='ltr'>episcopum</span> <span class='ocrx_word' id='word_1_277' title='bbox 493 4901 527 4964; x_wconf 86' lang='lat' dir='ltr'>et</span> <span class='ocrx_word' id='word_1_278' title='bbox 541 4899 730 4976; x_wconf 75' lang='lat' dir='ltr'>capitatum</span> <span class='ocrx_word' id='word_1_279' title='bbox 743 4894 952 4957; x_wconf 69' lang='lat' dir='ltr'>xanctonen.</span> 
     </span>
     <span class='ocr_line' id='line_1_41' title="bbox 436 5030 735 5107; baseline -0.02 -15"><span class='ocrx_word' id='word_1_280' title='bbox 436 5036 453 5093; x_wconf 82' lang='lat'><strong>3</strong></span> <span class='ocrx_word' id='word_1_281' title='bbox 471 5030 641 5107; x_wconf 87' lang='lat' dir='ltr'>septembris</span> <span class='ocrx_word' id='word_1_282' title='bbox 656 5030 735 5088; x_wconf 78' lang='lat' dir='ltr'>reat.</span> 
     </span>
     <span class='ocr_line' id='line_1_42' title="bbox 229 5148 941 5229; baseline -0.024 -14"><span class='ocrx_word' id='word_1_283' title='bbox 229 5162 351 5229; x_wconf 66' lang='lat' dir='ltr'>meret,</span> <span class='ocrx_word' id='word_1_284' title='bbox 362 5158 408 5211; x_wconf 87' lang='lat' dir='ltr'>lib.</span> <span class='ocrx_word' id='word_1_285' title='bbox 418 5158 462 5217; x_wconf 77' lang='lat' dir='ltr'>Vl,</span> <span class='ocrx_word' id='word_1_286' title='bbox 470 5156 546 5221; x_wconf 83' lang='lat' dir='ltr'>epist.</span> <span class='ocrx_word' id='word_1_287' title='bbox 560 5155 585 5204; x_wconf 85' lang='grc'>3.</span> <span class='ocrx_word' id='word_1_288' title='bbox 597 5154 654 5204; x_wconf 84' lang='lat' dir='ltr'>llas.</span> <span class='ocrx_word' id='word_1_289' title='bbox 665 5154 702 5204; x_wconf 83' lang='lat' dir='ltr'>La</span> <span class='ocrx_word' id='word_1_290' title='bbox 710 5152 788 5202; x_wconf 85' lang='lat' dir='ltr'>Porta</span> <span class='ocrx_word' id='word_1_291' title='bbox 799 5149 834 5201; x_wconf 87' lang='lat' dir='ltr'>dn</span> <span class='ocrx_word' id='word_1_292' title='bbox 847 5148 941 5213; x_wconf 77' lang='lat' dir='ltr'>rich]</span> 
     </span>
    </p>
   </div>
   <div class='ocr_carea' id='block_1_10' title="bbox 189 5262 985 5518">
    <p class='ocr_par' dir='ltr' id='par_1_12' title="bbox 189 5262 985 5518">
     <span class='ocr_line' id='line_1_43' title="bbox 189 5262 985 5342; baseline -0.023 -5"><span class='ocrx_word' id='word_1_293' title='bbox 189 5275 376 5338; x_wconf 82' lang='lat' dir='ltr'>Commendat</span> <span class='ocrx_word' id='word_1_294' title='bbox 395 5274 451 5331; x_wconf 90' lang='lat' dir='ltr'>illis</span> <span class='ocrx_word' id='word_1_295' title='bbox 468 5275 499 5331; x_wconf 88' lang='lat' dir='ltr'>P.</span> <span class='ocrx_word' id='word_1_296' title='bbox 515 5266 791 5342; x_wconf 86' lang='lat' dir='ltr'>archipresbyterum</span> <span class='ocrx_word' id='word_1_297' title='bbox 808 5264 843 5323; x_wconf 91' lang='lat' dir='ltr'>de</span> <span class='ocrx_word' id='word_1_298' title='bbox 859 5262 985 5337; x_wconf 80' lang='lat' dir='ltr'>Surgerii</span> 
     </span>
     <span class='ocr_line' id='line_1_44' title="bbox 225 5355 983 5440; baseline -0.018 -16"><span class='ocrx_word' id='word_1_299' title='bbox 225 5368 274 5440; x_wconf 86' lang='lat' dir='ltr'>qui</span> <span class='ocrx_word' id='word_1_300' title='bbox 287 5366 336 5423; x_wconf 90' lang='lat' dir='ltr'>diu</span> <span class='ocrx_word' id='word_1_301' title='bbox 351 5363 454 5422; x_wconf 83' lang='lat' dir='ltr'>devote</span> <span class='ocrx_word' id='word_1_302' title='bbox 466 5361 564 5419; x_wconf 84' lang='lat' dir='ltr'>serviit</span> <span class='ocrx_word' id='word_1_303' title='bbox 579 5358 607 5416; x_wconf 89' lang='lat' dir='ltr'>in</span> <span class='ocrx_word' id='word_1_304' title='bbox 620 5371 718 5415; x_wconf 87' lang='lat' dir='ltr'>eorum</span> <span class='ocrx_word' id='word_1_305' title='bbox 739 5355 871 5424; x_wconf 87' lang='lat' dir='ltr'>ecclesia,</span> <span class='ocrx_word' id='word_1_306' title='bbox 891 5360 920 5412; x_wconf 88' lang='lat' dir='ltr'>et</span> <span class='ocrx_word' id='word_1_307' title='bbox 940 5360 983 5411; x_wconf 84' lang='lat' dir='ltr'>ta·</span> 
     </span>
     <span class='ocr_line' id='line_1_45' title="bbox 225 5442 984 5518; baseline -0.021 -5"><span class='ocrx_word' id='word_1_308' title='bbox 225 5470 292 5513; x_wconf 88' lang='lat' dir='ltr'>men</span> <span class='ocrx_word' id='word_1_309' title='bbox 306 5468 364 5511; x_wconf 92' lang='lat' dir='ltr'>non</span> <span class='ocrx_word' id='word_1_310' title='bbox 376 5451 462 5509; x_wconf 89' lang='lat' dir='ltr'>habet</span> <span class='ocrx_word' id='word_1_311' title='bbox 473 5449 547 5507; x_wconf 89' lang='lat' dir='ltr'>unde</span> <span class='ocrx_word' id='word_1_312' title='bbox 557 5444 707 5506; x_wconf 90' lang='lat' dir='ltr'>commode</span> <span class='ocrx_word' id='word_1_313' title='bbox 718 5444 809 5518; x_wconf 91' lang='lat' dir='ltr'>possit</span> <span class='ocrx_word' id='word_1_314' title='bbox 821 5442 984 5500; x_wconf 89' lang='lat' dir='ltr'>sustentari.</span> 
     </span>
    </p>
   </div>
   <div class='ocr_carea' id='block_1_11' title="bbox 190 5569 985 5748">
    <p class='ocr_par' dir='ltr' id='par_1_13' title="bbox 190 5569 985 5748">
     <span class='ocr_line' id='line_1_46' title="bbox 229 5569 985 5649; baseline -0.017 -7"><span class='ocrx_word' id='word_1_315' title='bbox 229 5578 409 5649; x_wconf 87' lang='lat' dir='ltr'>Honorius,</span> <span class='ocrx_word' id='word_1_316' title='bbox 425 5576 501 5646; x_wconf 84' lang='lat' dir='ltr'>etc,</span> <span class='ocrx_word' id='word_1_317' title='bbox 521 5571 705 5634; x_wconf 86' lang='lat' dir='ltr'>venerabili</span> <span class='ocrx_word' id='word_1_318' title='bbox 721 5569 816 5632; x_wconf 82' lang='lat' dir='ltr'>tratri</span> <span class='ocrx_word' id='word_1_319' title='bbox 831 5569 985 5646; x_wconf 89' lang='lat' dir='ltr'>episcopo</span> 
     </span>
     <span class='ocr_line' id='line_1_47' title="bbox 190 5669 837 5748; baseline -0.025 -6"><span class='ocrx_word' id='word_1_320' title='bbox 190 5681 224 5742; x_wconf 90' lang='lat' dir='ltr'>et</span> <span class='ocrx_word' id='word_1_321' title='bbox 236 5675 369 5741; x_wconf 86' lang='lat' dir='ltr'>dilectis</span> <span class='ocrx_word' id='word_1_322' title='bbox 382 5673 462 5735; x_wconf 89' lang='lat' dir='ltr'>tiliis</span> <span class='ocrx_word' id='word_1_323' title='bbox 476 5670 622 5748; x_wconf 90' lang='lat' dir='ltr'>capitulo</span> <span class='ocrx_word' id='word_1_324' title='bbox 634 5669 837 5731; x_wconf 86' lang='lat' dir='ltr'>Xanctoren.</span> 
     </span>
    </p>
   </div>
   <div class='ocr_carea' id='block_1_12' title="bbox 1027 1775 1826 3398">
    <p class='ocr_par' dir='ltr' id='par_1_14' title="bbox 1027 1775 1826 3398">
     <span class='ocr_line' id='line_1_48' title="bbox 1028 1775 1818 1852; baseline 0 -16"><span class='ocrx_word' id='word_1_325' title='bbox 1028 1775 1131 1837; x_wconf 84' lang='lat' dir='ltr'>frater</span> <span class='ocrx_word' id='word_1_326' title='bbox 1159 1776 1323 1852; x_wconf 89' lang='lat' dir='ltr'>episcope,</span> <span class='ocrx_word' id='word_1_327' title='bbox 1350 1791 1390 1837; x_wconf 92' lang='lat' dir='ltr'>ao</span> <span class='ocrx_word' id='word_1_328' title='bbox 1413 1775 1596 1847; x_wconf 69' lang='lat' dir='ltr'>volitandi</span> <span class='ocrx_word' id='word_1_329' title='bbox 1624 1775 1818 1852; x_wconf 89' lang='lat' dir='ltr'>capitulum,</span> 
     </span>
     <span class='ocr_line' id='line_1_49' title="bbox 1028 1873 1821 1953; baseline 0.004 -20"><span class='ocrx_word' id='word_1_330' title='bbox 1028 1873 1151 1951; x_wconf 90' lang='lat' dir='ltr'>pluries</span> <span class='ocrx_word' id='word_1_331' title='bbox 1160 1873 1201 1935; x_wconf 93' lang='lat' dir='ltr'>ad</span> <span class='ocrx_word' id='word_1_332' title='bbox 1213 1874 1331 1953; x_wconf 83' lang='lat' dir='ltr'>sedern</span> <span class='ocrx_word' id='word_1_333' title='bbox 1345 1874 1567 1951; x_wconf 86' lang='lat' dir='ltr'>Apostolicam</span> <span class='ocrx_word' id='word_1_334' title='bbox 1579 1873 1821 1945; x_wconf 84' lang='lat' dir='ltr'>laboravit,neo</span> 
     </span>
     <span class='ocr_line' id='line_1_50' title="bbox 1028 1970 1822 2047; baseline -0.001 -16"><span class='ocrx_word' id='word_1_335' title='bbox 1028 1972 1115 2032; x_wconf 90' lang='lat' dir='ltr'>ultra</span> <span class='ocrx_word' id='word_1_336' title='bbox 1136 1971 1273 2047; x_wconf 82' lang='lat' dir='ltr'>triginta</span> <span class='ocrx_word' id='word_1_337' title='bbox 1292 1971 1418 2032; x_wconf 91' lang='lat' dir='ltr'>solidos</span> <span class='ocrx_word' id='word_1_338' title='bbox 1437 1970 1563 2032; x_wconf 90' lang='lat' dir='ltr'>habens</span> <span class='ocrx_word' id='word_1_339' title='bbox 1581 1970 1617 2032; x_wconf 92' lang='lat' dir='ltr'>in</span> <span class='ocrx_word' id='word_1_340' title='bbox 1631 1970 1822 2047; x_wconf 86' lang='lat' dir='ltr'>archipres-</span> 
     </span>
     <span class='ocr_line' id='line_1_51' title="bbox 1027 2067 1821 2147; baseline -0.001 -17"><span class='ocrx_word' id='word_1_341' title='bbox 1027 2067 1180 2147; x_wconf 86' lang='lat' dir='ltr'>byteratu</span> <span class='ocrx_word' id='word_1_342' title='bbox 1206 2084 1267 2130; x_wconf 91' lang='lat' dir='ltr'>suo</span> <span class='ocrx_word' id='word_1_343' title='bbox 1291 2068 1327 2130; x_wconf 91' lang='lat' dir='ltr'>in</span> <span class='ocrx_word' id='word_1_344' title='bbox 1349 2068 1545 2140; x_wconf 88' lang='lat' dir='ltr'>redditibus,</span> <span class='ocrx_word' id='word_1_345' title='bbox 1569 2068 1674 2146; x_wconf 91' lang='lat' dir='ltr'>possit</span> <span class='ocrx_word' id='word_1_346' title='bbox 1699 2068 1821 2130; x_wconf 82' lang='lat' dir='ltr'>exinde</span> 
     </span>
     <span class='ocr_line' id='line_1_52' title="bbox 1028 2164 1820 2244; baseline -0.003 -16"><span class='ocrx_word' id='word_1_347' title='bbox 1028 2166 1198 2228; x_wconf 89' lang='lat' dir='ltr'>commode</span> <span class='ocrx_word' id='word_1_348' title='bbox 1223 2167 1420 2242; x_wconf 84' lang='lat' dir='ltr'>sustentari3</span> <span class='ocrx_word' id='word_1_349' title='bbox 1435 2167 1513 2244; x_wconf 87' lang='lat' dir='ltr'>quia</span> <span class='ocrx_word' id='word_1_350' title='bbox 1535 2165 1692 2228; x_wconf 89' lang='lat' dir='ltr'>indecens</span> <span class='ocrx_word' id='word_1_351' title='bbox 1712 2164 1820 2233; x_wconf 82' lang='lat' dir='ltr'>robis,</span> 
     </span>
     <span class='ocr_line' id='line_1_53' title="bbox 1028 2263 1822 2341; baseline 0 -16"><span class='ocrx_word' id='word_1_352' title='bbox 1028 2264 1062 2327; x_wconf 89' lang='lat' dir='ltr'>et</span> <span class='ocrx_word' id='word_1_353' title='bbox 1075 2264 1139 2341; x_wconf 91' lang='lat' dir='ltr'>ipsi</span> <span class='ocrx_word' id='word_1_354' title='bbox 1149 2279 1216 2326; x_wconf 92' lang='lat' dir='ltr'>non</span> <span class='ocrx_word' id='word_1_355' title='bbox 1229 2264 1394 2326; x_wconf 89' lang='lat' dir='ltr'>immerito</span> <span class='ocrx_word' id='word_1_356' title='bbox 1405 2267 1456 2327; x_wconf 91' lang='lat' dir='ltr'>est</span> <span class='ocrx_word' id='word_1_357' title='bbox 1467 2263 1653 2335; x_wconf 88' lang='lat' dir='ltr'>molestum,</span> <span class='ocrx_word' id='word_1_358' title='bbox 1665 2263 1751 2340; x_wconf 90' lang='lat' dir='ltr'>quod</span> <span class='ocrx_word' id='word_1_359' title='bbox 1764 2263 1822 2341; x_wconf 90' lang='lat' dir='ltr'>qul</span> 
     </span>
     <span class='ocr_line' id='line_1_54' title="bbox 1028 2360 1823 2439; baseline -0.001 -17"><span class='ocrx_word' id='word_1_360' title='bbox 1028 2361 1194 2423; x_wconf 80' lang='lat' dir='ltr'>laboravit</span> <span class='ocrx_word' id='word_1_361' title='bbox 1206 2362 1241 2423; x_wconf 94' lang='lat' dir='ltr'>in</span> <span class='ocrx_word' id='word_1_362' title='bbox 1254 2378 1323 2439; x_wconf 87' lang='lat' dir='ltr'>spe,</span> <span class='ocrx_word' id='word_1_363' title='bbox 1338 2362 1454 2424; x_wconf 88' lang='lat' dir='ltr'>contra</span> <span class='ocrx_word' id='word_1_364' title='bbox 1476 2360 1631 2422; x_wconf 82' lang='lat' dir='ltr'>fiduciam</span> <span class='ocrx_word' id='word_1_365' title='bbox 1650 2360 1823 2423; x_wconf 88' lang='lat' dir='ltr'>reirande-</span> 
     </span>
     <span class='ocr_line' id='line_1_55' title="bbox 1029 2458 1823 2535; baseline -0.003 -14"><span class='ocrx_word' id='word_1_366' title='bbox 1029 2460 1094 2531; x_wconf 89' lang='lat' dir='ltr'>tur‚</span> <span class='ocrx_word' id='word_1_367' title='bbox 1110 2459 1361 2521; x_wconf 81' lang='lat' dir='ltr'>universitatem</span> <span class='ocrx_word' id='word_1_368' title='bbox 1375 2460 1521 2521; x_wconf 82' lang='lat' dir='ltr'>vestram</span> <span class='ocrx_word' id='word_1_369' title='bbox 1536 2458 1691 2535; x_wconf 82' lang='lat' dir='ltr'>rogantes</span> <span class='ocrx_word' id='word_1_370' title='bbox 1707 2460 1739 2520; x_wconf 90' lang='lat' dir='ltr'>et</span> <span class='ocrx_word' id='word_1_371' title='bbox 1755 2474 1823 2519; x_wconf 91' lang='lat' dir='ltr'>mo·</span> 
     </span>
     <span class='ocr_line' id='line_1_56' title="bbox 1029 2554 1823 2634; baseline 0.001 -17"><span class='ocrx_word' id='word_1_372' title='bbox 1029 2556 1147 2619; x_wconf 90' lang='lat' dir='ltr'>nentes</span> <span class='ocrx_word' id='word_1_373' title='bbox 1160 2557 1318 2619; x_wconf 88' lang='lat' dir='ltr'>attentius</span> <span class='ocrx_word' id='word_1_374' title='bbox 1326 2572 1385 2633; x_wconf 91' lang='lat' dir='ltr'>per</span> <span class='ocrx_word' id='word_1_375' title='bbox 1395 2556 1584 2634; x_wconf 70' lang='lat' dir='ltr'>apostolica</span> <span class='ocrx_word' id='word_1_376' title='bbox 1594 2554 1688 2618; x_wconf 84' lang='lat' dir='ltr'>vobis</span> <span class='ocrx_word' id='word_1_377' title='bbox 1699 2557 1823 2634; x_wconf 91' lang='lat' dir='ltr'>scripta</span> 
     </span>
     <span class='ocr_line' id='line_1_57' title="bbox 1030 2653 1824 2732; baseline -0.001 -18"><span class='ocrx_word' id='word_1_378' title='bbox 1030 2654 1237 2727; x_wconf 90' lang='lat' dir='ltr'>mandamus,</span> <span class='ocrx_word' id='word_1_379' title='bbox 1253 2654 1415 2732; x_wconf 85' lang='lat' dir='ltr'>quatenus</span> <span class='ocrx_word' id='word_1_380' title='bbox 1430 2654 1536 2715; x_wconf 88' lang='lat' dir='ltr'>eidem</span> <span class='ocrx_word' id='word_1_381' title='bbox 1552 2669 1620 2714; x_wconf 82' lang='lat' dir='ltr'>suae</span> <span class='ocrx_word' id='word_1_382' title='bbox 1638 2653 1824 2715; x_wconf 79' lang='lat' dir='ltr'>devotionis</span> 
     </span>
     <span class='ocr_line' id='line_1_58' title="bbox 1030 2751 1826 2830; baseline -0.003 -17"><span class='ocrx_word' id='word_1_383' title='bbox 1030 2752 1176 2824; x_wconf 90' lang='lat' dir='ltr'>obtentu,</span> <span class='ocrx_word' id='word_1_384' title='bbox 1186 2755 1218 2814; x_wconf 89' lang='lat' dir='ltr'>et</span> <span class='ocrx_word' id='word_1_385' title='bbox 1231 2753 1419 2814; x_wconf 87' lang='lat' dir='ltr'>nostrarum</span> <span class='ocrx_word' id='word_1_386' title='bbox 1432 2767 1566 2830; x_wconf 90' lang='lat' dir='ltr'>precum</span> <span class='ocrx_word' id='word_1_387' title='bbox 1576 2751 1700 2813; x_wconf 91' lang='lat' dir='ltr'>intuitu</span> <span class='ocrx_word' id='word_1_388' title='bbox 1712 2752 1826 2812; x_wconf 89' lang='lat' dir='ltr'>taliter</span> 
     </span>
     <span class='ocr_line' id='line_1_59' title="bbox 1031 2847 1825 2927; baseline -0.001 -17"><span class='ocrx_word' id='word_1_389' title='bbox 1031 2850 1205 2926; x_wconf 88' lang='lat' dir='ltr'>providere</span> <span class='ocrx_word' id='word_1_390' title='bbox 1230 2850 1352 2923; x_wconf 76' lang='lat' dir='ltr'>velitis,</span> <span class='ocrx_word' id='word_1_391' title='bbox 1381 2850 1467 2927; x_wconf 85' lang='lat' dir='ltr'>quod</span> <span class='ocrx_word' id='word_1_392' title='bbox 1494 2850 1567 2926; x_wconf 89' lang='lat' dir='ltr'>ipse</span> <span class='ocrx_word' id='word_1_393' title='bbox 1594 2847 1636 2909; x_wconf 92' lang='lat' dir='ltr'>ad</span> <span class='ocrx_word' id='word_1_394' title='bbox 1666 2848 1825 2925; x_wconf 89' lang='lat' dir='ltr'>obsequia</span> 
     </span>
     <span class='ocr_line' id='line_1_60' title="bbox 1031 2942 1824 3022; baseline -0.003 -15"><span class='ocrx_word' id='word_1_395' title='bbox 1031 2946 1181 3007; x_wconf 89' lang='lat' dir='ltr'>ecclesiae</span> <span class='ocrx_word' id='word_1_396' title='bbox 1195 2948 1315 3008; x_wconf 80' lang='lat' dir='ltr'>restrae</span> <span class='ocrx_word' id='word_1_397' title='bbox 1334 2947 1452 3008; x_wconf 91' lang='lat' dir='ltr'>tamin</span> <span class='ocrx_word' id='word_1_398' title='bbox 1468 2942 1707 3022; x_wconf 87' lang='lat' dir='ltr'>spiritualibus,</span> <span class='ocrx_word' id='word_1_399' title='bbox 1725 2959 1824 3020; x_wconf 86' lang='lat' dir='ltr'>quarn</span> 
     </span>
     <span class='ocr_line' id='line_1_61' title="bbox 1031 3041 1825 3119; baseline 0 -17"><span class='ocrx_word' id='word_1_400' title='bbox 1031 3043 1066 3102; x_wconf 88' lang='lat' dir='ltr'>in</span> <span class='ocrx_word' id='word_1_401' title='bbox 1084 3042 1323 3119; x_wconf 88' lang='lat' dir='ltr'>temporalibus</span> <span class='ocrx_word' id='word_1_402' title='bbox 1343 3041 1462 3104; x_wconf 81' lang='lat' dir='ltr'>fortius</span> <span class='ocrx_word' id='word_1_403' title='bbox 1486 3041 1700 3117; x_wconf 76' lang='lat' dir='ltr'>astringatur,</span> <span class='ocrx_word' id='word_1_404' title='bbox 1717 3041 1750 3102; x_wconf 93' lang='lat' dir='ltr'>et</span> <span class='ocrx_word' id='word_1_405' title='bbox 1764 3056 1825 3102; x_wconf 89' lang='lat' dir='ltr'>nos</span> 
     </span>
     <span class='ocr_line' id='line_1_62' title="bbox 1032 3137 1826 3216; baseline -0.001 -16"><span class='ocrx_word' id='word_1_406' title='bbox 1032 3140 1240 3202; x_wconf 76' lang='lat' dir='ltr'>devotionern</span> <span class='ocrx_word' id='word_1_407' title='bbox 1259 3141 1405 3201; x_wconf 80' lang='lat' dir='ltr'>vestram</span> <span class='ocrx_word' id='word_1_408' title='bbox 1421 3140 1586 3216; x_wconf 91' lang='lat' dir='ltr'>possimus</span> <span class='ocrx_word' id='word_1_409' title='bbox 1601 3137 1719 3200; x_wconf 92' lang='lat' dir='ltr'>merito</span> <span class='ocrx_word' id='word_1_410' title='bbox 1734 3153 1826 3200; x_wconf 91' lang='lat' dir='ltr'>oom-</span> 
     </span>
     <span class='ocr_line' id='line_1_63' title="bbox 1033 3236 1826 3314; baseline -0.003 -15"><span class='ocrx_word' id='word_1_411' title='bbox 1033 3237 1200 3299; x_wconf 87' lang='lat' dir='ltr'>mendare.</span> <span class='ocrx_word' id='word_1_412' title='bbox 1223 3236 1342 3298; x_wconf 90' lang='lat' dir='ltr'>Datum</span> <span class='ocrx_word' id='word_1_413' title='bbox 1361 3236 1530 3310; x_wconf 87' lang='lat' dir='ltr'>Laterani,</span> <span class='ocrx_word' id='word_1_414' title='bbox 1553 3238 1598 3298; x_wconf 89' lang='lat'>111</span> <span class='ocrx_word' id='word_1_415' title='bbox 1620 3250 1727 3298; x_wconf 87' lang='lat' dir='ltr'>nonas</span> <span class='ocrx_word' id='word_1_416' title='bbox 1748 3252 1826 3314; x_wconf 90' lang='lat' dir='ltr'>sep·</span> 
     </span>
     <span class='ocr_line' id='line_1_64' title="bbox 1031 3335 1394 3398; baseline -0.008 0"><span class='ocrx_word' id='word_1_417' title='bbox 1031 3335 1169 3398; x_wconf 88' lang='lat' dir='ltr'>tembris</span> <span class='ocrx_word' id='word_1_418' title='bbox 1184 3350 1272 3397; x_wconf 92' lang='lat' dir='ltr'>anno</span> <span class='ocrx_word' id='word_1_419' title='bbox 1288 3337 1394 3396; x_wconf 84' lang='lat' dir='ltr'>sexto.</span> 
     </span>
    </p>
   </div>
   <div class='ocr_carea' id='block_1_13' title="bbox 1381 3638 1478 3725">
    <p class='ocr_par' dir='ltr' id='par_1_15' title="bbox 1381 3638 1478 3725">
     <span class='ocr_line' id='line_1_65' title="bbox 1381 3638 1478 3725; baseline 0 0"><span class='ocrx_word' id='word_1_420' title='bbox 1381 3638 1478 3725; x_wconf 89' lang='lat' dir='ltr'>XIII</span> 
     </span>
    </p>
   </div>
   <div class='ocr_carea' id='block_1_14' title="bbox 1073 3788 1786 3889">
    <p class='ocr_par' dir='ltr' id='par_1_16' title="bbox 1073 3788 1786 3889">
     <span class='ocr_line' id='line_1_66' title="bbox 1073 3788 1786 3889; baseline -0.007 -36"><span class='ocrx_word' id='word_1_421' title='bbox 1073 3790 1126 3853; x_wconf 82' lang='lat' dir='ltr'>Aa</span> <span class='ocrx_word' id='word_1_422' title='bbox 1151 3791 1448 3889; x_wconf 61' lang='lat' dir='ltr'>archepiscopum</span> <span class='ocrx_word' id='word_1_423' title='bbox 1472 3788 1786 3865; x_wconf 66' lang='lat' dir='ltr'>bancornensem.</span> 
     </span>
    </p>
   </div>
   <div class='ocr_carea' id='block_1_15' title="bbox 1173 3927 1695 4118">
    <p class='ocr_par' dir='ltr' id='par_1_17' title="bbox 1173 3927 1695 4118">
     <span class='ocr_line' id='line_1_67' title="bbox 1281 3927 1574 4003; baseline -0.01 -15"><span class='ocrx_word' id='word_1_424' title='bbox 1281 3930 1299 3988; x_wconf 88' lang='grc'><strong>3</strong></span> <span class='ocrx_word' id='word_1_425' title='bbox 1312 3927 1482 4003; x_wconf 84' lang='lat' dir='ltr'>septembris</span> <span class='ocrx_word' id='word_1_426' title='bbox 1496 3928 1574 3986; x_wconf 76' lang='grc'><strong>1222.</strong></span> 
     </span>
     <span class='ocr_line' id='line_1_68' title="bbox 1173 4052 1695 4118; baseline -0.006 -13"><span class='ocrx_word' id='word_1_427' title='bbox 1173 4053 1284 4118; x_wconf 89' lang='lat' dir='ltr'>[Scheid,</span> <span class='ocrx_word' id='word_1_428' title='bbox 1302 4053 1416 4118; x_wconf 80' lang='lat' dir='ltr'>Origines</span> <span class='ocrx_word' id='word_1_429' title='bbox 1428 4052 1554 4111; x_wconf 81' lang='lat' dir='ltr'>Gueltieae,</span> <span class='ocrx_word' id='word_1_430' title='bbox 1569 4052 1614 4115; x_wconf 87' lang='grc' dir='ltr'>ΙΙΙ,</span> <span class='ocrx_word' id='word_1_431' title='bbox 1626 4052 1695 4118; x_wconf 63' lang='lat' dir='ltr'>dib]</span> 
     </span>
    </p>
   </div>
   <div class='ocr_carea' id='block_1_16' title="bbox 1035 4178 1827 4327">
    <p class='ocr_par' dir='ltr' id='par_1_18' title="bbox 1035 4178 1827 4327">
     <span class='ocr_line' id='line_1_69' title="bbox 1035 4178 1827 4252; baseline -0.004 -13"><span class='ocrx_word' id='word_1_432' title='bbox 1035 4181 1210 4239; x_wconf 85' lang='lat' dir='ltr'>Electionem</span> <span class='ocrx_word' id='word_1_433' title='bbox 1225 4179 1357 4252; x_wconf 81' lang='lat' dir='ltr'>magtstri</span> <span class='ocrx_word' id='word_1_434' title='bbox 1371 4178 1491 4238; x_wconf 81' lang='lat' dir='ltr'>conradi</span> <span class='ocrx_word' id='word_1_435' title='bbox 1508 4179 1537 4235; x_wconf 89' lang='lat' dir='ltr'>in</span> <span class='ocrx_word' id='word_1_436' title='bbox 1552 4178 1717 4252; x_wconf 86' lang='lat' dir='ltr'>episcopum</span> <span class='ocrx_word' id='word_1_437' title='bbox 1734 4178 1827 4237; x_wconf 87' lang='lat' dir='ltr'>eccle·</span> 
     </span>
     <span class='ocr_line' id='line_1_70' title="bbox 1113 4267 1753 4327; baseline -0.002 0"><span class='ocrx_word' id='word_1_438' title='bbox 1113 4269 1163 4327; x_wconf 79' lang='lat' dir='ltr'>sie</span> <span class='ocrx_word' id='word_1_439' title='bbox 1179 4267 1423 4326; x_wconf 76' lang='lat' dir='ltr'>hildensemensis</span> <span class='ocrx_word' id='word_1_440' title='bbox 1437 4267 1586 4325; x_wconf 86' lang='lat' dir='ltr'>conilrmat</span> <span class='ocrx_word' id='word_1_441' title='bbox 1600 4267 1753 4326; x_wconf 73' lang='lat' dir='ltr'>honorida</span> 
     </span>
    </p>
   </div>
   <div class='ocr_carea' id='block_1_17' title="bbox 1036 4393 1835 5354">
    <p class='ocr_par' dir='ltr' id='par_1_19' title="bbox 1036 4393 1831 4665">
     <span class='ocr_line' id='line_1_71' title="bbox 1075 4393 1829 4470; baseline -0.004 -13"><span class='ocrx_word' id='word_1_442' title='bbox 1075 4394 1243 4457; x_wconf 90' lang='lat' dir='ltr'>Honorius</span> <span class='ocrx_word' id='word_1_443' title='bbox 1252 4394 1438 4470; x_wconf 89' lang='lat' dir='ltr'>episcopus,</span> <span class='ocrx_word' id='word_1_444' title='bbox 1449 4408 1565 4455; x_wconf 88' lang='lat' dir='ltr'>servus</span> <span class='ocrx_word' id='word_1_445' title='bbox 1574 4409 1746 4455; x_wconf 85' lang='lat' dir='ltr'>servorum</span> <span class='ocrx_word' id='word_1_446' title='bbox 1756 4393 1829 4468; x_wconf 90' lang='lat' dir='ltr'>Dei,</span> 
     </span>
     <span class='ocr_line' id='line_1_72' title="bbox 1036 4476 1831 4567; baseline -0.005 -12"><span class='ocrx_word' id='word_1_447' title='bbox 1036 4492 1220 4555; x_wconf 81' lang='lat' dir='ltr'>venerabili</span> <span class='ocrx_word' id='word_1_448' title='bbox 1252 4491 1349 4553; x_wconf 85' lang='lat' dir='ltr'>fratri</span> <span class='ocrx_word' id='word_1_449' title='bbox 1380 4489 1631 4567; x_wconf 88' lang='lat' dir='ltr'>archiepiscopo</span> <span class='ocrx_word' id='word_1_450' title='bbox 1659 4476 1831 4566; x_wconf 77' lang='lat' dir='ltr'>magunti-</span> 
     </span>
     <span class='ocr_line' id='line_1_73' title="bbox 1037 4587 1829 4665; baseline -0.005 -12"><span class='ocrx_word' id='word_1_451' title='bbox 1037 4587 1829 4665; x_wconf 86' lang='lat' dir='ltr'>nensisalutemetapostolicambenedictionem.</span> 
     </span>
    </p>

    <p class='ocr_par' dir='ltr' id='par_1_20' title="bbox 1038 4684 1835 5354">
     <span class='ocr_line' id='line_1_74' title="bbox 1078 4684 1829 4761; baseline -0.004 -13"><span class='ocrx_word' id='word_1_452' title='bbox 1078 4687 1221 4750; x_wconf 88' lang='lat' dir='ltr'>Litteras</span> <span class='ocrx_word' id='word_1_453' title='bbox 1263 4689 1338 4747; x_wconf 86' lang='lat' dir='ltr'>tuas</span> <span class='ocrx_word' id='word_1_454' title='bbox 1370 4684 1558 4761; x_wconf 89' lang='lat' dir='ltr'>recepimus</span> <span class='ocrx_word' id='word_1_455' title='bbox 1604 4686 1829 4758; x_wconf 88' lang='lat' dir='ltr'>continentes,</span> 
     </span>
     <span class='ocr_line' id='line_1_75' title="bbox 1038 4781 1829 4862; baseline -0.006 -15"><span class='ocrx_word' id='word_1_456' title='bbox 1038 4784 1124 4862; x_wconf 86' lang='lat' dir='ltr'>quod</span> <span class='ocrx_word' id='word_1_457' title='bbox 1146 4799 1263 4861; x_wconf 89' lang='lat' dir='ltr'>nuper,</span> <span class='ocrx_word' id='word_1_458' title='bbox 1285 4782 1428 4845; x_wconf 86' lang='lat' dir='ltr'>ecclesia</span> <span class='ocrx_word' id='word_1_459' title='bbox 1456 4781 1742 4844; x_wconf 90' lang='lat' dir='ltr'>Hildensemensis</span> <span class='ocrx_word' id='word_1_460' title='bbox 1765 4796 1829 4845; x_wconf 86' lang='lat' dir='ltr'>va·</span> 
     </span>
     <span class='ocr_line' id='line_1_76' title="bbox 1038 4878 1831 4958; baseline -0.005 -14"><span class='ocrx_word' id='word_1_461' title='bbox 1038 4882 1146 4954; x_wconf 88' lang='lat' dir='ltr'>cante,</span> <span class='ocrx_word' id='word_1_462' title='bbox 1157 4881 1338 4958; x_wconf 88' lang='lat' dir='ltr'>capitulum</span> <span class='ocrx_word' id='word_1_463' title='bbox 1351 4879 1499 4956; x_wconf 72' lang='lat' dir='ltr'>eiusdem</span> <span class='ocrx_word' id='word_1_464' title='bbox 1511 4880 1662 4942; x_wconf 87' lang='lat' dir='ltr'>ecclesiae</span> <span class='ocrx_word' id='word_1_465' title='bbox 1675 4878 1831 4941; x_wconf 89' lang='lat' dir='ltr'>dilectum</span> 
     </span>
     <span class='ocr_line' id='line_1_77' title="bbox 1039 4977 1833 5055; baseline -0.003 -14"><span class='ocrx_word' id='word_1_466' title='bbox 1039 4980 1144 5041; x_wconf 84' lang='lat' dir='ltr'>filium</span> <span class='ocrx_word' id='word_1_467' title='bbox 1157 4979 1353 5055; x_wconf 81' lang='lat' dir='ltr'>magistrum</span> <span class='ocrx_word' id='word_1_468' title='bbox 1364 4977 1562 5049; x_wconf 77' lang='lat' dir='ltr'>conradum,</span> <span class='ocrx_word' id='word_1_469' title='bbox 1577 4978 1786 5055; x_wconf 89' lang='lat' dir='ltr'>capellanum</span> <span class='ocrx_word' id='word_1_470' title='bbox 1799 4979 1833 5039; x_wconf 93' lang='lat' dir='ltr'>et</span> 
     </span>
     <span class='ocr_line' id='line_1_78' title="bbox 1039 5073 1833 5155; baseline -0.003 -17"><span class='ocrx_word' id='word_1_471' title='bbox 1039 5076 1328 5155; x_wconf 71' lang='lat' dir='ltr'>poenitentiarium,</span> <span class='ocrx_word' id='word_1_472' title='bbox 1341 5077 1502 5147; x_wconf 88' lang='lat' dir='ltr'>nostrum,</span> <span class='ocrx_word' id='word_1_473' title='bbox 1516 5075 1669 5137; x_wconf 83' lang='lat' dir='ltr'>invocata</span> <span class='ocrx_word' id='word_1_474' title='bbox 1689 5073 1833 5151; x_wconf 81' lang='lat' dir='ltr'>Spiritus</span> 
     </span>
     <span class='ocr_line' id='line_1_79' title="bbox 1041 5171 1834 5250; baseline -0.001 -14"><span class='ocrx_word' id='word_1_475' title='bbox 1041 5175 1154 5237; x_wconf 83' lang='lat' dir='ltr'>Sancti</span> <span class='ocrx_word' id='word_1_476' title='bbox 1178 5174 1300 5250; x_wconf 72' lang='lat' dir='ltr'>gratim</span> <span class='ocrx_word' id='word_1_477' title='bbox 1324 5172 1485 5235; x_wconf 88' lang='lat' dir='ltr'>canonice</span> <span class='ocrx_word' id='word_1_478' title='bbox 1513 5175 1545 5234; x_wconf 91' lang='lat' dir='ltr'>et</span> <span class='ocrx_word' id='word_1_479' title='bbox 1566 5171 1775 5234; x_wconf 89' lang='lat' dir='ltr'>concorditer</span> <span class='ocrx_word' id='word_1_480' title='bbox 1798 5171 1834 5235; x_wconf 90' lang='lat' dir='ltr'>in</span> 
     </span>
     <span class='ocr_line' id='line_1_80' title="bbox 1039 5269 1835 5354; baseline -0.001 -20"><span class='ocrx_word' id='word_1_481' title='bbox 1039 5273 1229 5350; x_wconf 80' lang='lat' dir='ltr'>episcopum·</span> <span class='ocrx_word' id='word_1_482' title='bbox 1246 5271 1386 5347; x_wconf 81' lang='lat' dir='ltr'>elegerit</span> <span class='ocrx_word' id='word_1_483' title='bbox 1403 5291 1411 5331; x_wconf 75' lang='lat' dir='ltr'>a</span> <span class='ocrx_word' id='word_1_484' title='bbox 1428 5272 1523 5354; x_wconf 70' lang='lat' dir='ltr'>cidus</span> <span class='ocrx_word' id='word_1_485' title='bbox 1542 5269 1737 5331; x_wconf 87' lang='lat' dir='ltr'>electionem</span> <span class='ocrx_word' id='word_1_486' title='bbox 1752 5285 1835 5333; x_wconf 83' lang='lat' dir='ltr'>exa-</span> 
     </span>
    </p>
   </div>
   <div class='ocr_carea' id='block_1_18' title="bbox 1017 5366 1835 5446">
    <p class='ocr_par' dir='ltr' id='par_1_21' title="bbox 1017 5366 1835 5446">
     <span class='ocr_line' id='line_1_81' title="bbox 1017 5366 1835 5446; baseline 0 -14"><span class='ocrx_word' id='word_1_487' title='bbox 1017 5393 1020 5398; x_wconf 48' lang='lat'>*</span> <span class='ocrx_word' id='word_1_488' title='bbox 1039 5371 1171 5432; x_wconf 86' lang='lat' dir='ltr'>minans</span> <span class='ocrx_word' id='word_1_489' title='bbox 1186 5370 1374 5446; x_wconf 80' lang='lat' dir='ltr'>diligenter,</span> <span class='ocrx_word' id='word_1_490' title='bbox 1396 5384 1469 5430; x_wconf 91' lang='lat' dir='ltr'>eam</span> <span class='ocrx_word' id='word_1_491' title='bbox 1487 5366 1688 5430; x_wconf 88' lang='lat' dir='ltr'>auctoritate</span> <span class='ocrx_word' id='word_1_492' title='bbox 1707 5369 1835 5432; x_wconf 90' lang='lat' dir='ltr'>metro·</span> 
     </span>
    </p>
   </div>
   <div class='ocr_carea' id='block_1_19' title="bbox 1040 5464 1837 5741">
    <p class='ocr_par' dir='ltr' id='par_1_22' title="bbox 1040 5464 1837 5741">
     <span class='ocr_line' id='line_1_82' title="bbox 1040 5464 1833 5546; baseline -0.004 -15"><span class='ocrx_word' id='word_1_493' title='bbox 1040 5468 1186 5546; x_wconf 89' lang='lat' dir='ltr'>politica,</span> <span class='ocrx_word' id='word_1_494' title='bbox 1204 5468 1303 5545; x_wconf 92' lang='lat' dir='ltr'>prout</span> <span class='ocrx_word' id='word_1_495' title='bbox 1328 5467 1368 5527; x_wconf 95' lang='lat' dir='ltr'>ad</span> <span class='ocrx_word' id='word_1_496' title='bbox 1388 5468 1421 5528; x_wconf 88' lang='lat' dir='ltr'>te</span> <span class='ocrx_word' id='word_1_497' title='bbox 1440 5464 1599 5543; x_wconf 82' lang='lat' dir='ltr'>pertInet,</span> <span class='ocrx_word' id='word_1_498' title='bbox 1618 5465 1833 5530; x_wconf 81' lang='lat' dir='ltr'>confirmasti.</span> 
     </span>
     <span class='ocr_line' id='line_1_83' title="bbox 1041 5563 1837 5644; baseline -0.003 -16"><span class='ocrx_word' id='word_1_499' title='bbox 1041 5568 1110 5629; x_wconf 91' lang='lat' dir='ltr'>Nos</span> <span class='ocrx_word' id='word_1_500' title='bbox 1124 5567 1249 5644; x_wconf 90' lang='lat' dir='ltr'>itaque,</span> <span class='ocrx_word' id='word_1_501' title='bbox 1266 5563 1474 5626; x_wconf 88' lang='lat' dir='ltr'>attendentes</span> <span class='ocrx_word' id='word_1_502' title='bbox 1489 5563 1637 5640; x_wconf 77' lang='lat' dir='ltr'>eJusdem</span> <span class='ocrx_word' id='word_1_503' title='bbox 1652 5563 1749 5626; x_wconf 92' lang='lat' dir='ltr'>electi</span> <span class='ocrx_word' id='word_1_504' title='bbox 1764 5580 1837 5626; x_wconf 90' lang='lat' dir='ltr'>me-</span> 
     </span>
     <span class='ocr_line' id='line_1_84' title="bbox 1041 5659 1835 5741; baseline -0.004 -16"><span class='ocrx_word' id='word_1_505' title='bbox 1041 5665 1105 5728; x_wconf 88' lang='lat' dir='ltr'>rita</span> <span class='ocrx_word' id='word_1_506' title='bbox 1120 5661 1308 5741; x_wconf 80' lang='lat' dir='ltr'>probItatis,</span> <span class='ocrx_word' id='word_1_507' title='bbox 1321 5661 1354 5723; x_wconf 88' lang='lat' dir='ltr'>et</span> <span class='ocrx_word' id='word_1_508' title='bbox 1364 5660 1546 5738; x_wconf 89' lang='lat' dir='ltr'>sperantes,</span> <span class='ocrx_word' id='word_1_509' title='bbox 1561 5659 1669 5723; x_wconf 91' lang='lat' dir='ltr'>eidem</span> <span class='ocrx_word' id='word_1_510' title='bbox 1683 5660 1835 5722; x_wconf 89' lang='lat' dir='ltr'>ecclesiae</span> 
     </span>
    </p>
   </div>
   <div class='ocr_carea' id='block_1_20' title="bbox 0 0 2031 6224">
    <p class='ocr_par' dir='ltr' id='par_1_23' title="bbox 0 0 2031 6224">
     <span class='ocr_line' id='line_1_85' title="bbox 0 0 2031 6224; baseline 0 0"><span class='ocrx_word' id='word_1_511' title='bbox 0 0 2031 6224; x_wconf 95' lang='lat' dir='ltr'> </span> 
     </span>
    </p>
   </div>
  </div>
 </body>
</html>
