4014 6224
245 561 599 689 nononu
659 564 788 722 111,
847 488 1325 731 nonninus
1385 564 1725 695 nonum
1811 506 1814 513 ’

596 960 1372 1201 nursinum
1561 890 1566 901 ’

440 1468 639 1561 PRIMA
681 1470 826 1562 VIGE
871 1472 938 1562 IN
982 1471 1162 1562 UNUM
1208 1470 1534 1563 COLLEGTAE
1636 1568 1688 1606 „p

676 2175 926 2302 LIBER
982 2172 1303 2305 SEXTUS

560 2579 581 2668 1
1396 2582 1439 2672 Π

289 2734 343 2795 Aa
356 2733 511 2795 abbatem
524 2732 642 2794 Sancti
655 2732 843 2795 Benedicti.
1019 2734 1072 2795 Aa
1084 2734 1295 2796 abbatemet
1315 2735 1529 2798 conventam*
1543 2737 1815 2799 Hasaoateases.

464 2863 669 2938 itiuliilttl.
912 2828 919 2841 ’
1317 2865 1517 2941 solonem.

318 2986 472 3052 margarini,
485 2988 552 3038 Bull.
567 2987 712 3046 Casiueme,
728 2987 749 3047 1,
760 2986 813 3053 31]
1042 2988 1163 3054 magari„
1173 2988 1220 3040 lib.
1233 2990 1273 3049 vl,
1284 2990 1361 3055 epist.
1377 2990 1431 3041 131.
1444 2993 1501 3042 liss.
1515 2993 1553 3043 La
1563 2980 1638 3043 Porto
1650 2991 1685 3043 du
1697 2992 1792 3059 Theb]

166 3101 399 3162 Oonoeditusuru
414 3104 522 3173 annuli,
542 3102 578 3161 od
592 3102 720 3161 levorem
742 3102 853 3161 abbatis
868 3102 965 3160 Sancti
1020 3103 1076 3162 sub
1095 3104 1170 3162 beati
1190 3106 1266 3163 Petri
1288 3113 1318 3164 et
1340 3121 1391 3163 sua
1414 3108 1589 3179 protectione
1609 3109 1728 3181 suscipit
1743 3123 1814 3167 con·
1838 3104 1841 3111 '

377 3191 522 3250 Benedicti
536 3207 622 3264 super
636 3191 755 3249 Padum.
1054 3200 1171 3253 ventum
1183 3209 1248 3251 cum
1262 3194 1322 3253 suls
1336 3194 1429 3263 bonis,
1447 3202 1475 3252 et
1488 3195 1640 3253 contlrmat
1653 3198 1816 3259 cessionem
1884 3210 1885 3213 ’

209 3318 377 3379 Honorius
387 3318 572 3396 episcopus,
581 3334 697 3380 servus
708 3334 724 3379 s
725 3333 784 3379 ew
785 3334 804 3380 0
806 3334 880 3379 mm
891 3320 917 3379 D
919 3317 961 3389 ei,
1053 3280 1192 3339 bercarias
1204 3290 1357 3342 conventui
1370 3283 1399 3341 S.
1415 3283 1524 3343 Nicolai
1539 3285 1690 3344 Furneusi.

169 3415 293 3477 dilecto
312 3416 381 3477 filio
401 3415 512 3477 abbati
535 3416 649 3478 Sancti
672 3416 841 3479 Benedicti
864 3431 964 3493 super
1058 3410 1420 3489 Honoriusepiscopua
1433 3427 1731 3475 servusiservorum
1741 3415 1813 3489 Dei,

170 3513 309 3586 Padurn,
335 3513 475 3575 salutem
501 3514 535 3576 et
566 3513 783 3590 apostolicam
806 3513 965 3575 benedic-
1018 3505 1148 3571 dilectis
1163 3508 1292 3570 filliam·
1309 3508 1422 3572 abbati
1438 3510 1473 3572 et
1491 3511 1671 3574 conventui
1688 3514 1816 3576 Hasna-

168 3610 306 3672 iionem.
1017 3604 1164 3678 aienses,
1190 3605 1344 3676 salutem,
1367 3606 1432 3670 etc.
1794 3624 1797 3633 ⁵

208 3707 385 3770 Deuotioni
399 3707 466 3769 tuae
484 3707 525 3769 de
543 3707 642 3770 solita
656 3706 840 3784 gratificari
853 3707 963 3784 gratia
1056 3703 1162 3765 iustis
1187 3703 1371 3782 petentium
1399 3703 1574 3791 desideriis
1604 3704 1741 3784 dignum
1762 3710 1815 3772 est

125 3880 128 3891 ,
170 3804 352 3882 cupientes,
374 3804 436 3867 tihi
456 3820 625 3882 supereo,
647 3804 733 3882 quod
752 3807 885 3881 gratum
900 3806 960 3878 est,
1017 3799 1813 3881 nostacilenipreebereconsensum,etrota,quae

169 3900 350 3978 benignum
374 3902 584 3979 impertimur
611 3917 795 3975 assensum,
821 3903 853 3964 et
876 3902 961 3980 quod
1017 3897 1192 3960 arationis
1219 3898 1352 3961 tramite
1371 3914 1438 3959 non
1459 3898 1666 3972 discordant,
1691 3901 1814 3964 effectu

169 3999 315 4076 speciale
338 3998 409 4061 fore
440 3999 658 4075 dignoscitur,
691 4015 758 4061 non
788 4016 960 4075 negamus.
1017 3996 1236 4071 prosequente
1251 3995 1813 4073 complere.llapropter,dilectiin

171 4097 280 4168 Quare
319 4096 387 4159 tuis
423 4096 626 4158 inclinantes
664 4096 962 4174 supplicationibus
1016 4092 1156 4155 Domino
1180 4091 1253 4165 tilii,
1274 4094 1396 4155 restris
1413 4093 1514 4172 justis
1533 4094 1688 4172 precibus
1711 4096 1813 4160 incli-

169 4195 423 4263 auresnostras,
440 4209 591 4270 persona
605 4195 682 4266 tuae,
698 4194 739 4255 de
749 4194 858 4269 gratia
869 4193 963 4254 duxi·
1016 4189 1099 4262 nati,
1115 4204 1275 4266 personas
1288 4192 1416 4253 vestras
1438 4194 1472 4254 et
1491 4190 1601 4253 locum
1619 4193 1655 4254 in
1672 4209 1737 4270 quo
1757 4195 1813 4256 di-

166 4306 241 4352 mus
259 4290 433 4367 singulari,
453 4306 549 4352 usum
564 4290 683 4351 annuli
702 4291 959 4353 concedendum.
1016 4285 1093 4348 vino
1106 4287 1187 4349 estis
1198 4287 1358 4365 obsequio
1373 4289 1553 4366 mancipati
1567 4306 1642 4350 cum
1655 4291 1810 4354 omnibus

166 4388 260 4450 Nulli
283 4403 364 4463 ergo
386 4388 521 4449 omnino
546 4388 718 4449 hominum
749 4389 850 4451 liceat
873 4389 962 4450 hanc
1015 4382 1111 4447 bonis
1132 4400 1206 4461 quae
1229 4385 1542 4462 inpraesentiarum
1566 4387 1813 4453 rationabiliter

167 4486 324 4563 pagiuam
354 4487 477 4547 nostrae
509 4486 734 4547 concessionis
764 4485 960 4562 intringere,
1016 4481 1174 4558 possidet,
1186 4483 1291 4545 autin
1305 4481 1562 4561 tuturumjustis
1575 4485 1694 4560 modis,
1705 4503 1812 4565 praes-

166 4582 221 4644 vel
244 4584 276 4644 ei
302 4599 388 4643 ausu
410 4583 588 4645 temerario
617 4583 795 4645 contraire.
824 4584 860 4646 Si
888 4582 961 4661 quis
1015 4579 1106 4641 tante
1135 4580 1285 4652 Domino,
1310 4581 1434 4657 poterit
1461 4582 1614 4659 adipisci,
1639 4583 1700 4645 sub
1720 4584 1811 4648 beati

167 4682 279 4741 autem
294 4680 357 4741 hoc
371 4679 534 4742 attentare
545 4681 795 4757 praesumpserit
806 4680 963 4757 indigna·
1016 4676 1107 4737 Petri
1121 4677 1156 4738 et
1168 4679 1283 4745 nostra
1295 4678 1501 4755 protectione
1513 4680 1725 4757 suscipimus,
1739 4698 1813 4759 spe-

165 4777 290 4838 tionem
304 4776 541 4854 omnipotentis
554 4777 625 4850 Dei,
641 4780 674 4839 et
685 4777 857 4839 beatorum
870 4778 962 4840 Petri
1015 4773 1147 4837 cialiter
1160 4775 1271 4836 autem
1288 4789 1436 4836 annuum
1449 4776 1615 4839 redditum
1635 4780 1812 4856 sexaginta

166 4873 307 4936 etPauli
323 4873 547 4950 apostolorum
562 4875 635 4952 ejus
650 4890 687 4935 se
702 4874 963 4936 noveritincur-
1016 4886 1204 4933 marcarum
1225 4873 1355 4950 argenti
1384 4888 1520 4950 quem...
1547 4874 1650 4937 abbas
1674 4879 1707 4939 et
1729 4892 1812 4939 oon-

166 4984 291 5031 surum.
313 4970 433 5030 Datum
452 4969 620 5043 Laterani,
641 4971 702 5031 VII
723 4970 884 5032 kalendas
900 4986 963 5032 au·
1016 4971 1134 5030 ventus
1159 4969 1272 5032 Sancti
1290 4970 1423 5033 Nicolai
1437 4972 1621 5035 Furnensis
1640 4976 1814 5036 Promon-

165 5067 267 5142 gusti,
284 5066 495 5143 pontificatus
513 5081 600 5127 anuo
614 5067 720 5128 sento.
1016 5066 1189 5131 stratensis
1215 5066 1359 5141 ordinis,
1388 5084 1448 5146 pro
1476 5068 1630 5132 bercaria
1657 5068 1705 5150 (1)
1731 5072 1812 5133 red-

168 5169 173 5180 ’
200 5206 398 5333 (11111111εέ9
408 5213 437 5264 et
446 5206 537 5280 eglise
547 5205 583 5263 de
595 5207 788 5265 Salui-Pierre
797 5205 833 5263 de
844 5207 962 5264 Hesnon
1016 5205 1089 5280 baye
1107 5205 1144 5264 de
1161 5208 1279 5275 Furnos,
1293 5207 1377 5266 ordre
1391 5207 1426 5266 de
1444 5208 1620 5278 Premontrt,
1635 5222 1812 5285 moyennant

166 5277 313 5349 possedeo
323 5293 352 5350 Ja
376 5293 399 5333 rs
418 5292 474 5334 une
516 5276 604 5334 rande
624 5292 711 5334 cerrse
730 5277 745 5336 l
763 5278 959 5351 Romcsceple,
1016 5277 1041 5334 la
1070 5286 1150 5334 rente
1177 5279 1309 5336 ennuelle
1337 5288 1366 5337 et
1394 5279 1567 5353 perpetuale
1594 5280 1630 5338 de
1655 5282 1691 5340 60
1716 5298 1812 5343 meros

185 5348 272 5429 roche
290 5348 326 5405 de
349 5347 478 5430 l'ebbuyc
493 5292 535 5404 {a
553 5350 672 5415 Furues,
693 5346 807 5405 diocese
829 5349 904 5405 alors
926 5348 962 5405 de
996 5405 998 5409 ,
1016 5347 1155 5420 d'urgent.
1173 5350 1316 5407 Honorius
1329 5352 1380 5418 lll,
1398 5365 1448 5423 per
1460 5367 1492 5408 sa
1507 5351 1582 5407 bulle
1593 5350 1740 5419 citienses,
1758 5371 1809 5428 ap·

165 5363 365 5487 inescamur,
390 5434 453 5500 puis
479 5417 515 5475 de
538 5418 724 5487 Salui-Omen,
747 5418 819 5476 daus
840 5419 962 5490 laquelle
1015 5433 1123 5544 [trouve
1144 5426 1173 5476 et
1193 5425 1266 5476 cette
1291 5429 1375 5478 vente
1394 5429 1422 5479 et
1443 5421 1657 5493 l’engagement
1675 5425 1734 5496 pris
1760 5442 1812 5498 par

165 5501 304 5545 censeor
319 5488 423 5546 elevari
437 5489 530 5562 grand
546 5488 664 5546 nombre
679 5489 714 5546 de
729 5497 877 5555 montons;
892 5489 962 5546 c'est
1025 5504 1058 5545 cs
1072 5490 1211 5563 religieux
1225 5489 1261 5547 de
1277 5493 1393 5555 Furnes,
1408 5490 1444 5548 de
1459 5506 1545 5564 payer
1559 5501 1632 5550 cetto
1652 5495 1812 5553 rederance

165 5561 201 5614 ee
258 5559 414 5632 esignitle
432 5574 465 5616 ce
487 5565 547 5615 mot
567 5559 637 5616 latin
657 5560 795 5616 bercaria.
820 5559 962 5633 L'abbaye
1016 5558 1131 5617 aleditc
1148 5560 1257 5633 abbaye
1276 5561 1311 5619 de
1330 5563 1456 5631 flascon,
1476 5564 1730 5624 aunuellementct
1745 5582 1809 5639 per-

166 5642 217 5685 ren
238 5630 258 5687 it
272 5637 347 5687 cette
360 5643 447 5687 censa
466 5644 521 5687 aar
538 5629 628 5688 ebbts
640 5637 669 5688 et
684 5629 822 5703 religieux
838 5629 875 5688 de
889 5629 959 5689 l’ab·
1016 5629 1227 5703 pttuellcment.

307 5769 423 5813 naraon.
442 5768 516 5811 rorte
532 5756 582 5816 iv.
1335 5740 1338 5743 ¹
1636 5761 1651 5816 l
