4014 6224
218 284 278 344 103

216 440 322 505 larem
342 442 445 506 vitam
464 442 633 521 protessis,
650 440 791 505 salutem
813 442 847 506 et
870 444 1008 521 aposto·

216 540 316 602 licam
330 540 605 601 benedictionem.

255 639 383 699 Vestris
414 637 710 714 supplicationibus
740 637 920 700 clementer
947 653 1011 699 an-

216 736 361 807 animus,
376 737 409 797 et
425 735 598 811 praelatum
617 736 858 796 monasterinm
879 736 1009 797 Sanctae

216 835 276 895 Dei
296 832 485 904 Genitricis,
502 833 535 895 et
553 833 702 909 Virginis
723 833 840 895 Mariae
861 833 903 893 de
926 836 1010 894 Per·

216 931 323 1002 obelo,
344 930 509 1007 quondam
532 930 573 991 de
592 930 733 1001 Ysostis‚
749 930 785 991 in
807 945 872 1008 quo
896 929 1009 992 divino

215 1028 295 1090 estis
310 1026 468 1105 obsequio
490 1028 699 1104 mancipatae,
716 1027 777 1089 sub
794 1027 883 1089 beati
903 1028 1006 1098 Petri,

215 1126 249 1187 et
270 1126 384 1186 nostra
409 1125 614 1202 protectione
637 1126 848 1201 suscipimus,
870 1125 904 1186 et
922 1132 1010 1201 prae-

214 1223 318 1285 sentis
342 1221 458 1298 scripti
489 1222 665 1299 privilegio
691 1222 944 1283 communimus.
971 1224 1008 1282 ln

213 1320 330 1397 primis
346 1319 509 1396 siquidem
529 1319 722 1391 statuentes,
738 1321 774 1381 ut
786 1319 866 1381 ordo
881 1334 1010 1381 monas·

213 1416 311 1489 ticus,
329 1416 386 1493 qui
400 1415 582 1478 secundum
603 1416 693 1478 beati
714 1416 885 1478 Benedicti
903 1431 1008 1492 regu-

214 1515 293 1585 lam,
302 1514 400 1590 atque
411 1513 561 1575 instituta
570 1514 839 1576 Cisterciensinm
854 1512 1006 1584 fratrum,

214 1612 336 1673 ibidem
361 1604 534 1673 institutus
555 1626 629 1672 esse
650 1610 866 1693 dignoscitur,
885 1625 1008 1687 perpe·

213 1711 281 1772 tuis
296 1708 416 1770 bituris
429 1709 633 1786 temporibus
646 1708 842 1770 observetur
851 1705 898 1786 (et
908 1723 949 1784 pa
955 1707 1008 1769 ulo

212 1806 366 1878 interius,
382 1807 457 1884 post
470 1806 661 1882 designatas
682 1805 802 1868 multas
817 1804 1007 1882 possessio-

213 1902 288 1983 nes)
303 1926 311 1965 :
327 1920 401 1981 quae
414 1905 526 1965 omnia
545 1903 634 1964 idem
654 1903 893 1965 monasterium
910 1903 1009 1963 ante-

214 2016 313 2079 quam
328 2000 559 2062 Cisterciensis
582 1999 709 2060 ordinis
731 1998 882 2061 instituta
900 1999 1010 2060 susci·

153 2100 160 2103 “
213 2099 317 2177 peret,
340 2096 530 2175 possidebat
549 2094 597 2175 (et
619 2094 734 2175 intra).
763 2098 882 2158 Datum
904 2096 1007 2157 Late-

209 2194 301 2265 rani,
313 2210 375 2271 per
388 2191 624 2264 manumlulii,
641 2194 765 2254 sanctae
780 2195 938 2254 Romanae
951 2194 1010 2255 Ec·

213 2291 325 2357 olesiae
340 2289 633 2362 vicecancellarii,
648 2292 695 2351 ΙΙΙ
707 2289 869 2352 kalendas
880 2290 1007 2362 martii,

210 2388 396 2461 indictione
405 2390 447 2461 X,
459 2386 704 2450 lucarnationis
719 2386 910 2456 Dominioae,
920 2402 1009 2449 anno

214 2484 716 2563 Mduxx11,p0ntiticatusrero
729 2484 1009 2548 domiuiHonorii

213 2586 314 2660 Papae
334 2585 380 2645 Ill
394 2597 483 2645 anno
498 2583 603 2644 sexto.

544 2911 681 2999 dxxv

147 3102 154 3115 .
274 3068 326 3127 Aa
339 3066 525 3127 Robaldum
542 3063 697 3125 abbatem
713 3063 832 3125 Sancti
846 3066 950 3126 Pauli

486 3162 734 3223 Narbonensis.
864 3161 866 3167 ’

472 3298 507 3355 28
521 3295 654 3355 februarii
670 3297 749 3355 litt.

367 3421 451 3485 [boat
464 3418 540 3470 tonds
548 3419 624 3477 latin,
638 3426 655 3470 t.
666 3420 744 3480 LVll,
756 3435 782 3486 p.
794 3419 861 3486 lab]

214 3534 473 3607 confirmansque
483 3535 621 3592 eiecticia
632 3534 764 3592 abbatem
774 3536 903 3593 ecclesia
914 3536 1010 3594 Sancti

250 3626 331 3684 Pauli
356 3624 566 3693 Narbonensis,
590 3623 803 3682 nonobstante
830 3626 1010 3698 oppositione

251 3713 459 3787 archiepiscopi
472 3710 601 3785 ejusdem
613 3711 755 3770 dioecesls.

254 3840 422 3903 Honorius
432 3839 619 3916 episcopus,
628 3854 744 3900 servus
759 3852 930 3901 serrorum
936 3841 1007 3914 Dei,

216 3938 336 4000 dilecto
361 3936 430 3997 tilio
458 3935 606 3999 Robaldo
635 3935 745 3997 abbati
773 3938 886 3999 Sancti
913 3937 1009 3999 Pauli

215 4034 456 4108 Narbonensis,
473 4033 613 4094 salutem
628 4037 661 4094 et
672 4034 887 4109 apostolicam
902 4034 1009 4096 bene·

215 4133 406 4194 dictionem.

255 4228 421 4291 liixbibitis
442 4226 537 4287 nobis
558 4226 679 4289 litteris
699 4228 836 4305 capituli
858 4229 1010 4293 ecclesiae

216 4327 330 4389 Sancti
356 4324 453 4387 Pauli
477 4324 716 4398 Narbonensis,
744 4341 784 4386 ac
807 4326 1011 4388 venerabilis

215 4424 330 4486 fratris
346 4421 451 4484 nostri
466 4423 500 4482 G.
518 4422 714 4484 PortuensIs
734 4422 891 4502 episcopi,
902 4428 1011 4500 Apos-

214 4522 325 4584 tolicae
335 4520 429 4581 Sedis
440 4519 551 4596 legati,
562 4519 681 4596 quibus
695 4519 876 4597 apparebat
888 4521 1011 4597 praela-

214 4622 285 4683 tum
300 4617 481 4695 capitulum
496 4619 528 4678 te
543 4617 578 4677 in
593 4616 746 4678 abbatem
761 4632 857 4679 suum
871 4634 1011 4680 concor-

216 4717 303 4778 diter
313 4714 456 4791 elegisse
471 4730 510 4775 ac
532 4712 727 4775 electionem
742 4715 849 4791 ipsam
863 4730 936 4777 esse
951 4732 1012 4793 per

214 4814 389 4893 praelatum
413 4811 604 4887 episcopum
627 4810 868 4884 confirmatam,
892 4814 1010 4888 postu·

214 4909 292 4973 lasti
306 4910 343 4971 ut
357 4908 506 4971 eamdem
521 4907 709 4984 apostolico
730 4908 890 4970 roborare
905 4911 1011 4971 muni·

214 5010 305 5071 mine
320 5007 544 5083 dignaremur,
562 5004 641 5066 licet
652 5006 763 5066 autem
779 5005 912 5083 quidam
923 5023 1011 5068 nun-

137 5099 140 5103 ’
215 5106 282 5169 tius
294 5103 497 5167 venerabilis
512 5100 625 5163 tratris
639 5102 743 5163 nostri
756 5106 793 5164 A.
811 5104 1011 5166 Narbonen-

217 5202 263 5265 sis
301 5198 545 5277 arebiepiscopi
577 5197 824 5273 reclamaverit,
857 5216 1010 5264 asserens

217 5301 303 5378 quod
325 5298 478 5359 abbatem
499 5294 623 5356 babere
652 5311 718 5357 non
744 5296 842 5359 debet
867 5300 1010 5361 ecclesia

217 5396 418 5474 supradicta,
444 5393 501 5455 sed
523 5392 713 5471 specialiter
731 5409 821 5455 curae
840 5410 880 5456 ao
904 5396 1011 5457 adrni-

217 5493 409 5570 nistrationi
437 5491 585 5569 ejusdem
616 5491 860 5569 archiepiscopi
893 5493 1011 5571 subja·

218 5606 309 5663 cere;
324 5590 400 5666 qaia
415 5591 526 5650 tamma
541 5589 737 5651 assertionis
752 5606 822 5651 snae
832 5589 930 5651 tidem
943 5607 1009 5653 non

830 283 1005 347 HONORII
1025 284 1069 346 111
1091 285 1240 348 OPERA.

1803 286 1862 353 toa

1064 443 1144 507 tecit
1165 444 1302 507 nuntius
1327 442 1531 505 memoratus
1557 441 1726 505 abbatiam
1752 443 1863 521 ipsam

1064 560 1138 606 oum
1159 544 1229 604 suis
1245 542 1467 619 pertinentiis,
1483 541 1517 603 et
1531 541 1663 619 iuribus
1680 541 1767 603 sicut
1786 541 1864 618 ple·

1064 641 1140 701 nius
1155 641 1383 705 antecessores
1395 638 1445 700 tui
1460 653 1534 700 eam
1548 637 1706 700 babuisse
1718 654 1865 701 noscun÷

1064 738 1119 797 tur
1136 735 1210 807 tibi,
1225 735 1266 796 de
1285 734 1425 796 fratrum
1444 736 1634 796 nostrorum
1658 735 1811 803 consilio,
1823 735 1862 796 in

1063 834 1132 894 vita
1157 834 1227 904 tua,
1243 833 1440 894 auctoritate
1464 831 1654 908 apostolica
1680 831 1862 893 conflrma-

1064 946 1148 1001 mus,
1165 931 1199 992 et
1217 929 1391 1006 praesentis
1417 929 1532 1005 scripti
1553 929 1739 1006 patrocinio
1768 944 1863 993 com-

1064 1028 1247 1099 munimus,
1270 1026 1420 1087 nolentes
1441 1026 1527 1103 quod
1547 1041 1608 1102 per
1632 1026 1861 1087 confirmatio-

1063 1140 1138 1185 nem
1160 1123 1350 1201 bujusmodi
1373 1124 1605 1201 praejudicium
1629 1123 1764 1201 aliquod
1786 1125 1858 1201 juri

1063 1221 1319 1298 archiepiscopi,
1334 1221 1388 1283 rol
1410 1221 1548 1297 capituli
1570 1220 1803 1298 praedictorum
1823 1221 1859 1282 in

1064 1320 1231 1395 posterum
1244 1322 1432 1394 generetur.
1448 1318 1541 1379 Nulli
1553 1334 1634 1394 ergo
1648 1319 1785 1381 omnino
1797 1318 1861 1380 bo-

1063 1416 1189 1477 minum
1204 1416 1304 1478 liceat
1324 1417 1411 1477 banc
1430 1417 1587 1493 paginam
1602 1417 1725 1477 nostrae
1740 1415 1860 1477 contir-

1063 1513 1218 1575 mationis
1239 1513 1433 1589 intringere,
1451 1513 1504 1574 vel
1524 1514 1556 1574 ei
1575 1528 1660 1574 ausu
1678 1513 1858 1574 temerario

1063 1611 1246 1685 contraire;
1259 1611 1288 1671 si
1300 1611 1374 1687 quis
1389 1610 1499 1672 autem
1514 1610 1577 1671 boc
1591 1611 1767 1682 attentare,
1779 1611 1857 1682 etc,

1063 1710 1096 1768 et
1109 1706 1281 1769 beatorum
1292 1708 1383 1769 Petri
1393 1708 1429 1769 et
1440 1706 1537 1768 Pauli
1550 1706 1775 1783 apostolorum
1785 1709 1859 1782 ejus

1063 1820 1100 1865 se
1129 1805 1259 1866 noverit
1285 1805 1509 1866 incursurum.
1537 1806 1655 1865 Datum
1683 1805 1857 1879 anagniae,

1063 1904 1093 1963 ll
1108 1901 1269 1963 kalendas
1285 1902 1407 1974 martii,
1422 1900 1634 1978 pontificatus
1648 1900 1754 1962 nostri
1770 1916 1858 1963 anno

1063 2001 1171 2062 saxio.

1382 2295 1539 2383 CXXVI

1063 2447 1116 2508 Ad
1129 2446 1266 2508 abbates
1279 2449 1400 2508 Cerea.
1417 2447 1452 2508 et
1465 2449 1507 2508 de
1516 2447 1699 2522 Repaiaco,
1713 2445 1749 2506 et
1761 2447 1859 2518 prio-

1103 2558 1181 2605 rem
1209 2546 1344 2616 Cerea,
1362 2547 1496 2606 ilduara.
1525 2544 1560 2605 et
1584 2544 1860 2604 antissiodoren.

1103 2643 1299 2703 dioecesam.

1321 2735 1356 2794 28
1370 2733 1505 2794 februarii
1518 2734 1597 2794 litt.

1096 2859 1215 2925 [Regest.,
1225 2859 1322 2921 libvl,
1334 2859 1408 2925 epist.
1418 2859 1475 2911 bbd.
1487 2858 1723 2911 bibamamodo
1733 2858 1828 2926 ram]

1064 2984 1168 3042 Comes
1184 2983 1369 3041 Niverneasis
1388 2982 1488 3041 obtulit
1506 2983 1536 3039 in
1549 2982 1596 3055 jus
1612 2990 1641 3040 et
1656 2983 1860 3055 proprietatem

1099 3073 1272 3145 apostolice
1293 3072 1375 3130 Sedis
1389 3072 1514 3145 plateam
1528 3073 1614 3129 castri
1629 3071 1665 3128 de
1683 3070 1859 3139 Fornodoro,

1099 3161 1129 3218 ia
1148 3160 1222 3219 dicta
1247 3161 1339 3234 platea
1366 3161 1517 3218 ecclesiam
1538 3167 1705 3218 obduruere
1727 3167 1756 3216 et
1780 3159 1861 3216 Nam

1100 3249 1199 3307 doure
1219 3263 1393 3323 proponens.
1408 3248 1525 3308 blandat
1538 3250 1681 3307 Honorius
1695 3254 1727 3305 ut
1740 3246 1863 3306 abbates

1100 3343 1129 3396 et
1142 3340 1219 3410 prior
1233 3339 1378 3411 inquirant
1390 3337 1426 3395 ad
1441 3353 1527 3411 quem
1542 3338 1682 3410 pertineat
1694 3337 1798 3409 platea.

1104 3464 1283 3535 Honorius,
1304 3464 1380 3535 eta,
1397 3463 1526 3525 dilectis
1551 3462 1630 3522 tiliis
1650 3463 1860 3524 deremet...

1065 3560 1105 3621 de
1125 3561 1293 3636 Regniaeo
1320 3560 1494 3622 abbatibus
1520 3561 1590 3621 et...
1614 3559 1718 3636 priori
1739 3559 1859 3620 feren.

1064 3657 1187 3718 Eduen.
1205 3656 1238 3719 et
1258 3657 1524 3719 antissiodoren.
1541 3656 1731 3717 dioecesum.

1104 3751 1249 3813 Dilectus
1265 3751 1353 3812 tilius
1369 3751 1490 3811 nobilis
1504 3751 1594 3811 vir...
1607 3765 1716 3811 comes
1731 3750 1864 3811 Nivar-

1065 3864 1141 3909 nen.
1173 3849 1261 3909 sicut
1284 3865 1327 3909 ex
1354 3849 1449 3926 parte
1475 3863 1535 3908 sua
1569 3847 1632 3908 tuit
1655 3847 1861 3924 propositum

1065 3961 1176 4007 coram
1195 3946 1304 4018 nobis,
1320 3945 1361 4005 ad
1377 3944 1500 4006 cultum
1522 3944 1613 4021 cupit
1633 3943 1862 4020 ampliandum

1065 4040 1225 4112 divinum,
1237 4041 1272 4101 in
1282 4041 1392 4117 platea
1408 4040 1550 4118 quadam
1561 4040 1663 4101 castri
1676 4039 1717 4100 de
1726 4041 1861 4101 Forna-

1065 4138 1145 4199 doro
1161 4138 1336 4199 ecclesiam
1351 4138 1387 4198 in
1402 4137 1579 4208 bonore...,
1600 4137 1683 4198 acsi
1698 4137 1861 4198 Dominus

1065 4235 1129 4295 sibi
1144 4235 1345 4312 permiserit,
1358 4234 1533 4312 providere
1548 4234 1589 4295 de
1597 4234 1680 4310 ipsa,
1693 4235 1729 4295 ut
1740 4234 1862 4309 viginti

1065 4348 1108 4394 ex
1131 4348 1170 4394 ea
1191 4333 1321 4409 possint
1343 4332 1495 4393 canonici
1520 4330 1704 4393 bonoritice
1727 4332 1863 4393 sumen-

1063 4429 1141 4491 tari.
1153 4429 1246 4491 Unde
1260 4445 1371 4491 comes
1382 4430 1465 4506 ipse,
1474 4432 1633 4506 quantum
1649 4427 1769 4504 inipso
1782 4428 1858 4502 luit,

1063 4527 1160 4588 nobis
1178 4527 1369 4604 praedictam
1387 4526 1557 4588 offerendo
1578 4526 1722 4603 plateam
1742 4525 1859 4587 bumi-

1064 4624 1141 4686 liter
1161 4624 1358 4702 postularit,
1379 4625 1416 4684 ut
1434 4624 1546 4700 injus
1569 4623 1603 4684 et
1623 4622 1861 4699 proprietatem

1064 4721 1262 4797 apostolice
1282 4720 1377 4782 Sedis
1401 4721 1626 4796 reciperemus
1647 4719 1810 4792 mandem,
1828 4721 1862 4781 et

1065 4817 1099 4878 in
1115 4818 1188 4895 ipsa
1201 4817 1423 4896 praeberemus
1438 4817 1546 4878 eidem
1561 4816 1730 4878 licentiam
1745 4816 1861 4895 hujus·

1065 4914 1152 4975 modi
1166 4914 1341 4976 ecclesiam
1355 4913 1581 4975 construendi.
1592 4914 1662 4974 Nos
1673 4927 1753 4989 ergo
1767 4906 1860 4990 pi'um

1065 5011 1212 5088 ejusdem
1227 5011 1357 5072 comitis
1368 5011 1570 5072 desiderium
1583 5024 1730 5085 congruo
1744 5009 1861 5072 lavore

1064 5108 1220 5186 prosequi
1244 5108 1415 5185 cupientes
1439 5107 1633 5169 discretioni
1656 5107 1780 5170 vestrae
1802 5124 1862 5185 per

1064 5205 1252 5282 apostolica
1262 5206 1391 5282 scripta
1409 5205 1616 5277 mandamus,
1638 5204 1804 5281 quatenus
1819 5204 1860 5266 ad

1065 5318 1160 5380 quem
1171 5302 1280 5379 platea
1293 5303 1451 5379 praedicta
1460 5302 1636 5378 pertineat,
1648 5303 1681 5362 at
1691 5301 1719 5361 si
1733 5301 1775 5363 de
1787 5317 1860 5372 suo,

1064 5399 1116 5461 rel
1139 5400 1254 5460 taxaris
1278 5415 1347 5461 suae
1373 5398 1548 5470 ait-leudo,
1576 5399 1628 5459 vel
1657 5398 1861 5474 patrimonio
1985 5416 1986 5487 3

1063 5497 1279 5573 inquirentes,
1297 5497 1383 5573 quod
1399 5510 1500 5573 snper
1516 5495 1580 5556 hoc
1593 5495 1806 5567 inveneritis,
1826 5496 1862 5556 et
1985 5494 1986 5567 ἶ

1064 5594 1213 5670 singulas
1223 5593 1273 5656 rei
1284 5592 1659 5672 hujusciroumstaatias
1672 5590 1768 5652 nobis
1779 5588 1857 5653 lide-
