3972 6204
270 332 332 393 eoa

637 499 698 585 ΙΙΙ

272 654 323 713 Aa
341 651 506 719 abbatem,
531 652 687 724 patorem
711 649 745 709 ct
772 649 904 723 tratres
930 651 1064 711 ordiats

310 750 346 808 S.
374 746 550 808 Benedicti
572 746 777 808 aaottastcrtt
804 747 839 808 S.
856 747 1005 808 Martini
1028 749 1064 807 ta

311 845 643 906 MoatePaanoatae.

567 974 602 1033 ιθ
614 973 676 1047 tulii
691 974 770 1033 lala.

412 1098 500 1163 [Fajen
513 1096 575 1148 cao.
588 1096 652 1161 dipl.
665 1097 758 1160 flung,
767 1096 810 1155 ΙΙΙ,
826 1111 844 1155 ι,
858 1095 926 1162 lto]

270 1222 443 1283 llouasterio
451 1223 546 1280 Sancti
558 1222 671 1280 llartini
681 1219 844 1279 facultatem
853 1221 972 1294 largitur
984 1220 1066 1277 iuter-

305 1311 372 1369 dicti
383 1319 510 1384 tempore
520 1309 614 1367 diviua
630 1308 724 1367 officia
738 1309 879 1367 submissa
895 1323 966 1366 voce
982 1323 1063 1382 pera·

307 1399 405 1474 geudi.

310 1526 489 1596 Honorius,
502 1524 715 1596 etc.,diloctis
726 1524 804 1585 filiis
815 1523 936 1596 abbati,
948 1523 1064 1600 priori,

271 1622 430 1686 fratribus
457 1623 585 1685 ordinis
613 1624 646 1683 S.
674 1622 844 1683 Benedicti
872 1621 1066 1682 monasterii

273 1723 306 1782 S.
323 1720 456 1783 Martini
465 1721 500 1780 in
513 1722 625 1781 Monte
634 1719 827 1788 Pannoniae,
837 1717 988 1789 salutem,
1002 1717 1065 1779 etc.

311 1818 469 1880 Precibus
490 1818 610 1879 rostris
627 1815 804 1891 benignum
826 1815 990 1893 impertiri
1010 1830 1067 1875 as-

271 1932 406 1978 sensum
440 1914 600 1985 volentes,
629 1914 829 1975 auctoritate
864 1911 1064 1991 apostolica,

231 2008 239 2017 ’
270 2030 335 2092 qua
346 2029 405 2089 por
419 2011 478 2073 Dei
493 2011 759 2072 misericordiam
775 2010 956 2085 fungimur,
976 2025 1065 2087 prae·

271 2110 415 2172 sentium
445 2107 711 2185 Apostolicarum
736 2108 923 2169 litterarum
950 2108 1066 2170 tenore

269 2208 305 2268 in
314 2207 452 2269 Domino
464 2204 687 2277 concedimus,
702 2220 741 2266 ac
752 2204 973 2280 indulgemus,
986 2206 1022 2266 ut
1031 2204 1065 2264 in

271 2304 424 2365 omnihus
436 2303 588 2364 ecclesiis
598 2302 730 2373 vestris,
747 2304 780 2363 et
790 2302 895 2370 cellis,
909 2317 991 2378 quas
1006 2317 1067 2379 por

270 2416 409 2477 regnum
423 2398 603 2474 Hungariae
622 2399 753 2470 tenetis,
770 2399 872 2460 liceat
891 2397 985 2460 vobis
1002 2413 1065 2474 ge·

270 2496 397 2559 neralis
429 2495 598 2557 interdicti
631 2498 791 2571 tempore,
827 2510 894 2556 non
925 2494 1065 2572 pulsatis

272 2592 454 2670 campanis,
480 2592 603 2654 clausis
629 2592 753 2667 januis,
783 2591 948 2653 submissa
971 2608 1063 2665 voce,

271 2690 384 2752 divina
400 2688 510 2750 officia
530 2688 714 2763 celebrare;
745 2704 785 2749 ea
809 2691 921 2750 tamen
945 2689 1064 2750 condi-

270 2788 373 2859 tione,
390 2802 431 2847 ne
444 2785 761 2857 excommunicatos,
790 2788 848 2848 aut
872 2786 1066 2848 interdictos

272 2884 342 2951 ullo
354 2883 451 2946 modo
461 2883 656 2955 admittatis,
673 2884 730 2944 aut
744 2883 794 2943 eis
807 2883 841 2944 in
852 2883 963 2960 aliquo
977 2882 1065 2944 favo

272 2998 354 3053 rem,
371 2981 603 3058 patrocinium,
614 2980 841 3042 autauxilium
854 2980 1064 3057 impendatis.

272 3078 366 3141 Nulli
380 3094 459 3153 ergo
475 3078 645 3140 hominum
657 3077 766 3150 liceat,
776 3079 839 3139 etc.
855 3078 889 3138 Si
902 3079 976 3155 quis
986 3092 1066 3139 vero

229 3238 239 3255 ,
272 3175 336 3238 hoc
364 3177 526 3237 attentare
555 3174 815 3251 praesumpserit,
850 3175 911 3236 etc.
949 3177 1066 3236 Datum

274 3273 389 3344 Reate,
400 3275 444 3333 IV
455 3272 523 3333 kal.
537 3271 654 3347 aprilis
671 3267 841 3351 [augusti],
858 3271 1067 3348 pontificatus

274 3370 381 3433 nostri
394 3385 483 3430 anno
494 3370 611 3431 octavo
629 3366 795 3449 [decimo]

647 3627 703 3714 IV

274 3783 327 3843 Ad
349 3782 531 3842 attinerent
559 3776 686 3840 Gbrtstt
705 3777 820 3850 adeas
838 3791 904 3850 per
917 3779 1067 3852 Manant-

388 3878 498 3938 tianra
509 3878 727 3952 provinciana
741 3874 954 3937 constitutos.

570 4015 603 4071 31
617 4013 679 4086 julli
695 4014 774 4071 itit.

415 4137 524 4204 [iliadel¹
539 4136 603 4203 dipl.
620 4136 773 4195 Brandenb.,
785 4137 865 4195 XXII,
879 4135 930 4202 li]

277 4269 334 4325 Eos
353 4272 451 4324 monet
472 4271 502 4321 et
524 4262 652 4321 hortatur
679 4262 854 4321 utocclesiee
878 4264 907 4327 ia
932 4262 1067 4332 Arnum,

314 4352 467 4413 verdensis
478 4352 620 4419 dioecesis,
637 4350 699 4424 pias
720 4350 918 4425 eleemosynas
936 4358 964 4408 et
987 4358 1068 4425 grata

313 4441 439 4501 subsidia
455 4447 584 4515 erogent.

316 4568 986 4645 Honoriusepiscopus,servusservorum
996 4567 1068 4635 Dei,

890 330 1065 393 nortona
1085 330 1131 392 ιιι
1152 331 1300 395 orsas.
1851 331 1901 391 sos
1973 298 1974 337 ³

1118 489 1338 570 fiduciamque
1349 487 1512 560 arenas,
1528 489 1615 568 quod
1628 490 1685 568 qui
1700 502 1806 567 parea
1819 490 1904 552 sami·
1973 472 1974 517 i

1119 591 1186 661 nat,
1202 590 1345 667 paroeat
1358 590 1468 660 metet,
1485 590 1518 650 et
1530 588 1587 666 qui
1601 587 1746 650 seminat
1764 587 1799 648 in
1812 587 1905 649 bene-
1973 628 1974 641 ι

1118 687 1319 749 dictionibus
1351 686 1392 748 de
1427 685 1714 747 benedictionibus
1740 689 1776 747 et
1814 688 1904 747 metet

1118 785 1221 847 atam
1236 786 1406 845 aeternam.
1433 786 1513 844 Cum
1537 783 1640 859 igitur
1655 782 1800 843 dilectus
1824 782 1905 843 iilius

1119 882 1316 959 praepositus
1330 883 1366 943 in
1378 885 1533 949 Arnesse,
1548 880 1730 941 verdensis
1740 879 1899 951 dioecasis,

1120 981 1153 1041 et
1168 978 1440 1041 sanctimoniales
1452 979 1486 1039 in
1498 977 1614 1039 omem
1624 977 1703 1039 loco
1714 980 1785 1038 Deo
1798 993 1907 1039 couse-
1973 1038 1974 1047 ,

1120 1078 1221 1139 cratae
1233 1076 1274 1138 ad
1298 1076 1538 1153 promotionem
1561 1073 1715 1136 ecclesiae
1742 1090 1813 1135 sure
1834 1075 1905 1135 dili-
1973 1066 1974 1143 l

1119 1176 1237 1250 genter
1250 1173 1433 1239 intendant,
1454 1186 1515 1233 nec
1529 1171 1570 1232 ad
1590 1171 1655 1234 boc
1680 1171 1746 1232 sibi
1770 1172 1905 1248 propria
1973 1170 1974 1213 i

1121 1272 1296 1348 suppetant
1308 1270 1493 1337 facultates,
1505 1269 1760 1332 universitatem
1769 1270 1905 1329 vestram

1120 1383 1292 1429 monemus
1311 1368 1344 1429 et
1357 1366 1529 1428 hortamur
1541 1367 1575 1427 in
1596 1367 1737 1427 Domino
1750 1381 1792 1427 ac
1807 1366 1840 1425 iu
1859 1381 1907 1426 re-
1973 1384 1974 1387 ¹

1120 1466 1312 1527 missionem
1334 1462 1428 1526 vobis
1454 1462 1661 1541 iujungimus
1690 1468 1905 1539 peccatorum,
1973 1464 1974 1467 ’

1121 1566 1293 1640 quatenus,
1308 1562 1395 1624 idem
1409 1561 1559 1623 ecclesiae
1581 1562 1654 1637 pias
1677 1563 1712 1622 et
1728 1563 1907 1637 eleemosy-
1973 1598 1974 1619 ι

1121 1664 1230 1722 nasei
1249 1663 1344 1736 grata
1368 1657 1515 1720 subsidia
1541 1659 1697 1733 erogetis,
1726 1660 1766 1721 ut
1793 1660 1828 1719 et
1845 1659 1907 1735 ipsa
1973 1720 1974 1735 ,

1121 1758 1263 1819 ecclesia
1276 1759 1387 1819 vestm
1398 1755 1508 1818 valeat
1522 1756 1650 1818 auxilio
1664 1757 1870 1833 promoveri,
1883 1760 1909 1816 et
1973 1740 1974 1787 3

1120 1871 1178 1918 vos
1202 1870 1262 1932 per
1275 1855 1347 1916 baec
1361 1855 1394 1914 et
1414 1853 1481 1915 alia
1503 1853 1602 1925 bona,
1618 1870 1694 1930 quae
1722 1857 1793 1914 Deo
1810 1853 1909 1930 inspi·
1973 1872 1974 1933 ς

1120 1953 1216 2015 rante
1230 1951 1386 2022 feceritis,
1398 1950 1534 2027 possitis
1544 1951 1585 2012 ad
1597 1952 1733 2012 aeteruae
1747 1950 1909 2013 felicitatis
1973 1988 1974 1991 =

1120 2049 1241 2126 gaudia
1261 2049 1446 2134 peruenire.
1471 2049 1541 2109 Nos
1557 2049 1668 2110 autem
1694 2048 1736 2109 de
1762 2049 1909 2124 omnipo·
1973 2110 1974 2131 χ

1119 2148 1220 2209 tentis
1233 2147 1292 2208 Dei
1305 2145 1534 2207 misericordia
1547 2146 1767 2208 etbeatorum
1783 2147 1875 2207 Petri
1885 2146 1911 2206 et

1121 2242 1216 2305 Pauli
1236 2242 1461 2320 apostolorum
1479 2245 1551 2320 ejus
1565 2242 1770 2304 auctoritate
1791 2240 1909 2310 contisi,
1973 2242 1974 2323 l

1120 2340 1272 2402 omuibus
1282 2354 1361 2402 vere
1373 2339 1609 2416 poenitentibus
1620 2340 1654 2400 et
1669 2338 1913 2416 confessisunt
1973 2326 1974 2341 ¹

1120 2437 1312 2516 praedictam
1338 2437 1514 2498 ecclesiam
1538 2437 1573 2497 in
1601 2435 1793 2498 Nativitate
1815 2436 1913 2498 beata

1120 2531 1267 2609 Virginis
1282 2531 1409 2603 Mariae,
1433 2532 1491 2593 aut
1515 2531 1549 2592 ιιι
1569 2530 1809 2592 anniversario
1823 2531 1913 2591 dedi·

1121 2630 1261 2693 cationis
1276 2628 1340 2701 die,
1364 2628 1549 2690 devotionis
1563 2629 1674 2703 gratia
1693 2627 1912 2693 visitaverint
1973 2644 1974 2663 ¹

1120 2727 1238 2803 viginti
1253 2726 1399 2804 quinquo
1413 2725 1485 2786 dies
1500 2725 1540 2786 de
1555 2725 1707 2802 injuncta
1726 2725 1795 2787 sihi
1815 2724 1914 2802 poeni-

1122 2825 1224 2886 tentia
1256 2822 1518 2885 misericorditer
1555 2823 1765 2883 relaxamus.
1803 2822 1911 2883 Dabam

1121 2924 1235 2994 Reate,
1272 2922 1302 2981 ΙΙ
1335 2919 1496 2982 kalendas
1527 2921 1672 2995 augusti,
1705 2919 1914 2996 pontificatus
1973 2914 1974 2917 ’

1122 3020 1226 3080 nostri
1241 3014 1609 3097 anuouono[decimo].
1973 3008 1974 3097 t

1500 3276 1536 3361 V

1122 3420 1174 3479 Ad
1187 3418 1394 3479 abbatissam
1408 3417 1442 3479 et
1456 3420 1624 3479 moniales
1638 3419 1680 3478 de
1696 3418 1776 3479 Atto
1789 3417 1912 3479 Castro.

1398 3547 1416 3604 b
1431 3548 1547 3621 augusti
1562 3547 1643 3605 litt.

1242 3661 1811 3727 [aurora0u,n0vasusaaa‚xu1,sas]
1973 3648 1974 3719 l

1122 3776 1916 3851 Nobilibuslllsatiaeiubibet,netiliassuasotcogastoe

1174 3866 1205 3921 in
1222 3866 1427 3923 monsterium
1441 3865 1694 3938 llobouburgense
1713 3865 1869 3923 intrudant
1973 3852 1974 3941 t

1163 3990 1916 4067 Honoriusepiscopusservussorvorumlloi,
1973 3978 1974 4055 ἶ

1054 4104 1057 4109 ’
1124 4086 1253 4149 dilectis
1267 4087 1302 4148 iu
1316 4086 1446 4149 Christo
1458 4086 1592 4147 filiabus
1605 4086 1791 4150 abbatissae
1803 4104 1842 4149 ac
1853 4101 1918 4147 mo-

1123 4183 1269 4245 nialibus
1282 4184 1322 4245 de
1336 4184 1412 4246 Alto
1428 4184 1556 4256 Castro,
1570 4183 1728 4255 salutem,
1748 4187 1814 4247 etc.
1973 4202 1974 4289 t

1163 4282 1213 4341 Ex
1233 4281 1343 4342 vestra
1364 4280 1594 4341 insinuatione
1617 4280 1817 4352 didicimus,
1840 4277 1916 4357 quod
1973 4304 1974 4353 l

1124 4393 1224 4453 quum
1247 4378 1306 4438 vix
1326 4377 1368 4438 ad
1387 4378 1665 4439 sustentationem
1682 4381 1835 4440 vestram
1849 4391 1919 4454 pro-

1124 4475 1206 4551 priae
1225 4473 1392 4536 sufficiant
1414 4474 1602 4546 facultates,
1632 4474 1775 4553 quidam
1797 4468 1918 4537 nobiles

1124 4570 1270 4646 regionis
1285 4570 1376 4632 illius
1388 4586 1529 4648 quorum
1545 4586 1613 4633 non
1624 4572 1775 4641 audetis,
1787 4576 1825 4635 ut
1836 4586 1920 4633 assa-

277 4666 445 4730 universis
459 4664 581 4726 Christi
602 4662 755 4724 fidelihus
767 4678 828 4738 per
841 4662 1069 4738 Mogontinam
1123 4668 1208 4740 ritis,
1224 4668 1383 4730 resistere
1396 4668 1572 4738 voluntati,
1592 4685 1673 4730 suas
1694 4667 1919 4732 intruduntur
1973 4718 1974 4723 ,

278 4763 484 4844 provinciam
498 4758 697 4831 constitutis,
714 4759 855 4821 salutem
882 4761 914 4820 et
928 4762 1071 4835 Aposto·
1123 4767 1271 4826 vestrum
1296 4765 1536 4827 monasterium
1563 4765 1654 4826 illias
1693 4767 1728 4828 et
1756 4771 1920 4845 cognatas.
1973 4776 1974 4835 j

278 4863 378 4924 licam
392 4858 668 4921 benedictionem.
1125 4861 1219 4923 Unde
1238 4878 1338 4939 quum
1354 4862 1409 4935 sit,
1431 4863 1517 4924 sicut
1531 4862 1655 4934 dicitis,
1672 4879 1746 4925 non
1762 4864 1921 4927 immerito
1973 4856 1974 4903 ἲ

318 4957 491 5032 Quoniam,
509 4957 547 5017 ut
559 4954 608 5016 ait
620 4951 808 5029 Apostolus,
825 4967 940 5013 omnes
963 4952 1070 5015 stabi·
1124 4957 1383 5031 formidandum,
1398 4959 1619 5035 necogamini
1636 4961 1688 5022 sic
1705 4962 1923 5040 multiplicato
1973 4936 1974 4961 ¹

278 5072 353 5119 mus
367 5055 445 5116 auto
462 5048 756 5119 tribunalcbristi,
783 5049 950 5126 recepturi
974 5052 1070 5126 prout
1123 5054 1327 5132 topraedicto
1346 5057 1551 5118 monasterio
1569 5057 1777 5120 monialium
1792 5072 1922 5120 numero
1973 5132 1974 5137 ,

276 5156 313 5217 in
328 5148 656 5230 corporegessimus,
679 5144 896 5218 sivebonum,
912 5146 983 5209 sive
998 5163 1070 5209 ma-
1123 5152 1334 5224 mendicare,
1367 5153 1537 5230 provideri
1559 5169 1665 5230 super
1688 5155 1757 5217 hoc
1791 5154 1924 5218 anobis
1973 5138 1974 5227 t

278 5252 359 5318 lum,
386 5246 515 5325 oportet
535 5259 596 5305 nos
615 5242 701 5305 diem
716 5242 892 5304 messionis
911 5243 1070 5307 extremae
1123 5247 1295 5310 humiliter
1308 5249 1514 5325 postulastis.
1532 5252 1579 5311 Ea
1600 5252 1755 5328 propter,
1782 5253 1926 5315 auctori·

278 5344 515 5411 misericordiae
530 5340 685 5418 operibus
706 5340 891 5416 praevenire
915 5340 948 5401 et
967 5342 1068 5403 aeter-
1123 5346 1190 5405 tate
1209 5345 1423 5420 praesentium
1440 5345 1628 5407 districtius
1653 5347 1864 5421 inhibemus,
1887 5363 1925 5409 ue

279 5459 398 5506 norum
423 5439 547 5502 iutuitu
577 5437 742 5498 seminare
779 5435 814 5497 in
844 5436 956 5509 terris,
983 5439 1068 5515 quod
1122 5440 1395 5519 talitaraliquam
1415 5440 1594 5503 decaetero
1615 5444 1778 5521 racipere
1796 5462 1924 5524 prasu-

278 5540 436 5603 reddeute
456 5535 596 5598 Domino
621 5549 695 5594 cum
717 5532 934 5608 multiplicato
960 5532 1069 5597 fructu
1123 5537 1233 5599 matis.
1260 5540 1379 5600 Datum
1406 5539 1532 5609 Reate,
1560 5541 1639 5600 VIII
1665 5540 1747 5602 idus
1775 5542 1925 5619 augusti,

278 5636 474 5708 recolligere
485 5631 663 5692 debeamus
674 5629 707 5689 in
719 5629 823 5700 coelis,
836 5629 963 5691 firmam
977 5644 1068 5708 spem
1123 5634 1333 5709 pontificatus
1352 5634 1458 5698 nostri
1473 5651 1563 5697 auno
1579 5636 1726 5700 docimo.
