3972 6204
240 317 302 383 895
856 309 1033 373 BONORII
1055 311 1101 372 111
1122 311 1270 375 oraha.
1795 320 1839 380 896

622 404 627 443 )

239 493 322 558 pore
335 475 458 539 ibidem
472 474 617 552 aliquam
635 474 813 550 jacturam,
833 474 892 533 aut
906 471 1033 533 moles·
1088 472 1122 533 et
1134 471 1171 532 in
1184 470 1336 533 omnibus
1360 473 1434 549 ejus
1451 458 1582 531 cellulis
1600 470 1736 533 decimas
1757 476 1840 549 tollat

240 576 323 639 tiam
336 574 470 645 inferre,
481 572 557 633 dum
568 570 760 648 perenniter
770 569 851 630 illud
861 569 957 630 firma
965 571 1035 630 sta-
1088 570 1295 630 sacerdotem
1308 569 1584 640 excommunicet,
1597 568 1696 630 reiad
1710 573 1843 649 synodum

240 673 369 735 bilitate
403 670 612 733 decernimus
644 667 706 729 sub
744 667 869 729 ditione
907 667 1032 729 sanctae
1086 667 1256 742 provocet.
1274 666 1383 727 Simili
1395 666 1497 727 etiam
1519 666 1615 727 modo
1636 667 1844 733 licentiantu-

242 764 1034 843 Romanaelicclesiaepermanendum.Concessi—
1087 780 1160 823 mus
1184 763 1291 824 eidem
1318 763 1439 824 dilecte
1465 763 1546 835 lilio,
1573 766 1706 841 ejusque
1729 768 1843 841 posteris

240 884 316 929 mus
330 867 430 929 etiam
444 865 507 925 hoc
519 863 709 941 apostolico
722 862 909 948 privilegio,
925 862 962 923 ut
973 876 1033 936 pro
1087 859 1272 931 abbatibus,
1299 860 1537 921 monachorum
1565 862 1721 937 synodum
1732 878 1844 939 congre-

242 964 410 1027 oblatione
435 963 489 1024 rel
519 946 729 1023 ordinatione
753 959 1031 1036 presbyterorum,
1087 957 1844 1035 gandi,quemcumqueclericumvoluerintcun

242 1062 468 1131 diaconorum,
498 1059 786 1128 subdiaconorum,
817 1058 850 1119 et
878 1056 1032 1117 altarium
1088 1054 1157 1114 suis
1177 1054 1373 1116 substantiis
1403 1056 1575 1131 suscipere
1589 1055 1630 1115 ad
1649 1055 1843 1119 habitandum.

242 1159 506 1229 consecratione,
538 1156 795 1232 chrismatisque
828 1154 1031 1230 acceptione,
1087 1153 1124 1210 ln
1139 1151 1292 1212 omnibus
1304 1152 1499 1213 monasterii
1514 1153 1779 1228 possessionibus,
1793 1156 1846 1216 sire

242 1255 493 1334 inquibuslibet
517 1254 665 1331 ejusdem
691 1252 886 1314 monasterii
900 1265 1034 1327 pusses—
1086 1248 1260 1325 presbyter
1286 1249 1340 1317 sit,
1358 1250 1416 1310 aut
1443 1249 1613 1319 diaconus,
1632 1250 1682 1310 rel
1703 1252 1847 1328 cujuslibet

241 1352 392 1417 sionibus
414 1366 652 1429 quemcumque
674 1350 842 1412 soluerint
861 1348 1034 1425 episcopo·
1085 1340 1306 1406 ecclesiastici
1343 1345 1481 1415 ordinis,
1512 1347 1545 1407 et
1580 1347 1703 1406 nullius
1728 1349 1845 1426 episcop'

240 1469 315 1514 rum
336 1450 555 1513 invitandum.
589 1449 697 1509 Simili
730 1447 826 1509 modo
864 1446 1033 1507 licentiam
1084 1444 1206 1504 timere
1219 1443 1528 1505 contradictionem.
1545 1443 1696 1505 litliceat
1708 1446 1802 1506 eidem
1812 1463 1849 1508 re

241 1550 357 1611 damus
370 1549 404 1610 et
416 1546 670 1609 corroboramus
685 1546 719 1606 in
742 1543 881 1622 praelato
894 1558 1032 1603 monas·
1088 1541 1209 1616 ligioso
1220 1543 1357 1617 ejusque
1371 1541 1555 1616 posteriset
1564 1556 1680 1602 eorum
1693 1544 1850 1619 praepositis

240 1648 326 1710 terto
352 1647 384 1707 et
408 1645 443 1705 in
469 1643 621 1705 omnibus
650 1645 722 1720 ejus
749 1640 902 1702 ecclesiis
928 1639 1036 1700 tontes
1090 1638 1334 1714 inperpetuum
1352 1638 1503 1714 judicare
1520 1638 1851 1715 praedictasecclesias,

241 1743 394 1806 benedici
407 1744 441 1804 et
466 1757 598 1803 sacrum
617 1740 782 1817 baptisma
802 1737 986 1809 celebrari;
1005 1737 1036 1797 et
1091 1739 1200 1797 curtes
1217 1736 1249 1798 et
1269 1737 1497 1812 possessiones
1524 1738 1557 1797 et
1573 1752 1688 1798 omnes
1701 1737 1736 1798 in
1753 1738 1852 1798 eisdem

242 1858 309 1903 non
321 1841 427 1902 solum
439 1838 564 1910 ibi,sed
575 1839 611 1898 in
621 1838 674 1898 his
683 1852 823 1914 quoque,
834 1852 907 1912 quae
918 1834 1036 1895 amodo
1090 1832 1367 1909 possessionibus,
1380 1833 1552 1908 degentem
1567 1835 1725 1895 clericum
1744 1836 1780 1895 ad
1792 1836 1853 1896 oli·

239 1940 275 2001 in
288 1935 553 2015 possessionibus
568 1935 717 2011 praedicti
731 1932 873 1994 coenobii
895 1948 1038 2009 praesen.
1091 1931 1178 1991 cium
1195 1930 1384 2006 promoveri
1409 1930 1534 2007 absque
1547 1947 1701 2007 personae
1713 1933 1854 1993 saecularis

239 2036 340 2107 tibus,
354 2033 407 2096 vel
427 2033 547 2096 tuturis
568 2031 771 2108 temporibus
786 2029 936 2090 ecclesiae
954 2029 1038 2090 aedi-
1089 2028 1262 2105 potestate,
1279 2028 1333 2089 rel
1361 2028 1539 2106 cujuslibet
1561 2029 1709 2106 episcopi
1734 2030 1857 2106 prohihi-

241 2134 379 2196 licandae
393 2132 479 2203 sunt,
496 2131 622 2192 remota
638 2127 1032 2204 scilicetcujusqueepis-
1089 2126 1191 2187 done.
1208 2130 1302 2187 Anno
1332 2128 1400 2187 Deo
1420 2127 1575 2203 propitio,
1592 2128 1797 2204 pontificatus
1812 2126 1858 2187 do·

241 2232 316 2309 copi
327 2229 569 2293 interdictione.
582 2227 740 2288 Addimus
753 2226 864 2296 etiam,
877 2227 913 2286 ut
925 2224 1036 2285 nullus
1091 2224 1173 2285 mini
1190 2223 1360 2284 Zachariae
1379 2224 1498 2284 summi
1511 2226 1693 2300 pontilicis,
1704 2227 1735 2286 et
1749 2225 1858 2284 unirer
1937 2210 1938 2283 l

241 2331 416 2406 episcopua
436 2325 610 2403 prohibeat
633 2323 854 2385 christianum
878 2322 1036 2399 populum
1091 2321 1171 2382 salis
1182 2336 1287 2398 papae,
1303 2322 1339 2382 in
1355 2321 1583 2383 sacratissima
1597 2322 1678 2383 sede
1692 2322 1776 2384 beati
1787 2321 1858 2382 Petri
1938 2318 1939 2385 l

241 2426 373 2503 ingredi
410 2424 451 2485 ad
478 2423 611 2484 easdem
652 2420 824 2482 ecclesias.
858 2419 1036 2481 Observari
1090 2418 1239 2495 Apostoli
1253 2417 1372 2495 primi3
1393 2419 1428 2479 in
1439 2421 1694 2491 mensemartio,
1707 2419 1859 2480 indictione
1939 2426 1940 2485 t

242 2538 373 2601 quoque
397 2521 485 2582 hanc
499 2520 646 2581 nostram
667 2519 853 2595 jussionem
868 2518 1032 2588 volumus,
1090 2533 1190 2594 supra
1204 2516 1337 2593 scripta.
1354 2532 1373 2576 >›
1940 2534 1941 2547 ¹

243 2615 1035 2698 quodnullusepiscopusinjamdictocoenobio
1129 2616 1247 2676 Datum
1262 2614 1393 2685 Tibure,
1409 2613 1517 2675 idibus
1533 2615 1624 2687 maii,
1641 2631 1732 2677 anno
1746 2630 1831 2676 nono.
1941 2678 1942 2681 ,

332 3124 398 3211 DE
436 3121 647 3228 OCTAVO,
682 3120 852 3221 DEQUE
889 3120 1030 3208 NONO
1070 3120 1292 3211 HONORII
1329 3123 1391 3210 III
1428 3122 1796 3212 PONTIFIGATUS

1003 3329 1133 3390 ANNO

277 3568 323 3628 hd
334 3565 720 3643 aonumoctavumejusdem
729 3569 846 3626 honorii
861 3570 902 3627 lll
917 3567 1035 3627 Pontid-
1125 3567 1169 3626 Ad
1181 3569 1317 3642 presides
1329 3571 1488 3628 Germaniae
1498 3571 1605 3641 scribit,
1618 3573 1720 3631 scribit
1735 3573 1768 3631 ad
1783 3570 1866 3630 Frede

244 3666 325 3717 catus
340 3656 426 3714 relert
445 3657 583 3714 Batonius
603 3655 833 3713 commendatam
852 3664 881 3713 et
901 3657 1034 3715 corrobo·
1091 3658 1191 3715 ocum.
1203 3657 1246 3715 Ad
1266 3657 1681 3728 eudovtcumv111,Francioe
1696 3676 1802 3736 regem,
1813 3659 1866 3717 diri-

243 3755 335 3804 ratam
362 3745 529 3803 auctoritate
552 3745 716 3816 apostolica
737 3745 867 3817 regulam
894 3746 922 3803 S.
946 3748 1033 3803 Fran·
1090 3746 1134 3818 git
1148 3746 1268 3813 litteras,
1283 3753 1388 3804 etcum
1403 3747 1529 3820 corripit,
1542 3748 1665 3821 eoquod
1684 3749 1870 3807 adversusiu

244 3835 323 3904 cisci,
339 3849 402 3907 quar
419 3841 476 3890 tota
491 3833 620 3890 consistit
635 3833 663 3889 iu
678 3832 800 3890 vivendo
818 3834 846 3890 in
863 3833 1035 3899 obedientia,

244 3925 306 3982 siue
319 3923 442 3996 proprio,
458 3937 523 3979 cum
538 3922 678 3978 castitate.
694 3922 805 3979 Placuit
819 3923 937 3994 speciali
952 3922 1037 3980 modo

244 4014 298 4086 ipsi
320 4010 461 4069 fundatori
486 4017 516 4066 ut
540 4008 641 4067 lrutres
663 4008 766 4068 Christi
788 4010 887 4068 vicarii
911 4012 1037 4084 imperiis

245 4101 363 4158 omnino
377 4099 542 4172 ponderent.
567 4098 622 4156 Sed
636 4097 732 4155 divina
747 4100 930 4157 miseratione
945 4100 973 4157 id
988 4115 1034 4158 ac·

245 4189 314 4247 cidit
336 4188 412 4260 quod
434 4188 579 4245 Salomoni
596 4186 657 4260 jam
677 4186 786 4244 dixerat
810 4190 956 4257 Dominus,
970 4205 1038 4246 nam

246 4291 334 4351 quum
353 4275 454 4333 iratres
472 4276 567 4333 omnia
583 4291 634 4348 pro
649 4278 709 4333 lieo
726 4276 889 4350 abjecerant
907 4277 985 4335 dedit
1003 4279 1036 4335 il·

245 4367 281 4425 lis
297 4369 372 4424 lleus
387 4364 558 4437 sapientiam
573 4371 601 4422 et
619 4364 847 4438 intelligentiam,
864 4367 948 4424 itaut
966 4368 1040 4424 inter

245 4455 310 4512 illos
322 4454 401 4511 multi
416 4461 514 4525 postea
533 4452 666 4510 florerent
680 4453 811 4511 doctores
829 4464 857 4512 et
876 4457 1038 4527 scriptores,

246 4543 373 4615 theologi
388 4550 416 4599 et
431 4542 598 4609 canonista,
618 4541 693 4613 quod
708 4542 823 4615 quidem
837 4558 923 4600 nemo
938 4545 1038 4603 nescit.

282 4634 314 4689 ln
325 4629 426 4688 eodem
441 4645 527 4699 anuo,
539 4629 753 4689 exhortationes
765 4631 913 4689 Pontificio
922 4632 956 4690 ud
968 4634 1041 4706 prio·

246 4721 325 4793 cipes
346 4719 506 4793 diriguntur
530 4726 558 4775 et
585 4719 736 4776 suasiones
762 4720 789 4775 in
815 4722 908 4779 Terre
930 4723 1041 4779 Sanctae

247 4808 414 4866 subsidium.
440 4808 542 4864 Mirum
564 4814 608 4865 est
629 4822 785 4880 numquam
803 4808 942 4867 deiecisse
964 4811 1043 4884 vigo·

248 4912 309 4954 rem
325 4896 414 4954 animi
429 4896 573 4952 mansueti
591 4897 736 4953 pontilicis
749 4897 777 4952 in
792 4896 838 4954 liis
852 4898 1040 4970 expeditioni·

242 4982 1043 5060 'buspersequendis,uequeproptercalamitates,oeque

245 5081 362 5147 propter
376 5070 473 5129 clades
488 5072 645 5129 honorium
664 5086 791 5143 unquam
810 5088 893 5130 suam
914 5090 995 5147 spem
1015 5083 1044 5132 et

247 5159 440 5219 tortitudinem
455 5158 605 5232 abjecisse.
617 5159 693 5217 Nihil
703 5175 760 5217 noo
774 5162 888 5219 molitur
900 5163 935 5220 ad
949 5170 1041 5221 haus-

246 5248 424 5308 iundendum
437 5250 466 5304 in
482 5263 577 5320 reges,
591 5256 639 5306 aut
648 5247 746 5319 duces,
759 5256 808 5307 aut
818 5252 947 5323 populos,
960 5267 1041 5309 eum·

247 5338 384 5411 demque
404 5335 521 5399 ardebat
541 5337 643 5394 zelum.
663 5338 710 5394 Sic
728 5339 790 5396 ait:
810 5339 889 5397 hlultl
903 5348 969 5398 sunt
983 5341 1042 5413 qul,

247 5433 313 5500 post
337 5425 615 5489 consummatlonem
640 5427 879 5500 peregrinationis
907 5438 1041 5502 accepta,

247 5515 342 5570 carnis
357 5520 448 5570 morte
459 5513 608 5583 preventi,
624 5514 659 5571 ad
676 5530 830 5588 supernam
846 5517 966 5589 patriam
980 5533 1044 5576 avo·

248 5599 352 5665 larunt,
365 5606 393 5655 et
411 5614 486 5656 nunc
503 5601 661 5672 gloriantur
677 5602 705 5659 in
717 5603 818 5661 ordine
829 5602 1041 5665 consessorumi

1091 3834 1158 3907 glire
1172 3849 1271 3907 regem
1286 3833 1393 3891 bellum
1410 3843 1548 3905 moverat,
1564 3845 1732 3911 contempta
1752 3851 1816 3910 pace
1828 3849 1868 3892 tn·

1091 3930 1136 3979 tea
1156 3922 1236 3980 inita.
1266 3922 1321 3980 Sed
1345 3923 1441 3995 plures
1464 3939 1516 3982 seu
1544 3925 1688 3996 civitates,
1723 3943 1775 3984 seu
1799 3926 1870 3982 eham

1092 4011 1254 4085 provincias
1282 4010 1443 4069 Ludovicus
1464 4011 1642 4086 subjugarat,
1664 4030 1761 4087 neque
1788 4025 1871 4086 pacem

1092 4114 1157 4157 cum
1171 4099 1272 4172 Anglis
1287 4097 1394 4168 babuit,
1412 4101 1466 4157 nisi
1481 4100 1596 4173 quando
1608 4103 1782 4171 hmalricus,
1797 4104 1872 4161 Sine

1093 4189 1138 4246 uis
1153 4186 1236 4258 itlius,
1257 4190 1284 4245 ei
1301 4203 1351 4246 sue
1369 4189 1432 4261 jura
1450 4191 1594 4246 concessit
1612 4192 1641 4248 io
1656 4193 1800 4249 Tolosam.
1813 4191 1872 4247 Nan

1093 4277 1220 4335 Francia
1231 4288 1294 4334 *rex
1314 4276 1510 4335 hereditatem
1537 4277 1613 4336 illarn
1635 4281 1729 4338 noluit
1750 4279 1872 4343 amittere,

1093 4368 1300 4439 regionemque
1312 4365 1414 4439 opibus
1428 4366 1577 4423 herentem
1589 4383 1642 4425 suo
1656 4369 1780 4442 imperio
1793 4366 1874 4424 struit

1094 4454 1261 4528 adjungere.

1129 4547 1251 4611 Interea,
1266 4542 1302 4601 de
1317 4544 1632 4617 Constantinopolitano
1647 4545 1772 4618 imperio
1783 4544 1873 4602 sollici·

1095 4640 1149 4701 tus,
1166 4640 1285 4693 conatus
1297 4641 1340 4690 est
1361 4634 1503 4690 honorius
1526 4634 1634 4691 Latinis
1647 4642 1676 4691 et
1697 4635 1818 4692 lieberto
1831 4634 1874 4690 im·

1097 4722 1219 4793 peratori
1227 4719 1300 4778 lerre
1311 4736 1406 4793 opem.
1414 4721 1628 4779 waldemarum
1637 4724 1738 4792 etiam,
1748 4727 1877 4781 Daharum

1096 4824 1205 4882 regem,
1218 4825 1234 4865 e
1248 4809 1369 4867 vinculis
1383 4810 1494 4881 eripere
1510 4808 1632 4880 studuit;
1646 4811 1766 4869 mandat
1779 4823 1877 4884 quoque
1944 4872 1946 4875 ¹

1097 4898 1241 4956 hudovico
1259 4899 1321 4970 regi
1341 4906 1371 4955 ut
1394 4897 1533 4956 Flaodrie
1561 4900 1697 4957 comitem
1728 4889 1759 4957 io
1778 4911 1893 4957 carcere*

1096 4985 1242 5043 detentum
1258 4986 1358 5043 redimi
1383 4987 1521 5057 patiatur3
1548 4982 1646 5044 Bolum
1670 4989 1824 5062 Hungarioe
1843 4999 1879 5040 re

1097 5090 1164 5149 gem
1193 5075 1220 5130 in
1249 5089 1330 5131 suam
1352 5074 1470 5131 tutelam
1489 5075 1607 5147 suscipit
1615 5090 1624 5146 ;
1644 5076 1835 5134 Tbeutonicos
1857 5074 1880 5129 iu

1098 5165 1218 5236 regione
1234 5164 1317 5220 Bozss
1332 5163 1385 5220 sibi
1400 5162 1465 5220 data
1482 5163 1517 5220 ab
1527 5163 1639 5221 hodrea
1656 5179 1727 5236 rege
1741 5163 1879 5228 stabilitis

1097 5252 1242 5310 Bohemiae
1262 5266 1362 5325 regern
1377 5252 1488 5309 monuit
1502 5261 1689 5325 precatusque
1706 5260 1762 5322 est,
1775 5253 1814 5310 uti
1827 5265 1880 5324 pos·

1098 5342 1243 5398 sessiones
1252 5341 1281 5396 in
1293 5340 1395 5413 quibus
1405 5348 1472 5397 sunt
1482 5340 1668 5398 auriiondine
1675 5338 1881 5399 thislariensi

1097 5430 1235 5502 episcopo
1254 5430 1397 5499 restituat3
1413 5429 1542 5503 legatum
1557 5430 1635 5488 misit
1650 5430 1678 5487 in
1694 5430 1842 5487 livoniam
1859 5431 1883 5482 et

1098 5518 1309 5592 predicatores,
1325 5519 1373 5590 qui
1389 5519 1419 5574 in
1434 5518 1480 5574 his
1492 5518 1612 5576 terriset
1625 5519 1652 5575 io
1668 5520 1782 5576 prussia
1799 5520 1881 5575 liran-

1098 5608 1165 5681 gelii
1177 5622 1276 5664 semen
1289 5607 1461 5664 excolerent.
