3916 6204
106 251 154 317 ns
436 338 442 345 ι
675 222 904 329 marona.
927 245 1006 307 nra.
1029 245 1116 325 vni.
1656 248 1717 315 ⁴14

104 391 156 468 fut
179 417 197 467 a
220 398 332 463 nuato
357 397 428 461 filio
449 399 564 463 nostro
586 397 752 475 iohanne,
778 402 867 465 tituil
921 400 1717 483 petentemetdebltamexhibendamquamtam-

105 500 213 567 sancta
247 495 405 559 Praxedis
445 496 642 574 presbytero
682 498 864 572 cardinale,
921 517 1021 580 quam
1037 501 1360 564 excommunicatum
1374 501 1449 579 ipse
1468 501 1501 564 et
1520 501 1573 563 sui
1586 501 1623 564 in
1638 518 1715 565 cm-

102 613 174 660 nunc
185 593 372 672 apostolicae
388 593 484 656 Sedis
498 593 620 671 legate,
637 596 867 657 excommuni-
921 597 1019 661 nibus
1030 596 1210 671 evitabunt,
1223 599 1444 676 praeterquam
1454 598 1490 659 in
1501 600 1724 681 perceptione,

102 693 221 757 radonis
251 691 413 753 sententia
446 690 636 763 innodatus,
668 706 797 754 necnon
825 692 866 754 de
922 695 1064 767 servitii,
1076 694 1162 771 quod
1174 694 1238 755 sibi
1246 694 1300 756 vel
1310 695 1388 756 aliis
1399 696 1558 758 exhibere
1568 696 1721 789 tenetur.²

100 789 241 870 perceptis
272 787 434 850 fructibus
466 804 509 850 ex
534 788 801 866 possessionibus
834 792 867 853 et
921 794 1002 855 Gum
1017 792 1120 868 igitur
1134 807 1193 853 vos
1207 807 1250 852 ex
1264 793 1358 869 parte
1372 807 1437 853 una
1452 808 1581 856 necnon
1596 792 1631 857 et
1643 810 1715 856 me-
1730 816 1733 823 ·

101 887 179 950 bonis
192 884 418 947 ecciesiasticis
433 887 466 948 et
480 885 610 947 damnis
623 884 727 947 illatis
741 902 762 948 a
776 887 864 949 tem·
920 890 1068 952 moratus
1079 889 1234 966 princeps
1246 904 1286 950 ac
1299 889 1353 950 sui
1363 905 1406 951 ex
1418 890 1523 952 altera
1534 892 1716 970 praescrip-

99 1000 173 1063 pore,
187 998 246 1060 quo
261 982 452 1044 mandatum
469 983 639 1045 emanavit
657 984 863 1060 praedictum,
919 988 987 1048 tam
1005 1002 1122 1065 pacem
1143 988 1261 1063 sponte
1282 985 1444 1049 duxeritis
1464 987 1711 1064 acceptandam,

99 1081 230 1158 princeps
252 1080 325 1157 ipse
345 1095 386 1142 ac
414 1081 467 1140 sui
496 1080 590 1142 vobis
625 1082 865 1159 competentem
920 1085 953 1146 et
977 1085 1045 1145 tam
1073 1099 1116 1145 ex
1140 1083 1234 1160 parte
1258 1084 1380 1155 vestm,
1406 1098 1504 1160 quam
1526 1100 1588 1146 sua
1612 1084 1715 1148 fuerit

98 1177 332 1240 satisfactionem
373 1178 576 1256 impendent,
622 1180 656 1241 et
698 1179 867 1242 dimittent
919 1180 1016 1245 nobis
1044 1180 1216 1243 humiliter
1240 1180 1472 1257 supplicatum,
1501 1182 1537 1242 ut
1564 1178 1713 1243 eamdem

97 1274 184 1348 robis,
198 1275 225 1335 si
239 1274 273 1335 in
287 1274 400 1352 aliquo
422 1276 577 1353 reputant
597 1290 634 1337 se
648 1275 809 1350 offensos,
825 1291 865 1337 ac
920 1274 1137 1357 dignaremur
1168 1276 1360 1354 apostolico
1397 1277 1581 1339 munimine
1614 1278 1715 1341 robo-

96 1371 617 1448 inrecompensationemomnium
629 1371 864 1450 praedictorum
918 1390 1008 1448 rare,
1032 1390 1093 1437 nos
1111 1374 1232 1438 restris
1254 1375 1288 1436 et
1306 1374 1412 1451 ipsius
1433 1374 1587 1451 precibus
1610 1372 1713 1437 incli-

96 1468 195 1531 restris
207 1469 449 1531 cathedralibus
465 1470 628 1541 ecclesiis,
646 1467 787 1533 deducta
799 1474 866 1533 Ar-
918 1471 1001 1541 nati,
1016 1488 1060 1534 ne
1074 1471 1245 1548 negotium
1260 1471 1365 1548 possit
1378 1470 1499 1533 iterato
1513 1471 1550 1532 in
1563 1470 1716 1550 labyrin-

92 1565 231 1642 golicensi
245 1567 387 1629 ecclesia
402 1582 462 1644 pro
482 1568 576 1644 parte
591 1567 714 1629 nobilis
733 1583 863 1631 memo-
918 1569 1014 1631 thum
1039 1568 1246 1631 confusionis
1276 1568 1440 1644 immergi,
1468 1584 1584 1645 pacem
1607 1569 1716 1647 ipsam
1779 1560 1781 1564 ’

93 1663 155 1735 rati,
167 1664 251 1725 mille
263 1663 526 1741 hyperperorum
541 1681 689 1727 annuum
699 1665 864 1728 redditum
919 1668 990 1729 sive
1005 1665 1218 1731 concordiam
1232 1664 1402 1742 praedictis
1416 1665 1572 1743 episcopo
1585 1666 1620 1729 et
1638 1681 1716 1728 car-

92 1760 240 1837 ussignare
261 1760 441 1837 curabunt,
463 1763 512 1825 ita
533 1763 620 1840 quod
640 1763 778 1825 cuilibet
802 1778 864 1825 ca-
919 1762 1088 1826 dinalibus
1117 1761 1341 1867 mediantibus
1375 1761 1573 1824 auctoritate
1597 1762 1714 1825 nostm

92 1857 215 1918 hedrali
224 1857 378 1921 ecclesiae
388 1874 472 1932 sors,
486 1875 559 1937 quae
568 1860 676 1936 ipsam
689 1860 862 1936 contingit,
918 1860 1056 1938 provide
1070 1859 1203 1931 factam
1228 1860 1261 1922 et
1279 1860 1367 1921 ultro
1384 1860 1564 1936 receptam,
1583 1856 1714 1937 gratam

92 1953 224 2018 videlicet
242 1957 375 2017 centum
394 1957 607 2033 septuaginta
625 1957 777 2020 ecclesiae
798 1960 866 2019 Pa·
919 1959 952 2020 et
973 1959 1081 2020 ratam
1105 1955 1277 2028 habentes,
1300 1955 1499 2021 auctoritate
1519 1956 1720 2041 apostolica¹

91 2147 395 2228 tumquinquaginta
410 2150 695 2213 Lacedamonensi
717 2151 751 2213 et
768 2151 865 2214 Ami·
918 2153 1004 2217 vari.
1017 2152 1068 2214 Ad
1082 2153 1242 2229 majorem
1259 2151 1370 2212 autem
1386 2148 1586 2212 evidentiam
1600 2165 1712 2229 saepa—
1812 2218 1821 2231 „

91 2244 178 2306 clausi
191 2247 352 2323 ecclesiia,
375 2248 559 2309 coronensi
580 2264 710 2327 quoque
731 2247 864 2311 centum
919 2250 1041 2313 dictam
1067 2247 1343 2324 ¹resignationem
1387 2247 1578 2317 Ravenicae,
1614 2244 1712 2325 prout

91 2342 322 2420 quinquaginta,
339 2344 521 2406 ettotidem
542 2345 767 2419 Mothonensi,
783 2361 865 2408 nec-
918 2345 1100 2424 exindeiin
1123 2344 1273 2408 confecto
1294 2344 1488 2407 authentico
1511 2342 1711 2417 continetur,

90 2453 146 2500 uon
159 2441 315 2503 Oleuensi
332 2441 482 2503 ecclesiae
499 2442 654 2518 totidem;
678 2444 711 2505 et
730 2443 865 2519 Argoli-
918 2442 997 2506 huic
1017 2444 1141 2506 nostrae
1167 2443 1299 2520 paginae
1324 2440 1365 2504 de
1387 2442 1489 2504 verbo
1510 2440 1552 2505 ad
1576 2436 1715 2505 uerbum

90 2534 166 2595 causi
178 2537 328 2598 ecclesiae
348 2537 526 2613 sexaginta
541 2538 615 2598 octo
637 2538 727 2598 certo
743 2537 816 2598 loco
832 2537 865 2598 et
920 2540 1061 2604 fecimus
1075 2539 1249 2603 adnotari:

91 2643 218 2707 congruo
239 2634 275 2696 in
300 2636 373 2711 eius
404 2633 542 2695 dioecesi
571 2633 772 2710 assignetur,
797 2633 865 2695 nisi
958 2640 1030 2700 «ln
1043 2637 1178 2699 nomine
1192 2636 1335 2698 Domini.
1351 2638 1509 2697 Amen.»
1636 2636 1643 2643 “

89 2724 282 2793 forteeadem
298 2730 443 2793 ecclesia
461 2730 496 2791 in
517 2731 682 2792 acrostico
696 2731 863 2804 teneatur,
959 2735 1041 2796 «Ad
1065 2734 1226 2796 honorem
1250 2734 1309 2795 Dei
1322 2734 1357 2795 et
1371 2733 1495 2795 sauctae
1514 2728 1630 2796 matris
1648 2734 1715 2799 Ec-

90 2824 160 2899 quod
172 2842 227 2903 pro
241 2827 428 2906 quantitate
439 2826 546 2904 ipsius
559 2827 673 2888 eadem
689 2826 753 2888 sibi
768 2843 865 2904 repu·
919 2831 1030 2895 clasiae
1051 2831 1084 2892 et
1098 2829 1223 2893 domini
1237 2845 1331 2907 papae
1346 2828 1531 2891 innocentii
1547 2832 1604 2891 111.
1618 2847 1637 2890 a

89 2919 158 2985 tabit
173 2923 205 2985 in
222 2926 364 2998 sortem3
388 2910 418 2985 s'i
440 2923 519 3001 quid
541 2940 585 2986 en
609 2923 683 3001 ipsa
710 2923 862 2997 defuerit,
958 2929 1060 2989 «Hoc
1086 2928 1136 2989 est
1156 2926 1299 3002 pactum,
1320 2926 1392 2987 sive
1410 2926 1587 2988 conventio
1614 2915 1721 3007 super'

89 3016 149 3079 loco
172 3020 291 3084 idoneo
321 3021 360 3083 de
388 3021 466 3083 aliis
492 3020 690 3099 suppleturi.
718 3020 866 3093 Quodsi
919 3023 1086 3085 universis
1112 3021 1264 3083 ecclesiis
1288 3020 1418 3098 positis,
1442 3021 1512 3082 sive
1539 3021 1624 3094 sitis,
1659 3022 1714 3085 sel

88 3116 266 3193 tepefactus
295 3119 450 3197 princeps
486 3118 527 3179 ad
562 3118 616 3180 sui
646 3117 687 3179 ab
714 3117 865 3180 ecclesiis
919 3119 1065 3182 fundatis
1080 3119 1115 3179 in
1129 3118 1366 3179 Thessalonica
1382 3133 1488 3195 usque
1507 3102 1718 3193 corinthum,

89 3215 270 3277 acrosticum
283 3216 419 3278 duxerit
429 3214 643 3293 exigendum,
660 3215 700 3276 de
712 3229 777 3292 quc
790 3214 865 3291 ipso
920 3216 1007 3295 quod
1038 3214 1220 3277 intervenit
1242 3215 1329 3275 inter
1351 3213 1522 3275 dominum
1557 3212 1717 3277 Thomam

88 3309 116 3370 et
127 3313 303 3387 quantitate
320 3313 435 3391 ipsius,
452 3312 518 3374 nisi
528 3316 600 3390 jam
615 3312 659 3376 sit
676 3312 864 3383 remissum,
920 3313 980 3375 Dei
1007 3312 1118 3389 gratia
1154 3310 1531 3388 Constantinopolitanae
1559 3311 1718 3375 Ecclesiae

88 3405 142 3468 erit
154 3410 242 3484 prius
256 3411 385 3473 ueritas
399 3409 610 3487 inquirenda.
626 3410 666 3472 nt
680 3424 755 3470 cum
768 3424 868 3471 cons-
920 3409 1146 3488 patriarcham
1171 3408 1205 3471 et
1234 3407 1505 3485 archiepiscopos
1530 3407 1718 3485 Athenien-

88 3500 177 3567 titerit
191 3505 230 3569 de
251 3508 325 3580 illo,
346 3509 380 3569 et
399 3508 583 3585 quantitate
602 3506 721 3583 ipsius,
741 3504 867 3583 inquiri
922 3523 1003 3580 sem,
1018 3507 1262 3580 Larissensem,
1280 3505 1555 3582 Neopatrensem,
1572 3507 1605 3568 et
1626 3506 1719 3584 epis-

88 3597 170 3663 debet
184 3604 416 3676 nihilominus,
436 3605 548 3666 utrum
569 3602 810 3681 possessiones,
835 3601 868 3664 et
921 3621 1021 3684 copos
1045 3603 1135 3665 infra
1157 3600 1340 3679 ponendos,
1359 3603 1393 3664 et
1412 3602 1555 3665 barones
1578 3600 1721 3664 inferius
1765 3640 1769 3649 ,

87 3692 162 3761 bona
173 3716 232 3779 pro
252 3701 373 3781 quibus
394 3701 478 3762 illud
498 3699 636 3763 debetur
654 3699 865 3773 acrosticum,
921 3700 1066 3778 propriis
1082 3698 1274 3761 nominibus
1286 3697 1516 3759 declarandos.
1529 3698 1719 3760 Renuntia-

88 3790 272 3863 deteriorata
291 3798 361 3861 sint
373 3799 509 3877 propter
527 3797 690 3860 malitiam
709 3795 868 3874 temporis
921 3797 1044 3861 verunt
1059 3794 1194 3873 quidem
1210 3792 1336 3855 domini
1357 3792 1504 3853 Nameus
1528 3792 1732 3875 Rofiredus,¹

86 3895 250 3959 sanctiam
273 3895 461 3968 imminuta,
482 3895 515 3958 et
532 3895 630 3973 juxta
649 3893 867 3972 quantitatem
923 3890 1157 3955 conestabulus
1182 3889 1278 3966 regni
1301 3888 1547 3964 Thessalonici3
1571 3890 1645 3953 otto
1676 3888 1718 3953 de

86 3985 342 4057 defenerationis
375 3991 429 4054 vel
465 3991 698 4056 diminutionis
731 3989 868 4053 illorum
922 3989 1068 4062 Roccba,
1082 3986 1236 4050 domiuus
1253 3986 1480 4060 Athenarum
1504 3986 1610 4049 Guido
1629 4002 1722 4049 mar-

87 4090 272 4155 acmsticum
288 4105 350 4169 pro
366 4089 435 4151 illis
448 4089 594 4152 debitum
609 4088 796 4162 minuatur;
812 4102 870 4150 re·
923 4087 1017 4163 chio;
1044 4089 1212 4158 Ravanus,
1236 4083 1390 4146 dominus
1406 4082 1525 4145 insulae
1545 4080 1722 4163 Nigripon·

86 4178 174 4260 litluis
191 4187 227 4249 in
242 4203 305 4250 suo
323 4186 443 4248 robore
458 4184 710 4250 remanentibus
731 4183 767 4247 in
782 4200 870 4262 prae-
922 4184 984 4259 tis;
1020 4182 1208 4262 Raynerius'
1240 4181 1281 4243 de
1311 4178 1445 4253 Traval,
1469 4178 1659 4243 albertinus
1681 4180 1722 4244 de

87 4276 162 4345 dicta
183 4284 413 4362 resignatione
439 4283 616 4346 Ravenicaa
642 4297 683 4345 ac
709 4280 869 4360 praedicto
924 4283 1065 4353 canosa,
1097 4278 1241 4341 Thomas
1275 4276 1316 4339 de
1350 4276 1579 4350 stromomort,
1610 4293 1722 4341 comes

86 4379 227 4444 mandato
246 4380 439 4461 apostolico
457 4378 717 4457 comprehensis,
738 4394 870 4440 necnon
924 4377 1113 4446 Bertuldus‚
1129 4373 1288 4437 Nicotaus
1303 4374 1344 4436 de
1366 4373 1610 4449 Sancto-Omer,
1632 4375 1722 4438 Guil-

86 4472 115 4536 at
136 4476 324 4555 privilagio,
352 4476 438 4554 quod
466 4490 567 4555 super
590 4474 809 4537 ecclesiarum
838 4476 872 4535 ct
924 4475 1044 4538 lelmus
1065 4474 1106 4534 de
1128 4471 1255 4544 Blanel,
1275 4470 1470 4533 Guillelmus
1493 4469 1534 4533 de
1552 4472 1638 4534 Arsa
1657 4490 1718 4552 pro

85 4569 273 4635 clericorum
285 4571 496 4637 libertatibus
511 4571 700 4635 voluntarie
715 4570 870 4648 princeps
925 4588 962 4634 se
984 4573 1018 4634 et
1040 4569 1230 4634 hominibus
1254 4566 1325 4629 suis
1348 4569 1381 4630 et
1403 4566 1556 4631 fidelibus
1580 4571 1613 4633 et
1636 4586 1718 4631 vas-

85 4665 148 4744 ipse
164 4671 344 4735 concessit.
366 4673 441 4748 lpse
461 4684 602 4747 quoque,
624 4683 663 4730 ac
685 4668 738 4729 sui
755 4669 789 4730 et
807 4666 869 4739 illi,
926 4669 1031 4741 saliis,
1057 4668 1093 4729 in
1123 4664 1276 4728 manibus
1302 4664 1484 4744 supradicti
1504 4666 1630 4727 domiui
1658 4682 1720 4744 pa-

85 4766 194 4842 quibus
220 4768 263 4832 de
287 4783 374 4832 novo
397 4766 488 4830 terra
515 4765 647 4828 dabitur
667 4764 721 4828 vel
746 4763 869 4838 baliva,
925 4759 1083 4828 triarchae
1110 4761 1302 4840 recipientis
1328 4776 1387 4839 pro
1411 4763 1560 4824 Ecclesia
1586 4764 1721 4826 nomine

82 4878 188 4939 pacem
199 4866 433 4946 praescriptam
445 4877 582 4927 servare
595 4862 683 4924 bona
696 4859 760 4923 fide
768 4863 870 4939 jnra-
926 4862 1052 4925 domini
1079 4877 1172 4939 papae
1196 4859 1230 4922 et
1256 4874 1317 4920 suo
1341 4859 1376 4921 et
1394 4857 1721 4938 archiepiscoporum

83 4957 167 5037 bunt,
187 4980 228 5027 ac
248 4964 366 5026 contra
386 4963 494 5039 ipsam
514 4960 648 5039 penitus
662 4974 729 5020 non
743 4959 871 5021 venire.
927 4961 960 5022 et
982 4959 1213 5037 episcoporum
1238 4956 1325 5017 infra
1349 4956 1455 5018 dictos
1477 4957 1636 5018 terminos
1655 4972 1719 5034 po-

85 5058 217 5133 Quodsi
237 5061 348 5123 eidem
366 5058 512 5138 principi
531 5057 585 5120 vel
607 5055 677 5118 suis
698 5056 872 5135 quisquam
927 5057 1068 5119 sitorum
1087 5055 1120 5117 et
1139 5054 1358 5116 ecclesiarum
1380 5054 1585 5126 cunctarum,
1605 5069 1720 5116 omnes

85 5155 245 5234 subjectus
259 5157 494 5222 contravenire
508 5153 768 5234 praesumpserit,
784 5154 817 5215 et
831 5152 872 5214 ob
928 5151 1088 5215 ecclesias
1107 5152 1141 5214 et
1161 5145 1374 5224 monasteria,
1396 5149 1637 5227 possessiones,
1648 5151 1721 5213 red·

83 5248 269 5334 hoclaqueo
279 5252 632 5317 excommunicationis
641 5250 874 5328 ligatussuper
928 5248 1029 5324 ditus,
1055 5248 1194 5311 mobilia
1214 5248 1247 5311 et
1268 5246 1450 5311 immobilia
1474 5246 1572 5320 bona,
1589 5249 1622 5310 et
1641 5247 1721 5310 uni·

83 5363 190 5414 eonon
201 5350 408 5416 satisfecerit
418 5349 507 5412 infra
517 5364 653 5420 annum,
668 5346 775 5410 dictus
785 5347 875 5425 prin·
927 5363 1026 5411 versa
1049 5349 1129 5426 jnra
1155 5340 1313 5408 Ecclesiae
1336 5342 1407 5417 Dei,
1428 5342 1578 5407 volentes
1603 5345 1637 5406 et
1659 5346 1722 5406 ilr-

83 5459 155 5526 ceps
177 5450 233 5529 rel
254 5450 325 5522 ille,
343 5448 399 5512 cui
417 5447 567 5510 noscitur
585 5442 775 5507 immediate
794 5443 874 5506 sub-
928 5443 1077 5507 missime
1103 5431 1332 5522 promittentes
1360 5440 1465 5502 dietas
1502 5440 1662 5503 ecclesias
1679 5444 1723 5507 ·et

83 5559 150 5607 esse
189 5546 369 5623 compellet
404 5545 445 5606 ad
484 5542 745 5605 satisfactionem
778 5557 872 5603 com·
928 5544 1141 5615 monasteria,
1163 5556 1237 5603 cum
1260 5538 1412 5601 omnibus
1436 5537 1536 5599 rebus
1565 5540 1636 5603 suis
1656 5541 1721 5611 ha-
