<?xml version="1.0" encoding="UTF-8"?>
<!DOCTYPE html PUBLIC "-//W3C//DTD XHTML 1.0 Transitional//EN"
    "http://www.w3.org/TR/xhtml1/DTD/xhtml1-transitional.dtd">
<html xmlns="http://www.w3.org/1999/xhtml" xml:lang="en" lang="en">
 <head>
  <title>
</title>
<meta http-equiv="Content-Type" content="text/html;charset=utf-8" />
  <meta name='ocr-system' content='tesseract 3.04.00' />
  <meta name='ocr-capabilities' content='ocr_page ocr_carea ocr_par ocr_line ocrx_word'/>
</head>
<body>
  <div class='ocr_page' id='page_1' title='image "./mediiaevibiblio04bottgoog_0097.png"; bbox 0 0 4014 6224; ppageno 0'>
   <div class='ocr_carea' id='block_1_1' title="bbox 226 283 1997 351">
    <p class='ocr_par' dir='ltr' id='par_1_1' title="bbox 226 283 1997 351">
     <span class='ocr_line' id='line_1_1' title="bbox 226 283 1997 351; baseline 0.005 -8"><span class='ocrx_word' id='word_1_1' title='bbox 226 283 284 344; x_wconf 81' lang='lat'><strong>163</strong></span> <span class='ocrx_word' id='word_1_2' title='bbox 842 284 1019 347; x_wconf 79' lang='lat' dir='ltr'><strong>Houoan</strong></span> <span class='ocrx_word' id='word_1_3' title='bbox 1041 287 1086 347; x_wconf 92' lang='lat'><strong>111</strong></span> <span class='ocrx_word' id='word_1_4' title='bbox 1108 287 1256 351; x_wconf 75' lang='lat' dir='ltr'><strong>OPERA.</strong></span> <span class='ocrx_word' id='word_1_5' title='bbox 1812 290 1870 351; x_wconf 73' lang='lat' dir='ltr'><strong>loo</strong></span> <span class='ocrx_word' id='word_1_6' title='bbox 1996 312 1997 321; x_wconf 55' lang='lat'>¹</span> 
     </span>
    </p>
   </div>
   <div class='ocr_carea' id='block_1_2' title="bbox 226 441 1871 622">
    <p class='ocr_par' dir='ltr' id='par_1_2' title="bbox 226 441 1871 622">
     <span class='ocr_line' id='line_1_2' title="bbox 265 441 1871 535; baseline 0.004 -31"><span class='ocrx_word' id='word_1_7' title='bbox 265 441 469 519; x_wconf 85' lang='lat' dir='ltr'><strong>Religiosam</strong></span> <span class='ocrx_word' id='word_1_8' title='bbox 497 443 598 535; x_wconf 71' lang='lat' dir='ltr'><strong>vitam</strong></span> <span class='ocrx_word' id='word_1_9' title='bbox 624 442 826 520; x_wconf 74' lang='lat' dir='ltr'>eligentibus</span> <span class='ocrx_word' id='word_1_10' title='bbox 848 445 1019 521; x_wconf 83' lang='lat' dir='ltr'><strong>Apostoli·</strong></span> <span class='ocrx_word' id='word_1_11' title='bbox 1074 445 1226 520; x_wconf 87' lang='lat' dir='ltr'><strong>inferius,</strong></span> <span class='ocrx_word' id='word_1_12' title='bbox 1257 446 1417 523; x_wconf 81' lang='lat' dir='ltr'><strong>pralium</strong></span> <span class='ocrx_word' id='word_1_13' title='bbox 1445 447 1480 506; x_wconf 92' lang='lat' dir='ltr'><strong>in</strong></span> <span class='ocrx_word' id='word_1_14' title='bbox 1508 447 1637 515; x_wconf 80' lang='lat' dir='ltr'><strong>Seiana,</strong></span> <span class='ocrx_word' id='word_1_15' title='bbox 1654 447 1871 523; x_wconf 83' lang='lat' dir='ltr'><strong>praediumiu</strong></span> 
     </span>
     <span class='ocr_line' id='line_1_3' title="bbox 226 540 1869 622; baseline 0.004 -23"><span class='ocrx_word' id='word_1_16' title='bbox 226 555 301 600; x_wconf 91' lang='lat' dir='ltr'><strong>cum</strong></span> <span class='ocrx_word' id='word_1_17' title='bbox 329 541 484 602; x_wconf 89' lang='lat' dir='ltr'><strong>convenit</strong></span> <span class='ocrx_word' id='word_1_18' title='bbox 511 540 628 602; x_wconf 89' lang='lat' dir='ltr'><strong>adesse</strong></span> <span class='ocrx_word' id='word_1_19' title='bbox 652 540 856 618; x_wconf 70' lang='lat' dir='ltr'><strong>praesidium,</strong></span> <span class='ocrx_word' id='word_1_20' title='bbox 879 557 921 603; x_wconf 92' lang='lat' dir='ltr'><strong>ne</strong></span> <span class='ocrx_word' id='word_1_21' title='bbox 936 541 1020 605; x_wconf 89' lang='lat' dir='ltr'><strong>forte</strong></span> <span class='ocrx_word' id='word_1_22' title='bbox 1075 544 1268 620; x_wconf 86' lang='lat' dir='ltr'><strong>Silvaplana</strong></span> <span class='ocrx_word' id='word_1_23' title='bbox 1282 560 1358 605; x_wconf 89' lang='lat' dir='ltr'><strong>cum</strong></span> <span class='ocrx_word' id='word_1_24' title='bbox 1380 544 1518 606; x_wconf 79' lang='lat' dir='ltr'><strong>decimis</strong></span> <span class='ocrx_word' id='word_1_25' title='bbox 1534 566 1543 605; x_wconf 70' lang='grc' dir='ltr'><strong><em>ε</em></strong></span> <span class='ocrx_word' id='word_1_26' title='bbox 1559 545 1720 622; x_wconf 78' lang='lat' dir='ltr'><strong>praedium</strong></span> <span class='ocrx_word' id='word_1_27' title='bbox 1736 544 1771 605; x_wconf 92' lang='lat' dir='ltr'><strong>in</strong></span> <span class='ocrx_word' id='word_1_28' title='bbox 1784 546 1869 607; x_wconf 71' lang='lat' dir='ltr'><strong>Flu-</strong></span> 
     </span>
    </p>
   </div>
   <div class='ocr_carea' id='block_1_3' title="bbox 227 636 1997 719">
    <p class='ocr_par' dir='ltr' id='par_1_3' title="bbox 227 636 1997 719">
     <span class='ocr_line' id='line_1_4' title="bbox 227 636 1997 719; baseline 0.003 -21"><span class='ocrx_word' id='word_1_29' title='bbox 227 636 404 714; x_wconf 90' lang='lat' dir='ltr'><strong>cujuslibet</strong></span> <span class='ocrx_word' id='word_1_30' title='bbox 427 638 624 700; x_wconf 89' lang='lat' dir='ltr'><strong>temeritatis</strong></span> <span class='ocrx_word' id='word_1_31' title='bbox 652 640 893 710; x_wconf 74' lang='lat' dir='ltr'><strong>incursasset</strong></span> <span class='ocrx_word' id='word_1_32' title='bbox 916 655 1020 702; x_wconf 87' lang='lat' dir='ltr'><strong>eosa</strong></span> <span class='ocrx_word' id='word_1_33' title='bbox 1074 657 1200 710; x_wconf 89' lang='lat' dir='ltr'><strong>menes,</strong></span> <span class='ocrx_word' id='word_1_34' title='bbox 1216 641 1376 717; x_wconf 82' lang='lat' dir='ltr'><strong>praedium</strong></span> <span class='ocrx_word' id='word_1_35' title='bbox 1397 642 1432 703; x_wconf 88' lang='lat' dir='ltr'><strong>in</strong></span> <span class='ocrx_word' id='word_1_36' title='bbox 1455 642 1634 713; x_wconf 77' lang='lat' dir='ltr'><strong>sorellum,</strong></span> <span class='ocrx_word' id='word_1_37' title='bbox 1655 642 1870 719; x_wconf 87' lang='lat' dir='ltr'><strong>praediumin</strong></span> <span class='ocrx_word' id='word_1_38' title='bbox 1996 650 1997 659; x_wconf 77' lang='grc'>’</span> 
     </span>
    </p>
   </div>
   <div class='ocr_carea' id='block_1_4' title="bbox 223 735 1873 2374">
    <p class='ocr_par' dir='ltr' id='par_1_4' title="bbox 223 735 1873 2374">
     <span class='ocr_line' id='line_1_5' title="bbox 225 735 1870 816; baseline 0.004 -21"><span class='ocrx_word' id='word_1_39' title='bbox 225 735 394 812; x_wconf 88' lang='lat' dir='ltr'><strong>proposito</strong></span> <span class='ocrx_word' id='word_1_40' title='bbox 423 738 566 807; x_wconf 87' lang='lat' dir='ltr'><strong>revocet,</strong></span> <span class='ocrx_word' id='word_1_41' title='bbox 593 737 651 798; x_wconf 90' lang='lat' dir='ltr'><strong>aut</strong></span> <span class='ocrx_word' id='word_1_42' title='bbox 677 736 790 808; x_wconf 89' lang='lat' dir='ltr'><strong>robur,</strong></span> <span class='ocrx_word' id='word_1_43' title='bbox 814 737 900 813; x_wconf 84' lang='lat' dir='ltr'><strong>quod</strong></span> <span class='ocrx_word' id='word_1_44' title='bbox 921 737 1018 809; x_wconf 90' lang='lat' dir='ltr'><strong>absit,</strong></span> <span class='ocrx_word' id='word_1_45' title='bbox 1075 738 1245 814; x_wconf 83' lang='lat' dir='ltr'><strong>Gisingen,</strong></span> <span class='ocrx_word' id='word_1_46' title='bbox 1262 739 1470 815; x_wconf 84' lang='lat' dir='ltr'><strong>praediumin</strong></span> <span class='ocrx_word' id='word_1_47' title='bbox 1489 740 1625 810; x_wconf 81' lang='lat' dir='ltr'><strong>Sinden,</strong></span> <span class='ocrx_word' id='word_1_48' title='bbox 1648 740 1812 816; x_wconf 75' lang='lat' dir='ltr'><strong>predium</strong></span> <span class='ocrx_word' id='word_1_49' title='bbox 1834 741 1870 802; x_wconf 91' lang='lat' dir='ltr'><strong>in</strong></span> 
     </span>
     <span class='ocr_line' id='line_1_6' title="bbox 226 832 1871 913; baseline 0.004 -20"><span class='ocrx_word' id='word_1_50' title='bbox 226 846 330 893; x_wconf 86' lang='lat' dir='ltr'><strong>sacrae</strong></span> <span class='ocrx_word' id='word_1_51' title='bbox 343 832 516 906; x_wconf 82' lang='lat' dir='ltr'><strong>religionis</strong></span> <span class='ocrx_word' id='word_1_52' title='bbox 539 833 710 910; x_wconf 77' lang='lat' dir='ltr'><strong>infringat.</strong></span> <span class='ocrx_word' id='word_1_53' title='bbox 727 836 897 911; x_wconf 85' lang='lat' dir='ltr'><strong>Eaproter,</strong></span> <span class='ocrx_word' id='word_1_54' title='bbox 907 834 1020 896; x_wconf 90' lang='lat' dir='ltr'><strong>dilecti</strong></span> <span class='ocrx_word' id='word_1_55' title='bbox 1075 836 1237 907; x_wconf 74' lang='lat' dir='ltr'><strong>Runlrals,</strong></span> <span class='ocrx_word' id='word_1_56' title='bbox 1252 837 1413 913; x_wconf 86' lang='lat' dir='ltr'><strong>praedium</strong></span> <span class='ocrx_word' id='word_1_57' title='bbox 1428 837 1463 898; x_wconf 91' lang='lat' dir='ltr'><strong>in</strong></span> <span class='ocrx_word' id='word_1_58' title='bbox 1479 837 1643 909; x_wconf 86' lang='lat' dir='ltr'><strong>Satanies,</strong></span> <span class='ocrx_word' id='word_1_59' title='bbox 1659 837 1871 913; x_wconf 84' lang='lat' dir='ltr'><strong>praediumin</strong></span> 
     </span>
     <span class='ocr_line' id='line_1_7' title="bbox 225 928 1871 1012; baseline 0.004 -23"><span class='ocrx_word' id='word_1_60' title='bbox 225 929 261 989; x_wconf 91' lang='lat' dir='ltr'><strong>in</strong></span> <span class='ocrx_word' id='word_1_61' title='bbox 276 928 415 989; x_wconf 85' lang='lat' dir='ltr'><strong>Domino</strong></span> <span class='ocrx_word' id='word_1_62' title='bbox 431 928 503 1001; x_wconf 89' lang='lat' dir='ltr'><strong>lilii,</strong></span> <span class='ocrx_word' id='word_1_63' title='bbox 525 931 647 993; x_wconf 85' lang='lat' dir='ltr'><strong>restris</strong></span> <span class='ocrx_word' id='word_1_64' title='bbox 662 932 764 1008; x_wconf 83' lang='lat' dir='ltr'><strong>justis</strong></span> <span class='ocrx_word' id='word_1_65' title='bbox 786 931 1022 1007; x_wconf 89' lang='lat' dir='ltr'><strong>postulationi·</strong></span> <span class='ocrx_word' id='word_1_66' title='bbox 1074 934 1267 1006; x_wconf 86' lang='lat' dir='ltr'><strong>Nizzuders,</strong></span> <span class='ocrx_word' id='word_1_67' title='bbox 1285 935 1445 1010; x_wconf 90' lang='lat' dir='ltr'><strong>praedium</strong></span> <span class='ocrx_word' id='word_1_68' title='bbox 1459 936 1495 996; x_wconf 90' lang='lat' dir='ltr'><strong>in</strong></span> <span class='ocrx_word' id='word_1_69' title='bbox 1512 937 1625 1006; x_wconf 88' lang='lat' dir='ltr'><strong>Lutra,</strong></span> <span class='ocrx_word' id='word_1_70' title='bbox 1649 934 1812 1012; x_wconf 84' lang='lat' dir='ltr'><strong>praedium</strong></span> <span class='ocrx_word' id='word_1_71' title='bbox 1833 935 1871 996; x_wconf 89' lang='lat' dir='ltr'><strong>in</strong></span> 
     </span>
     <span class='ocr_line' id='line_1_8' title="bbox 225 1024 1871 1109; baseline 0.006 -25"><span class='ocrx_word' id='word_1_72' title='bbox 225 1024 657 1091; x_wconf 88' lang='lat' dir='ltr'><strong>busclementerannuimus</strong></span> <span class='ocrx_word' id='word_1_73' title='bbox 664 1032 697 1091; x_wconf 89' lang='lat' dir='ltr'><strong>et</strong></span> <span class='ocrx_word' id='word_1_74' title='bbox 704 1029 879 1090; x_wconf 88' lang='lat' dir='ltr'><strong>ecclesiam</strong></span> <span class='ocrx_word' id='word_1_75' title='bbox 891 1031 1020 1091; x_wconf 78' lang='lat' dir='ltr'><strong>Sanctae</strong></span> <span class='ocrx_word' id='word_1_76' title='bbox 1074 1031 1245 1107; x_wconf 78' lang='lat' dir='ltr'><strong>trespach,</strong></span> <span class='ocrx_word' id='word_1_77' title='bbox 1260 1031 1465 1108; x_wconf 77' lang='lat' dir='ltr'><strong>praediumin</strong></span> <span class='ocrx_word' id='word_1_78' title='bbox 1476 1032 1690 1107; x_wconf 89' lang='lat' dir='ltr'><strong>Bogelingen,</strong></span> <span class='ocrx_word' id='word_1_79' title='bbox 1706 1032 1871 1109; x_wconf 70' lang='lat' dir='ltr'><strong>praedium</strong></span> 
     </span>
     <span class='ocr_line' id='line_1_9' title="bbox 224 1122 1872 1206; baseline 0.005 -22"><span class='ocrx_word' id='word_1_80' title='bbox 224 1122 341 1185; x_wconf 78' lang='lat' dir='ltr'><strong>Mariae</strong></span> <span class='ocrx_word' id='word_1_81' title='bbox 364 1124 405 1184; x_wconf 93' lang='lat' dir='ltr'><strong>de</strong></span> <span class='ocrx_word' id='word_1_82' title='bbox 429 1125 635 1198; x_wconf 86' lang='lat' dir='ltr'><strong>Gurewalde,</strong></span> <span class='ocrx_word' id='word_1_83' title='bbox 665 1126 700 1187; x_wconf 93' lang='lat' dir='ltr'><strong>in</strong></span> <span class='ocrx_word' id='word_1_84' title='bbox 722 1140 787 1203; x_wconf 88' lang='lat' dir='ltr'><strong>qua</strong></span> <span class='ocrx_word' id='word_1_85' title='bbox 802 1126 917 1188; x_wconf 82' lang='lat' dir='ltr'><strong>divino</strong></span> <span class='ocrx_word' id='word_1_86' title='bbox 940 1126 1021 1188; x_wconf 89' lang='lat' dir='ltr'><strong>estis</strong></span> <span class='ocrx_word' id='word_1_87' title='bbox 1076 1129 1110 1189; x_wconf 89' lang='lat' dir='ltr'><strong>in</strong></span> <span class='ocrx_word' id='word_1_88' title='bbox 1135 1128 1297 1200; x_wconf 77' lang='lat' dir='ltr'><strong>Romule,</strong></span> <span class='ocrx_word' id='word_1_89' title='bbox 1321 1129 1528 1206; x_wconf 83' lang='lat' dir='ltr'><strong>praediumin</strong></span> <span class='ocrx_word' id='word_1_90' title='bbox 1543 1129 1757 1201; x_wconf 87' lang='lat' dir='ltr'><strong>Viscebrane,</strong></span> <span class='ocrx_word' id='word_1_91' title='bbox 1782 1145 1872 1206; x_wconf 79' lang='lat' dir='ltr'><strong>prae-</strong></span> 
     </span>
     <span class='ocr_line' id='line_1_10' title="bbox 225 1217 1871 1305; baseline 0.006 -26"><span class='ocrx_word' id='word_1_92' title='bbox 225 1217 1021 1298; x_wconf 88' lang='lat' dir='ltr'><strong>obsequiomancipati,subbeatiPetrietnostra</strong></span> <span class='ocrx_word' id='word_1_93' title='bbox 1074 1224 1165 1287; x_wconf 89' lang='lat' dir='ltr'><strong>dium</strong></span> <span class='ocrx_word' id='word_1_94' title='bbox 1177 1226 1871 1305; x_wconf 78' lang='lat' dir='ltr'><strong>lnGasenasce,praediuminFenure,pr&#39;ae·</strong></span> 
     </span>
     <span class='ocr_line' id='line_1_11' title="bbox 224 1318 1865 1402; baseline 0.009 -26"><span class='ocrx_word' id='word_1_95' title='bbox 224 1318 429 1394; x_wconf 87' lang='lat' dir='ltr'><strong>protectione</strong></span> <span class='ocrx_word' id='word_1_96' title='bbox 444 1320 656 1396; x_wconf 84' lang='lat' dir='ltr'><strong>suscipimus,</strong></span> <span class='ocrx_word' id='word_1_97' title='bbox 671 1321 703 1381; x_wconf 90' lang='lat' dir='ltr'><strong>et</strong></span> <span class='ocrx_word' id='word_1_98' title='bbox 714 1321 889 1397; x_wconf 85' lang='lat' dir='ltr'><strong>praesentis</strong></span> <span class='ocrx_word' id='word_1_99' title='bbox 905 1320 1020 1398; x_wconf 91' lang='lat' dir='ltr'><strong>scripti</strong></span> <span class='ocrx_word' id='word_1_100' title='bbox 1075 1324 1165 1385; x_wconf 90' lang='lat' dir='ltr'><strong>dium</strong></span> <span class='ocrx_word' id='word_1_101' title='bbox 1181 1325 1216 1386; x_wconf 88' lang='lat' dir='ltr'><strong>in</strong></span> <span class='ocrx_word' id='word_1_102' title='bbox 1226 1325 1440 1395; x_wconf 78' lang='lat' dir='ltr'><strong>Aurenzoles,</strong></span> <span class='ocrx_word' id='word_1_103' title='bbox 1453 1325 1615 1402; x_wconf 85' lang='lat' dir='ltr'><strong>praedium</strong></span> <span class='ocrx_word' id='word_1_104' title='bbox 1625 1324 1660 1384; x_wconf 91' lang='lat' dir='ltr'><strong>in</strong></span> <span class='ocrx_word' id='word_1_105' title='bbox 1671 1327 1865 1401; x_wconf 70' lang='lat' dir='ltr'><strong>Campesus,</strong></span> 
     </span>
     <span class='ocr_line' id='line_1_12' title="bbox 224 1415 1869 1498; baseline 0.007 -25"><span class='ocrx_word' id='word_1_106' title='bbox 224 1415 663 1491; x_wconf 80' lang='lat' dir='ltr'><strong>privilegiocommunimus,</strong></span> <span class='ocrx_word' id='word_1_107' title='bbox 675 1416 838 1495; x_wconf 89' lang='lat' dir='ltr'><strong>inprimis</strong></span> <span class='ocrx_word' id='word_1_108' title='bbox 858 1418 1020 1496; x_wconf 90' lang='lat' dir='ltr'><strong>siquidem</strong></span> <span class='ocrx_word' id='word_1_109' title='bbox 1075 1422 1235 1497; x_wconf 79' lang='lat' dir='ltr'><strong>praedium</strong></span> <span class='ocrx_word' id='word_1_110' title='bbox 1255 1423 1292 1483; x_wconf 89' lang='lat' dir='ltr'><strong>in</strong></span> <span class='ocrx_word' id='word_1_111' title='bbox 1319 1423 1445 1495; x_wconf 86' lang='lat' dir='ltr'><strong>Postes,</strong></span> <span class='ocrx_word' id='word_1_112' title='bbox 1467 1422 1629 1498; x_wconf 84' lang='lat' dir='ltr'><strong>praedium</strong></span> <span class='ocrx_word' id='word_1_113' title='bbox 1655 1423 1691 1482; x_wconf 89' lang='lat' dir='ltr'><strong>in</strong></span> <span class='ocrx_word' id='word_1_114' title='bbox 1715 1423 1869 1496; x_wconf 81' lang='lat' dir='ltr'><strong>Straton,</strong></span> 
     </span>
     <span class='ocr_line' id='line_1_13' title="bbox 226 1511 1872 1596; baseline 0.005 -23"><span class='ocrx_word' id='word_1_115' title='bbox 226 1511 408 1575; x_wconf 80' lang='lat' dir='ltr'><strong>statuentes</strong></span> <span class='ocrx_word' id='word_1_116' title='bbox 420 1514 456 1575; x_wconf 91' lang='lat' dir='ltr'><strong>ut</strong></span> <span class='ocrx_word' id='word_1_117' title='bbox 467 1513 547 1575; x_wconf 91' lang='lat' dir='ltr'><strong>ordo</strong></span> <span class='ocrx_word' id='word_1_118' title='bbox 561 1515 753 1586; x_wconf 87' lang='lat' dir='ltr'><strong>canonicus,</strong></span> <span class='ocrx_word' id='word_1_119' title='bbox 767 1515 824 1591; x_wconf 84' lang='lat' dir='ltr'><strong>qui</strong></span> <span class='ocrx_word' id='word_1_120' title='bbox 840 1515 1020 1577; x_wconf 89' lang='lat' dir='ltr'><strong>secundum</strong></span> <span class='ocrx_word' id='word_1_121' title='bbox 1075 1519 1236 1596; x_wconf 90' lang='lat' dir='ltr'><strong>praedium</strong></span> <span class='ocrx_word' id='word_1_122' title='bbox 1251 1520 1285 1581; x_wconf 91' lang='lat' dir='ltr'><strong>in</strong></span> <span class='ocrx_word' id='word_1_123' title='bbox 1300 1519 1516 1592; x_wconf 86' lang='lat' dir='ltr'><strong>Valzelaires,</strong></span> <span class='ocrx_word' id='word_1_124' title='bbox 1530 1519 1692 1596; x_wconf 73' lang='lat' dir='ltr'><strong>praedium</strong></span> <span class='ocrx_word' id='word_1_125' title='bbox 1706 1519 1743 1580; x_wconf 92' lang='lat' dir='ltr'><strong>in</strong></span> <span class='ocrx_word' id='word_1_126' title='bbox 1757 1520 1872 1581; x_wconf 83' lang='lat' dir='ltr'><strong>Scira-</strong></span> 
     </span>
     <span class='ocr_line' id='line_1_14' title="bbox 226 1608 1872 1693; baseline 0.005 -23"><span class='ocrx_word' id='word_1_127' title='bbox 226 1611 329 1671; x_wconf 89' lang='lat' dir='ltr'><strong>Deum</strong></span> <span class='ocrx_word' id='word_1_128' title='bbox 351 1611 383 1671; x_wconf 90' lang='lat' dir='ltr'><strong>et</strong></span> <span class='ocrx_word' id='word_1_129' title='bbox 393 1608 482 1671; x_wconf 91' lang='lat' dir='ltr'><strong>beati</strong></span> <span class='ocrx_word' id='word_1_130' title='bbox 492 1612 668 1688; x_wconf 82' lang='lat' dir='ltr'><strong>Arrgustini</strong></span> <span class='ocrx_word' id='word_1_131' title='bbox 682 1613 832 1690; x_wconf 86' lang='lat' dir='ltr'><strong>regulam</strong></span> <span class='ocrx_word' id='word_1_132' title='bbox 844 1614 942 1690; x_wconf 73' lang='lat' dir='ltr'><strong>aigne</strong></span> <span class='ocrx_word' id='word_1_133' title='bbox 951 1612 1022 1673; x_wconf 91' lang='lat' dir='ltr'><strong>ins·</strong></span> <span class='ocrx_word' id='word_1_134' title='bbox 1075 1631 1185 1689; x_wconf 88' lang='lat' dir='ltr'><strong>cenes,</strong></span> <span class='ocrx_word' id='word_1_135' title='bbox 1213 1617 1373 1693; x_wconf 84' lang='lat' dir='ltr'><strong>praedium</strong></span> <span class='ocrx_word' id='word_1_136' title='bbox 1399 1617 1440 1678; x_wconf 90' lang='lat' dir='ltr'><strong>ad</strong></span> <span class='ocrx_word' id='word_1_137' title='bbox 1466 1616 1641 1688; x_wconf 88' lang='lat' dir='ltr'><strong>Naledars,</strong></span> <span class='ocrx_word' id='word_1_138' title='bbox 1658 1617 1872 1693; x_wconf 80' lang='lat' dir='ltr'><strong>praediumin</strong></span> 
     </span>
     <span class='ocr_line' id='line_1_15' title="bbox 227 1704 1867 1791; baseline 0.005 -23"><span class='ocrx_word' id='word_1_139' title='bbox 227 1704 414 1769; x_wconf 89' lang='lat' dir='ltr'><strong>titutionem</strong></span> <span class='ocrx_word' id='word_1_140' title='bbox 437 1710 807 1772; x_wconf 75' lang='lat' dir='ltr'><strong>praemonstratensium</strong></span> <span class='ocrx_word' id='word_1_141' title='bbox 823 1710 965 1772; x_wconf 77' lang='lat' dir='ltr'><strong>fratrum</strong></span> <span class='ocrx_word' id='word_1_142' title='bbox 986 1711 1021 1770; x_wconf 92' lang='lat' dir='ltr'><strong>in</strong></span> <span class='ocrx_word' id='word_1_143' title='bbox 1075 1715 1277 1786; x_wconf 88' lang='lat' dir='ltr'><strong>Lummines,</strong></span> <span class='ocrx_word' id='word_1_144' title='bbox 1303 1730 1378 1775; x_wconf 90' lang='lat' dir='ltr'><strong>cnm</strong></span> <span class='ocrx_word' id='word_1_145' title='bbox 1396 1714 1513 1791; x_wconf 89' lang='lat' dir='ltr'><strong>pratis,</strong></span> <span class='ocrx_word' id='word_1_146' title='bbox 1533 1715 1653 1785; x_wconf 80' lang='lat' dir='ltr'><strong>vineis,</strong></span> <span class='ocrx_word' id='word_1_147' title='bbox 1669 1716 1783 1786; x_wconf 87' lang='lat' dir='ltr'><strong>terris,</strong></span> <span class='ocrx_word' id='word_1_148' title='bbox 1801 1730 1867 1776; x_wconf 87' lang='lat' dir='ltr'><strong>ne·</strong></span> 
     </span>
     <span class='ocr_line' id='line_1_16' title="bbox 225 1803 1873 1889; baseline 0.006 -25"><span class='ocrx_word' id='word_1_149' title='bbox 225 1803 340 1865; x_wconf 90' lang='lat' dir='ltr'><strong>eodem</strong></span> <span class='ocrx_word' id='word_1_150' title='bbox 355 1805 428 1866; x_wconf 93' lang='lat' dir='ltr'><strong>loco</strong></span> <span class='ocrx_word' id='word_1_151' title='bbox 441 1806 610 1868; x_wconf 91' lang='lat' dir='ltr'><strong>institutus</strong></span> <span class='ocrx_word' id='word_1_152' title='bbox 625 1823 698 1868; x_wconf 89' lang='lat' dir='ltr'><strong>esse</strong></span> <span class='ocrx_word' id='word_1_153' title='bbox 713 1807 929 1884; x_wconf 81' lang='lat' dir='ltr'><strong>dignoscitur,</strong></span> <span class='ocrx_word' id='word_1_154' title='bbox 943 1822 1022 1885; x_wconf 89' lang='lat' dir='ltr'><strong>per·</strong></span> <span class='ocrx_word' id='word_1_155' title='bbox 1075 1811 1236 1884; x_wconf 88' lang='lat' dir='ltr'><strong>moribus,</strong></span> <span class='ocrx_word' id='word_1_156' title='bbox 1252 1812 1415 1888; x_wconf 86' lang='lat' dir='ltr'><strong>usuagiis,</strong></span> <span class='ocrx_word' id='word_1_157' title='bbox 1437 1813 1470 1873; x_wconf 87' lang='lat' dir='ltr'><strong>et</strong></span> <span class='ocrx_word' id='word_1_158' title='bbox 1493 1813 1637 1889; x_wconf 89' lang='lat' dir='ltr'><strong>pascuis,</strong></span> <span class='ocrx_word' id='word_1_159' title='bbox 1656 1812 1691 1872; x_wconf 89' lang='lat' dir='ltr'><strong>in</strong></span> <span class='ocrx_word' id='word_1_160' title='bbox 1705 1811 1823 1884; x_wconf 90' lang='lat' dir='ltr'><strong>bosco,</strong></span> <span class='ocrx_word' id='word_1_161' title='bbox 1837 1812 1873 1875; x_wconf 86' lang='lat' dir='ltr'><strong>et</strong></span> 
     </span>
     <span class='ocr_line' id='line_1_17' title="bbox 223 1900 1873 1987; baseline 0.007 -26"><span class='ocrx_word' id='word_1_162' title='bbox 223 1900 332 1978; x_wconf 90' lang='lat' dir='ltr'><strong>petuis</strong></span> <span class='ocrx_word' id='word_1_163' title='bbox 346 1900 469 1965; x_wconf 87' lang='lat' dir='ltr'><strong>ibidem</strong></span> <span class='ocrx_word' id='word_1_164' title='bbox 483 1904 689 1981; x_wconf 82' lang='lat' dir='ltr'><strong>temporibus</strong></span> <span class='ocrx_word' id='word_1_165' title='bbox 701 1906 942 1968; x_wconf 83' lang='lat' dir='ltr'><strong>inviolabiliter</strong></span> <span class='ocrx_word' id='word_1_166' title='bbox 961 1905 1022 1967; x_wconf 95' lang='lat' dir='ltr'><strong>ob-</strong></span> <span class='ocrx_word' id='word_1_167' title='bbox 1076 1909 1188 1985; x_wconf 89' lang='lat' dir='ltr'><strong>plano,</strong></span> <span class='ocrx_word' id='word_1_168' title='bbox 1208 1909 1246 1970; x_wconf 89' lang='lat' dir='ltr'><strong>in</strong></span> <span class='ocrx_word' id='word_1_169' title='bbox 1267 1910 1363 1987; x_wconf 88' lang='lat' dir='ltr'><strong>aquis</strong></span> <span class='ocrx_word' id='word_1_170' title='bbox 1387 1912 1421 1971; x_wconf 89' lang='lat' dir='ltr'><strong>et</strong></span> <span class='ocrx_word' id='word_1_171' title='bbox 1446 1908 1663 1982; x_wconf 85' lang='lat' dir='ltr'><strong>molendinis,</strong></span> <span class='ocrx_word' id='word_1_172' title='bbox 1686 1910 1722 1970; x_wconf 90' lang='lat' dir='ltr'><strong>in</strong></span> <span class='ocrx_word' id='word_1_173' title='bbox 1745 1909 1814 1971; x_wconf 81' lang='lat' dir='ltr'><strong>riis</strong></span> <span class='ocrx_word' id='word_1_174' title='bbox 1838 1908 1873 1972; x_wconf 87' lang='lat' dir='ltr'><strong>et</strong></span> 
     </span>
     <span class='ocr_line' id='line_1_18' title="bbox 224 1986 1873 2081; baseline 0.007 -23"><span class='ocrx_word' id='word_1_175' title='bbox 224 2002 386 2061; x_wconf 86' lang='lat' dir='ltr'><strong>servetur.</strong></span> <span class='ocrx_word' id='word_1_176' title='bbox 424 1986 592 2063; x_wconf 67' lang='lat' dir='ltr'><strong>Praeterea</strong></span> <span class='ocrx_word' id='word_1_177' title='bbox 623 2018 849 2080; x_wconf 86' lang='lat' dir='ltr'><strong>quascumque</strong></span> <span class='ocrx_word' id='word_1_178' title='bbox 886 2019 1022 2081; x_wconf 88' lang='lat' dir='ltr'><strong>posses-</strong></span> <span class='ocrx_word' id='word_1_179' title='bbox 1076 2007 1220 2079; x_wconf 90' lang='lat' dir='ltr'><strong>semitis,</strong></span> <span class='ocrx_word' id='word_1_180' title='bbox 1247 2010 1280 2069; x_wconf 87' lang='lat' dir='ltr'><strong>at</strong></span> <span class='ocrx_word' id='word_1_181' title='bbox 1306 2008 1460 2069; x_wconf 89' lang='lat' dir='ltr'><strong>omnibus</strong></span> <span class='ocrx_word' id='word_1_182' title='bbox 1491 2007 1567 2069; x_wconf 88' lang='lat' dir='ltr'><strong>aliis</strong></span> <span class='ocrx_word' id='word_1_183' title='bbox 1598 2007 1810 2069; x_wconf 85' lang='lat' dir='ltr'><strong>libertatibus</strong></span> <span class='ocrx_word' id='word_1_184' title='bbox 1838 2010 1873 2070; x_wconf 83' lang='lat' dir='ltr'><strong>et</strong></span> 
     </span>
     <span class='ocr_line' id='line_1_19' title="bbox 225 2095 1871 2175; baseline 0.007 -19"><span class='ocrx_word' id='word_1_185' title='bbox 225 2095 350 2169; x_wconf 88' lang='lat' dir='ltr'><strong>siones,</strong></span> <span class='ocrx_word' id='word_1_186' title='bbox 376 2113 591 2175; x_wconf 85' lang='lat' dir='ltr'><strong>quaecumque</strong></span> <span class='ocrx_word' id='word_1_187' title='bbox 620 2099 707 2162; x_wconf 87' lang='lat' dir='ltr'><strong>bona</strong></span> <span class='ocrx_word' id='word_1_188' title='bbox 734 2100 852 2163; x_wconf 85' lang='lat' dir='ltr'><strong>eadem</strong></span> <span class='ocrx_word' id='word_1_189' title='bbox 880 2100 1021 2163; x_wconf 90' lang='lat' dir='ltr'><strong>ecclesia</strong></span> <span class='ocrx_word' id='word_1_190' title='bbox 1076 2103 1339 2167; x_wconf 90' lang='lat' dir='ltr'><strong>immunitatibus</strong></span> <span class='ocrx_word' id='word_1_191' title='bbox 1354 2106 1435 2166; x_wconf 90' lang='lat' dir='ltr'><strong>suis.</strong></span> <span class='ocrx_word' id='word_1_192' title='bbox 1453 2107 1541 2167; x_wconf 87' lang='lat' dir='ltr'><strong>Sane</strong></span> <span class='ocrx_word' id='word_1_193' title='bbox 1552 2105 1721 2167; x_wconf 80' lang='lat' dir='ltr'><strong>novalium</strong></span> <span class='ocrx_word' id='word_1_194' title='bbox 1736 2108 1871 2168; x_wconf 84' lang='lat' dir='ltr'><strong>restro-</strong></span> 
     </span>
     <span class='ocr_line' id='line_1_20' title="bbox 225 2195 1872 2280; baseline 0.005 -24"><span class='ocrx_word' id='word_1_195' title='bbox 225 2195 525 2272; x_wconf 89' lang='lat' dir='ltr'><strong>inpraesentiarum</strong></span> <span class='ocrx_word' id='word_1_196' title='bbox 537 2197 627 2274; x_wconf 75' lang='lat' dir='ltr'><strong>Juste</strong></span> <span class='ocrx_word' id='word_1_197' title='bbox 641 2200 674 2260; x_wconf 87' lang='lat' dir='ltr'><strong>et</strong></span> <span class='ocrx_word' id='word_1_198' title='bbox 689 2200 849 2263; x_wconf 91' lang='lat' dir='ltr'><strong>canonice</strong></span> <span class='ocrx_word' id='word_1_199' title='bbox 862 2199 1018 2277; x_wconf 89' lang='lat' dir='ltr'><strong>possidet,</strong></span> <span class='ocrx_word' id='word_1_200' title='bbox 1075 2218 1160 2273; x_wconf 89' lang='lat' dir='ltr'><strong>rum,</strong></span> <span class='ocrx_word' id='word_1_201' title='bbox 1177 2218 1250 2280; x_wconf 74' lang='lat' dir='ltr'><strong>quaa</strong></span> <span class='ocrx_word' id='word_1_202' title='bbox 1265 2204 1409 2280; x_wconf 92' lang='lat' dir='ltr'><strong>propriis</strong></span> <span class='ocrx_word' id='word_1_203' title='bbox 1433 2202 1585 2264; x_wconf 89' lang='lat' dir='ltr'><strong>manibus</strong></span> <span class='ocrx_word' id='word_1_204' title='bbox 1601 2203 1654 2263; x_wconf 81' lang='lat' dir='ltr'><strong>vel</strong></span> <span class='ocrx_word' id='word_1_205' title='bbox 1682 2202 1872 2280; x_wconf 88' lang='lat' dir='ltr'><strong>sumptibus</strong></span> 
     </span>
     <span class='ocr_line' id='line_1_21' title="bbox 225 2291 1872 2374; baseline 0.004 -20"><span class='ocrx_word' id='word_1_206' title='bbox 225 2294 283 2354; x_wconf 90' lang='lat' dir='ltr'><strong>aut</strong></span> <span class='ocrx_word' id='word_1_207' title='bbox 321 2293 357 2352; x_wconf 89' lang='lat' dir='ltr'><strong>in</strong></span> <span class='ocrx_word' id='word_1_208' title='bbox 384 2291 532 2354; x_wconf 83' lang='lat' dir='ltr'><strong>futurum</strong></span> <span class='ocrx_word' id='word_1_209' title='bbox 568 2296 782 2357; x_wconf 89' lang='lat' dir='ltr'><strong>concessione</strong></span> <span class='ocrx_word' id='word_1_210' title='bbox 815 2296 1017 2374; x_wconf 86' lang='lat' dir='ltr'><strong>pontificum,</strong></span> <span class='ocrx_word' id='word_1_211' title='bbox 1076 2300 1195 2373; x_wconf 89' lang='lat' dir='ltr'><strong>colitis,</strong></span> <span class='ocrx_word' id='word_1_212' title='bbox 1212 2300 1282 2361; x_wconf 87' lang='lat' dir='ltr'><strong>sive</strong></span> <span class='ocrx_word' id='word_1_213' title='bbox 1295 2301 1335 2362; x_wconf 92' lang='lat' dir='ltr'><strong>de</strong></span> <span class='ocrx_word' id='word_1_214' title='bbox 1347 2302 1534 2363; x_wconf 80' lang='lat' dir='ltr'><strong>vestrorum</strong></span> <span class='ocrx_word' id='word_1_215' title='bbox 1545 2300 1740 2361; x_wconf 91' lang='lat' dir='ltr'><strong>animalium</strong></span> <span class='ocrx_word' id='word_1_216' title='bbox 1759 2300 1872 2361; x_wconf 89' lang='lat' dir='ltr'><strong>nutri-</strong></span> 
     </span>
    </p>
   </div>
   <div class='ocr_carea' id='block_1_5' title="bbox 225 2389 1997 2473">
    <p class='ocr_par' dir='ltr' id='par_1_5' title="bbox 225 2389 1997 2473">
     <span class='ocr_line' id='line_1_22' title="bbox 225 2389 1997 2473; baseline 0.005 -23"><span class='ocrx_word' id='word_1_217' title='bbox 225 2389 405 2466; x_wconf 87' lang='lat' dir='ltr'><strong>largitione</strong></span> <span class='ocrx_word' id='word_1_218' title='bbox 417 2405 533 2467; x_wconf 87' lang='lat' dir='ltr'><strong>regum</strong></span> <span class='ocrx_word' id='word_1_219' title='bbox 554 2392 607 2454; x_wconf 84' lang='lat' dir='ltr'><strong>rel</strong></span> <span class='ocrx_word' id='word_1_220' title='bbox 631 2392 829 2471; x_wconf 90' lang='lat' dir='ltr'><strong>principum,</strong></span> <span class='ocrx_word' id='word_1_221' title='bbox 853 2394 1020 2456; x_wconf 90' lang='lat' dir='ltr'><strong>oblatione</strong></span> <span class='ocrx_word' id='word_1_222' title='bbox 1075 2399 1204 2469; x_wconf 89' lang='lat' dir='ltr'><strong>mentis,</strong></span> <span class='ocrx_word' id='word_1_223' title='bbox 1222 2398 1365 2469; x_wconf 85' lang='lat' dir='ltr'><strong>nullusa</strong></span> <span class='ocrx_word' id='word_1_224' title='bbox 1380 2398 1474 2459; x_wconf 83' lang='lat' dir='ltr'><strong>robis</strong></span> <span class='ocrx_word' id='word_1_225' title='bbox 1494 2398 1640 2459; x_wconf 88' lang='lat' dir='ltr'><strong>decimas</strong></span> <span class='ocrx_word' id='word_1_226' title='bbox 1663 2398 1803 2473; x_wconf 82' lang='lat' dir='ltr'><strong>exigere</strong></span> <span class='ocrx_word' id='word_1_227' title='bbox 1817 2397 1872 2459; x_wconf 83' lang='lat' dir='ltr'><strong>vel</strong></span> <span class='ocrx_word' id='word_1_228' title='bbox 1996 2398 1997 2415; x_wconf 66' lang='lat'>¹</span> 
     </span>
    </p>
   </div>
   <div class='ocr_carea' id='block_1_6' title="bbox 139 2486 1874 3539">
    <p class='ocr_par' dir='ltr' id='par_1_6' title="bbox 139 2486 1874 3539">
     <span class='ocr_line' id='line_1_23' title="bbox 226 2486 1871 2572; baseline 0.005 -25"><span class='ocrx_word' id='word_1_229' title='bbox 226 2486 387 2560; x_wconf 86' lang='lat' dir='ltr'><strong>fidelium,</strong></span> <span class='ocrx_word' id='word_1_230' title='bbox 411 2504 470 2549; x_wconf 89' lang='lat' dir='ltr'><strong>seu</strong></span> <span class='ocrx_word' id='word_1_231' title='bbox 486 2488 561 2549; x_wconf 90' lang='lat' dir='ltr'><strong>aliis</strong></span> <span class='ocrx_word' id='word_1_232' title='bbox 573 2491 673 2566; x_wconf 89' lang='lat' dir='ltr'><strong>justis</strong></span> <span class='ocrx_word' id='word_1_233' title='bbox 698 2492 814 2563; x_wconf 92' lang='lat' dir='ltr'><strong>modis,</strong></span> <span class='ocrx_word' id='word_1_234' title='bbox 842 2493 1019 2568; x_wconf 87' lang='lat' dir='ltr'><strong>praestante</strong></span> <span class='ocrx_word' id='word_1_235' title='bbox 1075 2496 1273 2572; x_wconf 85' lang='lat' dir='ltr'><strong>extorquere</strong></span> <span class='ocrx_word' id='word_1_236' title='bbox 1293 2496 1483 2572; x_wconf 87' lang='lat' dir='ltr'><strong>praesumat.</strong></span> <span class='ocrx_word' id='word_1_237' title='bbox 1511 2495 1625 2556; x_wconf 86' lang='lat' dir='ltr'><strong>Liceat</strong></span> <span class='ocrx_word' id='word_1_238' title='bbox 1653 2509 1786 2572; x_wconf 87' lang='lat' dir='ltr'><strong>quoque</strong></span> <span class='ocrx_word' id='word_1_239' title='bbox 1804 2511 1871 2556; x_wconf 78' lang='lat' dir='ltr'><strong>vo·</strong></span> 
     </span>
     <span class='ocr_line' id='line_1_24' title="bbox 225 2585 1874 2663; baseline 0.004 -17"><span class='ocrx_word' id='word_1_240' title='bbox 225 2585 376 2655; x_wconf 90' lang='lat' dir='ltr'><strong>Domino‚</strong></span> <span class='ocrx_word' id='word_1_241' title='bbox 385 2585 505 2662; x_wconf 90' lang='lat' dir='ltr'><strong>poterit</strong></span> <span class='ocrx_word' id='word_1_242' title='bbox 517 2586 876 2663; x_wconf 85' lang='lat' dir='ltr'><strong>adipisci,tlrmarobis</strong></span> <span class='ocrx_word' id='word_1_243' title='bbox 888 2589 1020 2651; x_wconf 87' lang='lat' dir='ltr'><strong>vestris·</strong></span> <span class='ocrx_word' id='word_1_244' title='bbox 1074 2592 1125 2653; x_wconf 92' lang='lat' dir='ltr'><strong>bis</strong></span> <span class='ocrx_word' id='word_1_245' title='bbox 1145 2593 1284 2654; x_wconf 88' lang='lat' dir='ltr'><strong>clericos</strong></span> <span class='ocrx_word' id='word_1_246' title='bbox 1302 2593 1355 2655; x_wconf 82' lang='lat' dir='ltr'><strong>vel</strong></span> <span class='ocrx_word' id='word_1_247' title='bbox 1381 2592 1497 2663; x_wconf 89' lang='lat' dir='ltr'><strong>laicos,</strong></span> <span class='ocrx_word' id='word_1_248' title='bbox 1526 2592 1650 2653; x_wconf 91' lang='lat' dir='ltr'><strong>liberos</strong></span> <span class='ocrx_word' id='word_1_249' title='bbox 1676 2594 1709 2653; x_wconf 91' lang='lat' dir='ltr'><strong>et</strong></span> <span class='ocrx_word' id='word_1_250' title='bbox 1733 2592 1874 2654; x_wconf 88' lang='lat' dir='ltr'><strong>absolu·</strong></span> 
     </span>
     <span class='ocr_line' id='line_1_25' title="bbox 226 2683 1871 2766; baseline 0.005 -23"><span class='ocrx_word' id='word_1_251' title='bbox 226 2698 290 2760; x_wconf 84' lang='lat' dir='ltr'><strong>que</strong></span> <span class='ocrx_word' id='word_1_252' title='bbox 315 2683 562 2745; x_wconf 88' lang='lat' dir='ltr'><strong>successoribus</strong></span> <span class='ocrx_word' id='word_1_253' title='bbox 578 2686 611 2746; x_wconf 90' lang='lat' dir='ltr'><strong>et</strong></span> <span class='ocrx_word' id='word_1_254' title='bbox 636 2685 765 2747; x_wconf 90' lang='lat' dir='ltr'><strong>illibata</strong></span> <span class='ocrx_word' id='word_1_255' title='bbox 789 2689 1017 2762; x_wconf 89' lang='lat' dir='ltr'><strong>permaneant.</strong></span> <span class='ocrx_word' id='word_1_256' title='bbox 1073 2691 1124 2751; x_wconf 88' lang='lat' dir='ltr'><strong>tos</strong></span> <span class='ocrx_word' id='word_1_257' title='bbox 1149 2705 1167 2751; x_wconf 92' lang='lat' dir='ltr'><strong>e</strong></span> <span class='ocrx_word' id='word_1_258' title='bbox 1197 2690 1319 2752; x_wconf 77' lang='lat' dir='ltr'><strong>saeculo</strong></span> <span class='ocrx_word' id='word_1_259' title='bbox 1349 2689 1514 2766; x_wconf 85' lang='lat' dir='ltr'><strong>fugientes</strong></span> <span class='ocrx_word' id='word_1_260' title='bbox 1545 2689 1586 2749; x_wconf 90' lang='lat' dir='ltr'><strong>ad</strong></span> <span class='ocrx_word' id='word_1_261' title='bbox 1616 2690 1871 2751; x_wconf 81' lang='lat' dir='ltr'><strong>conversionem</strong></span> 
     </span>
     <span class='ocr_line' id='line_1_26' title="bbox 224 2779 1872 2865; baseline 0.004 -24"><span class='ocrx_word' id='word_1_262' title='bbox 224 2782 261 2841; x_wconf 92' lang='lat' dir='ltr'><strong>ln</strong></span> <span class='ocrx_word' id='word_1_263' title='bbox 275 2779 394 2857; x_wconf 88' lang='lat' dir='ltr'><strong>quibus</strong></span> <span class='ocrx_word' id='word_1_264' title='bbox 407 2780 479 2842; x_wconf 88' lang='lat' dir='ltr'><strong>baec</strong></span> <span class='ocrx_word' id='word_1_265' title='bbox 487 2782 796 2859; x_wconf 84' lang='lat' dir='ltr'><strong>propriisduximus</strong></span> <span class='ocrx_word' id='word_1_266' title='bbox 803 2784 1020 2861; x_wconf 87' lang='lat' dir='ltr'><strong>exprimenda</strong></span> <span class='ocrx_word' id='word_1_267' title='bbox 1075 2787 1234 2865; x_wconf 91' lang='lat' dir='ltr'><strong>recipere,</strong></span> <span class='ocrx_word' id='word_1_268' title='bbox 1256 2790 1288 2849; x_wconf 87' lang='lat' dir='ltr'><strong>et</strong></span> <span class='ocrx_word' id='word_1_269' title='bbox 1303 2804 1359 2849; x_wconf 91' lang='lat' dir='ltr'><strong>eos</strong></span> <span class='ocrx_word' id='word_1_270' title='bbox 1385 2787 1510 2864; x_wconf 89' lang='lat' dir='ltr'><strong>absque</strong></span> <span class='ocrx_word' id='word_1_271' title='bbox 1524 2786 1789 2848; x_wconf 89' lang='lat' dir='ltr'><strong>contradictione</strong></span> <span class='ocrx_word' id='word_1_272' title='bbox 1806 2787 1872 2848; x_wconf 91' lang='lat' dir='ltr'><strong>ali-</strong></span> 
     </span>
     <span class='ocr_line' id='line_1_27' title="bbox 225 2875 1871 2961; baseline 0.004 -24"><span class='ocrx_word' id='word_1_273' title='bbox 225 2875 408 2938; x_wconf 83' lang='lat' dir='ltr'><strong>rocabulis.</strong></span> <span class='ocrx_word' id='word_1_274' title='bbox 439 2879 562 2939; x_wconf 90' lang='lat' dir='ltr'><strong>Locum</strong></span> <span class='ocrx_word' id='word_1_275' title='bbox 588 2880 697 2956; x_wconf 90' lang='lat' dir='ltr'><strong>ipsum</strong></span> <span class='ocrx_word' id='word_1_276' title='bbox 724 2881 760 2941; x_wconf 91' lang='lat' dir='ltr'><strong>in</strong></span> <span class='ocrx_word' id='word_1_277' title='bbox 789 2898 853 2959; x_wconf 89' lang='lat' dir='ltr'><strong>quo</strong></span> <span class='ocrx_word' id='word_1_278' title='bbox 882 2882 1020 2959; x_wconf 88' lang='lat' dir='ltr'><strong>praefata</strong></span> <span class='ocrx_word' id='word_1_279' title='bbox 1075 2900 1140 2961; x_wconf 85' lang='lat' dir='ltr'><strong>qua</strong></span> <span class='ocrx_word' id='word_1_280' title='bbox 1162 2885 1317 2946; x_wconf 89' lang='lat' dir='ltr'><strong>retinere.</strong></span> <span class='ocrx_word' id='word_1_281' title='bbox 1343 2884 1561 2946; x_wconf 86' lang='lat' dir='ltr'><strong>Prohibemus</strong></span> <span class='ocrx_word' id='word_1_282' title='bbox 1580 2883 1871 2960; x_wconf 87' lang='lat' dir='ltr'><strong>iusuperutnulli</strong></span> 
     </span>
     <span class='ocr_line' id='line_1_28' title="bbox 226 2975 1870 3058; baseline 0.004 -22"><span class='ocrx_word' id='word_1_283' title='bbox 226 2975 368 3037; x_wconf 87' lang='lat' dir='ltr'><strong>ecclesia</strong></span> <span class='ocrx_word' id='word_1_284' title='bbox 391 2976 453 3039; x_wconf 86' lang='lat' dir='ltr'><strong>sita</strong></span> <span class='ocrx_word' id='word_1_285' title='bbox 469 2979 519 3038; x_wconf 91' lang='lat' dir='ltr'><strong>est</strong></span> <span class='ocrx_word' id='word_1_286' title='bbox 540 2991 615 3038; x_wconf 91' lang='lat' dir='ltr'><strong>cnm</strong></span> <span class='ocrx_word' id='word_1_287' title='bbox 640 2979 792 3039; x_wconf 89' lang='lat' dir='ltr'><strong>omnibus</strong></span> <span class='ocrx_word' id='word_1_288' title='bbox 810 2979 1019 3055; x_wconf 88' lang='lat' dir='ltr'><strong>pertinentiis</strong></span> <span class='ocrx_word' id='word_1_289' title='bbox 1074 2983 1213 3043; x_wconf 79' lang='lat' dir='ltr'><strong>fratrum</strong></span> <span class='ocrx_word' id='word_1_290' title='bbox 1239 2984 1425 3044; x_wconf 81' lang='lat' dir='ltr'><strong>vestrorum</strong></span> <span class='ocrx_word' id='word_1_291' title='bbox 1453 2984 1527 3058; x_wconf 87' lang='lat' dir='ltr'><strong>post</strong></span> <span class='ocrx_word' id='word_1_292' title='bbox 1559 2980 1680 3042; x_wconf 89' lang='lat' dir='ltr'><strong>factam</strong></span> <span class='ocrx_word' id='word_1_293' title='bbox 1701 2981 1737 3041; x_wconf 94' lang='lat' dir='ltr'><strong>in</strong></span> <span class='ocrx_word' id='word_1_294' title='bbox 1754 2982 1870 3043; x_wconf 88' lang='lat' dir='ltr'><strong>eccle-</strong></span> 
     </span>
     <span class='ocr_line' id='line_1_29' title="bbox 227 3074 1874 3157; baseline 0.003 -23"><span class='ocrx_word' id='word_1_295' title='bbox 227 3074 316 3147; x_wconf 89' lang='lat' dir='ltr'><strong>suis;</strong></span> <span class='ocrx_word' id='word_1_296' title='bbox 344 3075 563 3151; x_wconf 84' lang='lat' dir='ltr'><strong>curtesjuxta</strong></span> <span class='ocrx_word' id='word_1_297' title='bbox 587 3075 768 3137; x_wconf 89' lang='lat' dir='ltr'><strong>claustrum</strong></span> <span class='ocrx_word' id='word_1_298' title='bbox 793 3092 868 3137; x_wconf 91' lang='lat' dir='ltr'><strong>cum</strong></span> <span class='ocrx_word' id='word_1_299' title='bbox 882 3078 1019 3139; x_wconf 88' lang='lat' dir='ltr'><strong>decimis</strong></span> <span class='ocrx_word' id='word_1_300' title='bbox 1075 3080 1126 3141; x_wconf 88' lang='lat' dir='ltr'><strong>sia</strong></span> <span class='ocrx_word' id='word_1_301' title='bbox 1140 3081 1253 3142; x_wconf 81' lang='lat' dir='ltr'><strong>restra</strong></span> <span class='ocrx_word' id='word_1_302' title='bbox 1276 3080 1517 3157; x_wconf 89' lang='lat' dir='ltr'><strong>professionem</strong></span> <span class='ocrx_word' id='word_1_303' title='bbox 1545 3079 1595 3140; x_wconf 91' lang='lat' dir='ltr'><strong>fas</strong></span> <span class='ocrx_word' id='word_1_304' title='bbox 1618 3079 1671 3151; x_wconf 90' lang='lat' dir='ltr'><strong>sit,</strong></span> <span class='ocrx_word' id='word_1_305' title='bbox 1693 3079 1768 3140; x_wconf 88' lang='lat' dir='ltr'><strong>sine</strong></span> <span class='ocrx_word' id='word_1_306' title='bbox 1783 3094 1874 3155; x_wconf 77' lang='lat' dir='ltr'><strong>prae·</strong></span> 
     </span>
     <span class='ocr_line' id='line_1_30' title="bbox 225 3168 1873 3254; baseline 0.002 -22"><span class='ocrx_word' id='word_1_307' title='bbox 225 3172 259 3232; x_wconf 90' lang='lat' dir='ltr'><strong>et</strong></span> <span class='ocrx_word' id='word_1_308' title='bbox 276 3170 354 3232; x_wconf 90' lang='lat' dir='ltr'><strong>aliis</strong></span> <span class='ocrx_word' id='word_1_309' title='bbox 380 3168 590 3247; x_wconf 89' lang='lat' dir='ltr'><strong>pertinentiis</strong></span> <span class='ocrx_word' id='word_1_310' title='bbox 617 3174 702 3247; x_wconf 88' lang='lat' dir='ltr'><strong>suis;</strong></span> <span class='ocrx_word' id='word_1_311' title='bbox 729 3174 891 3250; x_wconf 90' lang='lat' dir='ltr'><strong>capellam</strong></span> <span class='ocrx_word' id='word_1_312' title='bbox 907 3176 1020 3237; x_wconf 84' lang='lat' dir='ltr'><strong>Sancti</strong></span> <span class='ocrx_word' id='word_1_313' title='bbox 1075 3178 1174 3254; x_wconf 88' lang='lat' dir='ltr'><strong>positi</strong></span> <span class='ocrx_word' id='word_1_314' title='bbox 1199 3179 1251 3239; x_wconf 90' lang='lat' dir='ltr'><strong>sui</strong></span> <span class='ocrx_word' id='word_1_315' title='bbox 1278 3178 1412 3238; x_wconf 90' lang='lat' dir='ltr'><strong>licentia</strong></span> <span class='ocrx_word' id='word_1_316' title='bbox 1435 3176 1501 3238; x_wconf 91' lang='lat' dir='ltr'><strong>nisi</strong></span> <span class='ocrx_word' id='word_1_317' title='bbox 1521 3176 1675 3236; x_wconf 89' lang='lat' dir='ltr'><strong>arctioris</strong></span> <span class='ocrx_word' id='word_1_318' title='bbox 1694 3175 1873 3252; x_wconf 85' lang='lat' dir='ltr'><strong>religionis</strong></span> 
     </span>
     <span class='ocr_line' id='line_1_31' title="bbox 139 3266 1873 3350; baseline 0.004 -22"><span class='ocrx_word' id='word_1_319' title='bbox 139 3284 141 3293; x_wconf 73' lang='grc'>’</span> <span class='ocrx_word' id='word_1_320' title='bbox 228 3266 320 3330; x_wconf 88' lang='lat' dir='ltr'><strong>Petri</strong></span> <span class='ocrx_word' id='word_1_321' title='bbox 335 3268 370 3328; x_wconf 89' lang='lat' dir='ltr'><strong>in</strong></span> <span class='ocrx_word' id='word_1_322' title='bbox 385 3270 564 3346; x_wconf 88' lang='lat' dir='ltr'><strong>Partipane</strong></span> <span class='ocrx_word' id='word_1_323' title='bbox 580 3285 654 3330; x_wconf 90' lang='lat' dir='ltr'><strong>cum</strong></span> <span class='ocrx_word' id='word_1_324' title='bbox 665 3270 803 3331; x_wconf 88' lang='lat' dir='ltr'><strong>decimis</strong></span> <span class='ocrx_word' id='word_1_325' title='bbox 814 3271 847 3334; x_wconf 92' lang='lat' dir='ltr'><strong>et</strong></span> <span class='ocrx_word' id='word_1_326' title='bbox 859 3273 935 3334; x_wconf 88' lang='lat' dir='ltr'><strong>aliis</strong></span> <span class='ocrx_word' id='word_1_327' title='bbox 943 3289 1020 3350; x_wconf 91' lang='lat' dir='ltr'><strong>per·</strong></span> <span class='ocrx_word' id='word_1_328' title='bbox 1075 3274 1208 3338; x_wconf 89' lang='lat' dir='ltr'><strong>obtentu</strong></span> <span class='ocrx_word' id='word_1_329' title='bbox 1240 3275 1281 3337; x_wconf 91' lang='lat' dir='ltr'><strong>de</strong></span> <span class='ocrx_word' id='word_1_330' title='bbox 1300 3275 1415 3337; x_wconf 91' lang='lat' dir='ltr'><strong>eodem</strong></span> <span class='ocrx_word' id='word_1_331' title='bbox 1446 3274 1520 3335; x_wconf 91' lang='lat' dir='ltr'><strong>loco</strong></span> <span class='ocrx_word' id='word_1_332' title='bbox 1543 3273 1725 3333; x_wconf 88' lang='lat' dir='ltr'><strong>discedere.</strong></span> <span class='ocrx_word' id='word_1_333' title='bbox 1753 3273 1873 3335; x_wconf 84' lang='lat' dir='ltr'><strong>Disce·</strong></span> 
     </span>
     <span class='ocr_line' id='line_1_32' title="bbox 225 3364 1874 3449; baseline 0.002 -22"><span class='ocrx_word' id='word_1_334' title='bbox 225 3364 470 3439; x_wconf 84' lang='lat' dir='ltr'><strong>tinentiissuis;</strong></span> <span class='ocrx_word' id='word_1_335' title='bbox 486 3366 666 3429; x_wconf 82' lang='lat' dir='ltr'><strong>incivitate</strong></span> <span class='ocrx_word' id='word_1_336' title='bbox 678 3368 831 3429; x_wconf 77' lang='lat' dir='ltr'><strong>curiensi</strong></span> <span class='ocrx_word' id='word_1_337' title='bbox 843 3371 1018 3447; x_wconf 88' lang='lat' dir='ltr'><strong>grangiam</strong></span> <span class='ocrx_word' id='word_1_338' title='bbox 1074 3372 1205 3434; x_wconf 91' lang='lat' dir='ltr'><strong>dentem</strong></span> <span class='ocrx_word' id='word_1_339' title='bbox 1228 3388 1307 3434; x_wconf 86' lang='lat' dir='ltr'><strong>raro</strong></span> <span class='ocrx_word' id='word_1_340' title='bbox 1329 3372 1454 3449; x_wconf 88' lang='lat' dir='ltr'><strong>absque</strong></span> <span class='ocrx_word' id='word_1_341' title='bbox 1486 3370 1710 3432; x_wconf 88' lang='lat' dir='ltr'><strong>communium</strong></span> <span class='ocrx_word' id='word_1_342' title='bbox 1739 3371 1874 3431; x_wconf 86' lang='lat' dir='ltr'><strong>littera-</strong></span> 
     </span>
     <span class='ocr_line' id='line_1_33' title="bbox 226 3462 1871 3539; baseline 0.004 -16"><span class='ocrx_word' id='word_1_343' title='bbox 226 3476 300 3523; x_wconf 93' lang='lat' dir='ltr'><strong>cum</strong></span> <span class='ocrx_word' id='word_1_344' title='bbox 323 3462 461 3538; x_wconf 90' lang='lat' dir='ltr'><strong>capella,</strong></span> <span class='ocrx_word' id='word_1_345' title='bbox 478 3462 690 3537; x_wconf 90' lang='lat' dir='ltr'><strong>molendinis,</strong></span> <span class='ocrx_word' id='word_1_346' title='bbox 712 3465 829 3538; x_wconf 82' lang='lat' dir='ltr'><strong>vineis,</strong></span> <span class='ocrx_word' id='word_1_347' title='bbox 854 3466 1019 3529; x_wconf 89' lang='lat' dir='ltr'><strong>casalibus</strong></span> <span class='ocrx_word' id='word_1_348' title='bbox 1073 3485 1147 3531; x_wconf 90' lang='lat' dir='ltr'><strong>rum</strong></span> <span class='ocrx_word' id='word_1_349' title='bbox 1176 3470 1363 3532; x_wconf 86' lang='lat' dir='ltr'><strong>vestrarum</strong></span> <span class='ocrx_word' id='word_1_350' title='bbox 1397 3469 1566 3539; x_wconf 87' lang='lat' dir='ltr'><strong>cautione,</strong></span> <span class='ocrx_word' id='word_1_351' title='bbox 1603 3468 1715 3528; x_wconf 91' lang='lat' dir='ltr'><strong>nullus</strong></span> <span class='ocrx_word' id='word_1_352' title='bbox 1743 3468 1871 3530; x_wconf 87' lang='lat' dir='ltr'><strong>audeat</strong></span> 
     </span>
    </p>
   </div>
   <div class='ocr_carea' id='block_1_7' title="bbox 222 3557 1997 4128">
    <p class='ocr_par' dir='ltr' id='par_1_7' title="bbox 222 3557 1997 4128">
     <span class='ocr_line' id='line_1_34' title="bbox 224 3557 1997 3642; baseline 0.004 -22"><span class='ocrx_word' id='word_1_353' title='bbox 224 3560 258 3620; x_wconf 88' lang='lat' dir='ltr'><strong>et</strong></span> <span class='ocrx_word' id='word_1_354' title='bbox 279 3557 355 3619; x_wconf 87' lang='lat' dir='ltr'><strong>aliis</strong></span> <span class='ocrx_word' id='word_1_355' title='bbox 377 3558 590 3636; x_wconf 87' lang='lat' dir='ltr'><strong>pertinentiis</strong></span> <span class='ocrx_word' id='word_1_356' title='bbox 609 3560 694 3634; x_wconf 89' lang='lat' dir='ltr'><strong>suis;</strong></span> <span class='ocrx_word' id='word_1_357' title='bbox 716 3561 892 3624; x_wconf 90' lang='lat' dir='ltr'><strong>ecclesiam</strong></span> <span class='ocrx_word' id='word_1_358' title='bbox 907 3566 1019 3626; x_wconf 85' lang='lat' dir='ltr'><strong>Sancti</strong></span> <span class='ocrx_word' id='word_1_359' title='bbox 1073 3572 1228 3633; x_wconf 86' lang='lat' dir='ltr'><strong>retinere.</strong></span> <span class='ocrx_word' id='word_1_360' title='bbox 1249 3570 1329 3628; x_wconf 84' lang='lat' dir='ltr'><strong>Cum</strong></span> <span class='ocrx_word' id='word_1_361' title='bbox 1351 3569 1462 3628; x_wconf 88' lang='lat' dir='ltr'><strong>autem</strong></span> <span class='ocrx_word' id='word_1_362' title='bbox 1481 3565 1638 3642; x_wconf 88' lang='lat' dir='ltr'><strong>generale</strong></span> <span class='ocrx_word' id='word_1_363' title='bbox 1653 3565 1871 3627; x_wconf 88' lang='lat' dir='ltr'><strong>interdictum</strong></span> <span class='ocrx_word' id='word_1_364' title='bbox 1996 3622 1997 3641; x_wconf 52' lang='lat'><strong>,</strong></span> 
     </span>
     <span class='ocr_line' id='line_1_35' title="bbox 222 3648 1997 3741; baseline 0.003 -23"><span class='ocrx_word' id='word_1_365' title='bbox 222 3655 339 3719; x_wconf 84' lang='lat' dir='ltr'><strong>Jacobl</strong></span> <span class='ocrx_word' id='word_1_366' title='bbox 361 3657 397 3717; x_wconf 89' lang='lat' dir='ltr'><strong>in</strong></span> <span class='ocrx_word' id='word_1_367' title='bbox 418 3657 626 3719; x_wconf 82' lang='lat' dir='ltr'><strong>Bretenkore</strong></span> <span class='ocrx_word' id='word_1_368' title='bbox 646 3675 721 3720; x_wconf 89' lang='lat' dir='ltr'><strong>cum</strong></span> <span class='ocrx_word' id='word_1_369' title='bbox 737 3659 873 3722; x_wconf 90' lang='lat' dir='ltr'><strong>decimis</strong></span> <span class='ocrx_word' id='word_1_370' title='bbox 890 3663 923 3723; x_wconf 89' lang='lat' dir='ltr'><strong>et</strong></span> <span class='ocrx_word' id='word_1_371' title='bbox 943 3661 1020 3723; x_wconf 91' lang='lat' dir='ltr'><strong>aliis</strong></span> <span class='ocrx_word' id='word_1_372' title='bbox 1074 3672 1172 3730; x_wconf 85' lang='lat' dir='ltr'><strong>terrae</strong></span> <span class='ocrx_word' id='word_1_373' title='bbox 1197 3666 1307 3734; x_wconf 87' lang='lat' dir='ltr'><strong>fuerit,</strong></span> <span class='ocrx_word' id='word_1_374' title='bbox 1331 3665 1431 3725; x_wconf 88' lang='lat' dir='ltr'><strong>liceat</strong></span> <span class='ocrx_word' id='word_1_375' title='bbox 1461 3663 1556 3725; x_wconf 83' lang='lat' dir='ltr'><strong>robis</strong></span> <span class='ocrx_word' id='word_1_376' title='bbox 1589 3662 1713 3723; x_wconf 87' lang='lat' dir='ltr'><strong>clausis</strong></span> <span class='ocrx_word' id='word_1_377' title='bbox 1738 3663 1870 3740; x_wconf 86' lang='lat' dir='ltr'><strong>januis,</strong></span> <span class='ocrx_word' id='word_1_378' title='bbox 1996 3648 1997 3741; x_wconf 58' lang='lat' dir='ltr'>J</span> 
     </span>
     <span class='ocr_line' id='line_1_36' title="bbox 224 3746 1997 3835; baseline 0.004 -20"><span class='ocrx_word' id='word_1_379' title='bbox 224 3754 435 3830; x_wconf 85' lang='lat' dir='ltr'><strong>pertinentiis</strong></span> <span class='ocrx_word' id='word_1_380' title='bbox 462 3755 543 3827; x_wconf 78' lang='lat' dir='ltr'><strong>siris,</strong></span> <span class='ocrx_word' id='word_1_381' title='bbox 570 3756 732 3832; x_wconf 89' lang='lat' dir='ltr'><strong>capellam</strong></span> <span class='ocrx_word' id='word_1_382' title='bbox 751 3757 787 3818; x_wconf 93' lang='lat' dir='ltr'><strong>in</strong></span> <span class='ocrx_word' id='word_1_383' title='bbox 805 3759 961 3835; x_wconf 76' lang='lat' dir='ltr'><strong>Lirzzins3</strong></span> <span class='ocrx_word' id='word_1_384' title='bbox 978 3759 1018 3820; x_wconf 92' lang='lat' dir='ltr'><strong>ad</strong></span> <span class='ocrx_word' id='word_1_385' title='bbox 1075 3765 1220 3827; x_wconf 85' lang='lat' dir='ltr'><strong>exclusis</strong></span> <span class='ocrx_word' id='word_1_386' title='bbox 1233 3762 1528 3825; x_wconf 85' lang='lat' dir='ltr'><strong>excommunicatis</strong></span> <span class='ocrx_word' id='word_1_387' title='bbox 1544 3763 1576 3822; x_wconf 92' lang='lat' dir='ltr'><strong>et</strong></span> <span class='ocrx_word' id='word_1_388' title='bbox 1586 3760 1787 3832; x_wconf 88' lang='lat' dir='ltr'><strong>interdictis,</strong></span> <span class='ocrx_word' id='word_1_389' title='bbox 1800 3774 1868 3821; x_wconf 91' lang='lat' dir='ltr'><strong>non</strong></span> <span class='ocrx_word' id='word_1_390' title='bbox 1996 3746 1997 3835; x_wconf 63' lang='lat' dir='ltr'>J</span> 
     </span>
     <span class='ocr_line' id='line_1_37' title="bbox 224 3851 1871 3940; baseline 0.003 -28"><span class='ocrx_word' id='word_1_391' title='bbox 224 3851 353 3913; x_wconf 85' lang='lat' dir='ltr'><strong>Balzols</strong></span> <span class='ocrx_word' id='word_1_392' title='bbox 367 3852 493 3913; x_wconf 88' lang='lat' dir='ltr'><strong>curtem</strong></span> <span class='ocrx_word' id='word_1_393' title='bbox 503 3869 578 3913; x_wconf 91' lang='lat' dir='ltr'><strong>cum</strong></span> <span class='ocrx_word' id='word_1_394' title='bbox 591 3854 718 3931; x_wconf 92' lang='lat' dir='ltr'><strong>capella</strong></span> <span class='ocrx_word' id='word_1_395' title='bbox 729 3855 845 3916; x_wconf 89' lang='lat' dir='ltr'><strong>etaliis</strong></span> <span class='ocrx_word' id='word_1_396' title='bbox 854 3858 1021 3933; x_wconf 89' lang='lat' dir='ltr'><strong>pertiuen-</strong></span> <span class='ocrx_word' id='word_1_397' title='bbox 1074 3864 1213 3940; x_wconf 84' lang='lat' dir='ltr'><strong>pulsatis</strong></span> <span class='ocrx_word' id='word_1_398' title='bbox 1237 3859 1417 3937; x_wconf 81' lang='lat' dir='ltr'><strong>comparis,</strong></span> <span class='ocrx_word' id='word_1_399' title='bbox 1443 3872 1621 3935; x_wconf 90' lang='lat' dir='ltr'><strong>suppressa</strong></span> <span class='ocrx_word' id='word_1_400' title='bbox 1644 3873 1727 3918; x_wconf 84' lang='lat' dir='ltr'><strong>roco</strong></span> <span class='ocrx_word' id='word_1_401' title='bbox 1754 3857 1871 3918; x_wconf 81' lang='lat' dir='ltr'><strong>divina</strong></span> 
     </span>
     <span class='ocr_line' id='line_1_38' title="bbox 223 3949 1873 4028; baseline 0.005 -19"><span class='ocrx_word' id='word_1_402' title='bbox 223 3949 1020 4028; x_wconf 82' lang='lat' dir='ltr'><strong>tiissuis;adveltchilecbengrangiamcumca·</strong></span> <span class='ocrx_word' id='word_1_403' title='bbox 1074 3961 1184 4022; x_wconf 80' lang='lat' dir='ltr'><strong>officia</strong></span> <span class='ocrx_word' id='word_1_404' title='bbox 1216 3958 1404 4020; x_wconf 84' lang='lat' dir='ltr'><strong>&#39;celebrare</strong></span> <span class='ocrx_word' id='word_1_405' title='bbox 1442 3956 1593 4016; x_wconf 80' lang='lat' dir='ltr'><strong>chrisma</strong></span> <span class='ocrx_word' id='word_1_406' title='bbox 1628 3970 1720 4026; x_wconf 82' lang='lat' dir='ltr'><strong>vero,</strong></span> <span class='ocrx_word' id='word_1_407' title='bbox 1759 3956 1873 4017; x_wconf 91' lang='lat' dir='ltr'><strong>oleum</strong></span> 
     </span>
     <span class='ocr_line' id='line_1_39' title="bbox 224 4045 1997 4128; baseline 0.002 -22"><span class='ocrx_word' id='word_1_408' title='bbox 224 4045 324 4124; x_wconf 91' lang='lat' dir='ltr'><strong>pella,</strong></span> <span class='ocrx_word' id='word_1_409' title='bbox 349 4045 566 4120; x_wconf 90' lang='lat' dir='ltr'><strong>molendinis,</strong></span> <span class='ocrx_word' id='word_1_410' title='bbox 595 4048 724 4122; x_wconf 83' lang='lat' dir='ltr'><strong>vineis,</strong></span> <span class='ocrx_word' id='word_1_411' title='bbox 752 4051 786 4112; x_wconf 92' lang='lat' dir='ltr'><strong>et</strong></span> <span class='ocrx_word' id='word_1_412' title='bbox 808 4051 1019 4127; x_wconf 88' lang='lat' dir='ltr'><strong>pertinentiis</strong></span> <span class='ocrx_word' id='word_1_413' title='bbox 1073 4058 1234 4128; x_wconf 87' lang='lat' dir='ltr'><strong>sanctum,</strong></span> <span class='ocrx_word' id='word_1_414' title='bbox 1257 4053 1525 4117; x_wconf 89' lang='lat' dir='ltr'><strong>consecrationes</strong></span> <span class='ocrx_word' id='word_1_415' title='bbox 1551 4053 1708 4113; x_wconf 91' lang='lat' dir='ltr'><strong>altarium</strong></span> <span class='ocrx_word' id='word_1_416' title='bbox 1731 4052 1875 4114; x_wconf 71' lang='grc'><strong>111111-</strong></span> <span class='ocrx_word' id='word_1_417' title='bbox 1996 4070 1997 4109; x_wconf 88' lang='lat' dir='ltr'><strong>l</strong></span> 
     </span>
    </p>
   </div>
   <div class='ocr_carea' id='block_1_8' title="bbox 224 4143 1873 4227">
    <p class='ocr_par' dir='ltr' id='par_1_8' title="bbox 224 4143 1873 4227">
     <span class='ocr_line' id='line_1_40' title="bbox 224 4143 1873 4227; baseline 0.005 -24"><span class='ocrx_word' id='word_1_418' title='bbox 224 4144 312 4218; x_wconf 88' lang='lat' dir='ltr'><strong>suis;</strong></span> <span class='ocrx_word' id='word_1_419' title='bbox 330 4143 370 4203; x_wconf 90' lang='lat' dir='ltr'><strong>ad</strong></span> <span class='ocrx_word' id='word_1_420' title='bbox 388 4143 498 4204; x_wconf 83' lang='lat' dir='ltr'><strong>Seralt</strong></span> <span class='ocrx_word' id='word_1_421' title='bbox 518 4145 680 4221; x_wconf 84' lang='lat' dir='ltr'><strong>praedium</strong></span> <span class='ocrx_word' id='word_1_422' title='bbox 697 4162 772 4207; x_wconf 92' lang='lat' dir='ltr'><strong>cum</strong></span> <span class='ocrx_word' id='word_1_423' title='bbox 794 4148 936 4210; x_wconf 88' lang='lat' dir='ltr'><strong>ecclesia</strong></span> <span class='ocrx_word' id='word_1_424' title='bbox 954 4165 1018 4226; x_wconf 91' lang='lat' dir='ltr'><strong>pa·</strong></span> <span class='ocrx_word' id='word_1_425' title='bbox 1073 4156 1255 4225; x_wconf 88' lang='lat' dir='ltr'><strong>silicarum,</strong></span> <span class='ocrx_word' id='word_1_426' title='bbox 1272 4151 1501 4215; x_wconf 87' lang='lat' dir='ltr'><strong>ordinationes</strong></span> <span class='ocrx_word' id='word_1_427' title='bbox 1525 4149 1725 4211; x_wconf 88' lang='lat' dir='ltr'><strong>clericorum</strong></span> <span class='ocrx_word' id='word_1_428' title='bbox 1749 4151 1809 4227; x_wconf 83' lang='lat' dir='ltr'><strong>qui</strong></span> <span class='ocrx_word' id='word_1_429' title='bbox 1830 4150 1873 4211; x_wconf 91' lang='lat' dir='ltr'><strong>ad</strong></span> 
     </span>
    </p>
   </div>
   <div class='ocr_carea' id='block_1_9' title="bbox 221 4238 1997 5009">
    <p class='ocr_par' dir='ltr' id='par_1_9' title="bbox 221 4238 1997 5009">
     <span class='ocr_line' id='line_1_41' title="bbox 224 4238 1997 4327; baseline 0.005 -25"><span class='ocrx_word' id='word_1_430' title='bbox 224 4241 367 4303; x_wconf 89' lang='lat' dir='ltr'><strong>rochiali</strong></span> <span class='ocrx_word' id='word_1_431' title='bbox 393 4240 427 4302; x_wconf 90' lang='lat' dir='ltr'><strong>et</strong></span> <span class='ocrx_word' id='word_1_432' title='bbox 451 4241 662 4318; x_wconf 92' lang='lat' dir='ltr'><strong>pertinentiis</strong></span> <span class='ocrx_word' id='word_1_433' title='bbox 693 4245 778 4319; x_wconf 87' lang='lat' dir='ltr'><strong>suis;</strong></span> <span class='ocrx_word' id='word_1_434' title='bbox 803 4245 845 4305; x_wconf 90' lang='lat' dir='ltr'><strong>ad</strong></span> <span class='ocrx_word' id='word_1_435' title='bbox 872 4247 1018 4322; x_wconf 85' lang='lat' dir='ltr'><strong>Luppins</strong></span> <span class='ocrx_word' id='word_1_436' title='bbox 1073 4268 1188 4314; x_wconf 72' lang='lat' dir='ltr'><strong>sacros</strong></span> <span class='ocrx_word' id='word_1_437' title='bbox 1200 4251 1334 4312; x_wconf 83' lang='lat' dir='ltr'><strong>ordinas</strong></span> <span class='ocrx_word' id='word_1_438' title='bbox 1348 4248 1471 4310; x_wconf 87' lang='lat' dir='ltr'><strong>fuerint</strong></span> <span class='ocrx_word' id='word_1_439' title='bbox 1483 4246 1734 4325; x_wconf 79' lang='lat' dir='ltr'><strong>promovendis</strong></span> <span class='ocrx_word' id='word_1_440' title='bbox 1751 4247 1876 4309; x_wconf 69' lang='grc'><strong>(111111-</strong></span> <span class='ocrx_word' id='word_1_441' title='bbox 1996 4238 1997 4327; x_wconf 68' lang='lat' dir='ltr'><strong>l</strong></span> 
     </span>
     <span class='ocr_line' id='line_1_42' title="bbox 224 4338 1997 4425; baseline 0.005 -26"><span class='ocrx_word' id='word_1_442' title='bbox 224 4338 397 4415; x_wconf 83' lang='lat' dir='ltr'><strong>grangiam</strong></span> <span class='ocrx_word' id='word_1_443' title='bbox 413 4340 606 4401; x_wconf 82' lang='lat' dir='ltr'><strong>cumuinois</strong></span> <span class='ocrx_word' id='word_1_444' title='bbox 621 4342 872 4418; x_wconf 90' lang='lat' dir='ltr'><strong>etpertiuentiis</strong></span> <span class='ocrx_word' id='word_1_445' title='bbox 883 4344 963 4404; x_wconf 90' lang='lat' dir='ltr'><strong>suis.</strong></span> <span class='ocrx_word' id='word_1_446' title='bbox 980 4346 1018 4405; x_wconf 90' lang='lat' dir='ltr'><strong>ln</strong></span> <span class='ocrx_word' id='word_1_447' title='bbox 1073 4365 1155 4412; x_wconf 81' lang='lat' dir='ltr'><strong>sano</strong></span> <span class='ocrx_word' id='word_1_448' title='bbox 1170 4348 1361 4425; x_wconf 87' lang='lat' dir='ltr'><strong>suscipietis</strong></span> <span class='ocrx_word' id='word_1_449' title='bbox 1373 4347 1539 4423; x_wconf 91' lang='lat' dir='ltr'><strong>episcopo,</strong></span> <span class='ocrx_word' id='word_1_450' title='bbox 1567 4343 1731 4422; x_wconf 85' lang='lat' dir='ltr'><strong>siquidem</strong></span> <span class='ocrx_word' id='word_1_451' title='bbox 1752 4344 1875 4407; x_wconf 89' lang='lat' dir='ltr'><strong>catho-</strong></span> <span class='ocrx_word' id='word_1_452' title='bbox 1996 4348 1997 4407; x_wconf 70' lang='lat' dir='ltr'><strong>l</strong></span> 
     </span>
     <span class='ocr_line' id='line_1_43' title="bbox 223 4436 1997 4519; baseline -0.003 -10"><span class='ocrx_word' id='word_1_453' title='bbox 223 4436 483 4514; x_wconf 71' lang='grc'><strong>816111311116111</strong></span> <span class='ocrx_word' id='word_1_454' title='bbox 501 4453 612 4510; x_wconf 71' lang='lat' dir='ltr'><strong>unam,</strong></span> <span class='ocrx_word' id='word_1_455' title='bbox 643 4453 744 4515; x_wconf 86' lang='lat' dir='ltr'><strong>supra</strong></span> <span class='ocrx_word' id='word_1_456' title='bbox 771 4439 953 4501; x_wconf 86' lang='lat' dir='ltr'><strong>claustrum</strong></span> <span class='ocrx_word' id='word_1_457' title='bbox 967 4442 1019 4503; x_wconf 90' lang='lat' dir='ltr'><strong>al·</strong></span> <span class='ocrx_word' id='word_1_458' title='bbox 1072 4449 1156 4509; x_wconf 88' lang='lat' dir='ltr'><strong>licus</strong></span> <span class='ocrx_word' id='word_1_459' title='bbox 1180 4446 1280 4508; x_wconf 91' lang='lat' dir='ltr'><strong>fuerit</strong></span> <span class='ocrx_word' id='word_1_460' title='bbox 1313 4446 1346 4505; x_wconf 88' lang='lat' dir='ltr'><strong>et</strong></span> <span class='ocrx_word' id='word_1_461' title='bbox 1369 4443 1512 4519; x_wconf 90' lang='lat' dir='ltr'><strong>gratiam</strong></span> <span class='ocrx_word' id='word_1_462' title='bbox 1543 4442 1577 4502; x_wconf 91' lang='lat' dir='ltr'><strong>et</strong></span> <span class='ocrx_word' id='word_1_463' title='bbox 1602 4441 1873 4503; x_wconf 88' lang='lat' dir='ltr'><strong>communionem</strong></span> <span class='ocrx_word' id='word_1_464' title='bbox 1996 4456 1997 4511; x_wconf 75' lang='lat'><em>3</em></span> 
     </span>
     <span class='ocr_line' id='line_1_44' title="bbox 222 4535 1997 4631; baseline 0.003 -35"><span class='ocrx_word' id='word_1_465' title='bbox 222 4550 298 4617; x_wconf 91' lang='lat' dir='ltr'><strong>pem</strong></span> <span class='ocrx_word' id='word_1_466' title='bbox 313 4550 425 4607; x_wconf 89' lang='lat' dir='ltr'><strong>unam,</strong></span> <span class='ocrx_word' id='word_1_467' title='bbox 448 4535 484 4596; x_wconf 86' lang='lat' dir='ltr'><strong>in</strong></span> <span class='ocrx_word' id='word_1_468' title='bbox 507 4535 589 4597; x_wconf 89' lang='lat' dir='ltr'><strong>Nise</strong></span> <span class='ocrx_word' id='word_1_469' title='bbox 602 4535 710 4614; x_wconf 90' lang='lat' dir='ltr'><strong>alpem</strong></span> <span class='ocrx_word' id='word_1_470' title='bbox 723 4550 834 4609; x_wconf 87' lang='lat' dir='ltr'><strong>unam,</strong></span> <span class='ocrx_word' id='word_1_471' title='bbox 852 4537 887 4598; x_wconf 91' lang='lat' dir='ltr'><strong>in</strong></span> <span class='ocrx_word' id='word_1_472' title='bbox 907 4538 1019 4601; x_wconf 85' lang='lat' dir='ltr'><strong>Nave-</strong></span> <span class='ocrx_word' id='word_1_473' title='bbox 1073 4545 1292 4607; x_wconf 72' lang='lat' dir='ltr'><strong>sacrosancte</strong></span> <span class='ocrx_word' id='word_1_474' title='bbox 1303 4544 1462 4603; x_wconf 84' lang='lat' dir='ltr'><strong>Romanae</strong></span> <span class='ocrx_word' id='word_1_475' title='bbox 1477 4539 1573 4601; x_wconf 90' lang='lat' dir='ltr'><strong>Sedis</strong></span> <span class='ocrx_word' id='word_1_476' title='bbox 1589 4538 1758 4610; x_wconf 87' lang='lat' dir='ltr'><strong>babuerit,</strong></span> <span class='ocrx_word' id='word_1_477' title='bbox 1777 4541 1811 4601; x_wconf 90' lang='lat' dir='ltr'><strong>et</strong></span> <span class='ocrx_word' id='word_1_478' title='bbox 1830 4554 1873 4601; x_wconf 89' lang='lat' dir='ltr'><strong>ea</strong></span> <span class='ocrx_word' id='word_1_479' title='bbox 1996 4544 1997 4631; x_wconf 43' lang='grc' dir='ltr'><em>ζ</em></span> 
     </span>
     <span class='ocr_line' id='line_1_45' title="bbox 223 4632 1997 4725; baseline -0.005 -21"><span class='ocrx_word' id='word_1_480' title='bbox 223 4632 421 4710; x_wconf 71' lang='grc'><strong>1310111611</strong></span> <span class='ocrx_word' id='word_1_481' title='bbox 435 4633 599 4705; x_wconf 65' lang='grc'><strong>1111111111</strong></span> <span class='ocrx_word' id='word_1_482' title='bbox 622 4633 821 4710; x_wconf 80' lang='lat' dir='ltr'><strong>Servispane</strong></span> <span class='ocrx_word' id='word_1_483' title='bbox 847 4634 1016 4697; x_wconf 86' lang='lat' dir='ltr'><strong>dimidiam</strong></span> <span class='ocrx_word' id='word_1_484' title='bbox 1071 4642 1164 4703; x_wconf 85' lang='lat' dir='ltr'><strong>vobis</strong></span> <span class='ocrx_word' id='word_1_485' title='bbox 1190 4640 1335 4702; x_wconf 84' lang='lat' dir='ltr'><strong>uoluerit</strong></span> <span class='ocrx_word' id='word_1_486' title='bbox 1361 4638 1434 4699; x_wconf 88' lang='lat' dir='ltr'><strong>siue</strong></span> <span class='ocrx_word' id='word_1_487' title='bbox 1456 4637 1621 4713; x_wconf 87' lang='lat' dir='ltr'><strong>pravitate</strong></span> <span class='ocrx_word' id='word_1_488' title='bbox 1635 4636 1749 4713; x_wconf 84' lang='lat' dir='ltr'><strong>aliqua</strong></span> <span class='ocrx_word' id='word_1_489' title='bbox 1765 4637 1873 4698; x_wconf 84' lang='lat' dir='ltr'><strong>exbi-</strong></span> <span class='ocrx_word' id='word_1_490' title='bbox 1902 4714 1907 4725; x_wconf 22' lang='grc'><strong>.</strong></span> <span class='ocrx_word' id='word_1_491' title='bbox 1996 4654 1997 4713; x_wconf 72' lang='lat' dir='ltr'>j</span> 
     </span>
     <span class='ocr_line' id='line_1_46' title="bbox 223 4722 1997 4815; baseline 0.002 -24"><span class='ocrx_word' id='word_1_492' title='bbox 223 4730 351 4807; x_wconf 91' lang='lat' dir='ltr'><strong>partem</strong></span> <span class='ocrx_word' id='word_1_493' title='bbox 368 4729 469 4807; x_wconf 88' lang='lat' dir='ltr'><strong>alpis,</strong></span> <span class='ocrx_word' id='word_1_494' title='bbox 492 4746 566 4791; x_wconf 90' lang='lat' dir='ltr'><strong>cum</strong></span> <span class='ocrx_word' id='word_1_495' title='bbox 592 4730 707 4807; x_wconf 89' lang='lat' dir='ltr'><strong>pratis,</strong></span> <span class='ocrx_word' id='word_1_496' title='bbox 734 4731 877 4808; x_wconf 90' lang='lat' dir='ltr'><strong>pascuis,</strong></span> <span class='ocrx_word' id='word_1_497' title='bbox 901 4732 1015 4809; x_wconf 83' lang='lat' dir='ltr'><strong>sylvis,</strong></span> <span class='ocrx_word' id='word_1_498' title='bbox 1071 4740 1159 4800; x_wconf 88' lang='lat' dir='ltr'><strong>bere.</strong></span> <span class='ocrx_word' id='word_1_499' title='bbox 1187 4737 1343 4815; x_wconf 80' lang='lat' dir='ltr'><strong>Alioquin</strong></span> <span class='ocrx_word' id='word_1_500' title='bbox 1370 4735 1471 4797; x_wconf 88' lang='lat' dir='ltr'><strong>liceat</strong></span> <span class='ocrx_word' id='word_1_501' title='bbox 1502 4732 1597 4796; x_wconf 80' lang='lat' dir='ltr'><strong>robis</strong></span> <span class='ocrx_word' id='word_1_502' title='bbox 1620 4748 1870 4811; x_wconf 81' lang='lat' dir='ltr'><strong>quemcumque</strong></span> <span class='ocrx_word' id='word_1_503' title='bbox 1996 4722 1997 4771; x_wconf 61' lang='grc'><strong>1</strong></span> 
     </span>
     <span class='ocr_line' id='line_1_47' title="bbox 223 4828 1997 4907; baseline -0.005 -7"><span class='ocrx_word' id='word_1_504' title='bbox 223 4828 614 4905; x_wconf 76' lang='grc'><strong>11111111111111111</strong></span> <span class='ocrx_word' id='word_1_505' title='bbox 649 4829 736 4901; x_wconf 74' lang='lat' dir='ltr'><strong>suis;</strong></span> <span class='ocrx_word' id='word_1_506' title='bbox 778 4829 940 4905; x_wconf 75' lang='grc'><strong>1111111111</strong></span> <span class='ocrx_word' id='word_1_507' title='bbox 981 4830 1017 4890; x_wconf 90' lang='lat' dir='ltr'><strong>in</strong></span> <span class='ocrx_word' id='word_1_508' title='bbox 1071 4834 1257 4897; x_wconf 79' lang='lat' dir='ltr'><strong>mainerius</strong></span> <span class='ocrx_word' id='word_1_509' title='bbox 1290 4832 1490 4895; x_wconf 73' lang='lat' dir='ltr'><strong>carnotinum</strong></span> <span class='ocrx_word' id='word_1_510' title='bbox 1531 4830 1626 4892; x_wconf 79' lang='lat' dir='ltr'><strong>autre</strong></span> <span class='ocrx_word' id='word_1_511' title='bbox 1660 4829 1867 4903; x_wconf 80' lang='lat' dir='ltr'><strong>antistitem,</strong></span> <span class='ocrx_word' id='word_1_512' title='bbox 1996 4836 1997 4907; x_wconf 83' lang='lat' dir='ltr'>j</span> 
     </span>
     <span class='ocr_line' id='line_1_48' title="bbox 221 4922 1997 5009; baseline 0.001 -21"><span class='ocrx_word' id='word_1_513' title='bbox 221 4926 406 4999; x_wconf 90' lang='lat' dir='ltr'><strong>Brienzols,</strong></span> <span class='ocrx_word' id='word_1_514' title='bbox 436 4926 597 5002; x_wconf 81' lang='lat' dir='ltr'><strong>praedium</strong></span> <span class='ocrx_word' id='word_1_515' title='bbox 625 4927 660 4986; x_wconf 92' lang='lat' dir='ltr'><strong>in</strong></span> <span class='ocrx_word' id='word_1_516' title='bbox 685 4927 822 4988; x_wconf 88' lang='lat' dir='ltr'><strong>Wazzes</strong></span> <span class='ocrx_word' id='word_1_517' title='bbox 849 4927 1015 5004; x_wconf 90' lang='lat' dir='ltr'><strong>superius,</strong></span> <span class='ocrx_word' id='word_1_518' title='bbox 1071 4933 1214 5009; x_wconf 87' lang='lat' dir='ltr'><strong>gratiam</strong></span> <span class='ocrx_word' id='word_1_519' title='bbox 1229 4929 1541 4994; x_wconf 86' lang='lat' dir='ltr'><strong>etcommunionem</strong></span> <span class='ocrx_word' id='word_1_520' title='bbox 1556 4927 1871 5004; x_wconf 81' lang='lat' dir='ltr'><strong>Apostolicaesedls</strong></span> <span class='ocrx_word' id='word_1_521' title='bbox 1996 4922 1997 4951; x_wconf 43' lang='lat' dir='ltr'><strong>t</strong></span> 
     </span>
    </p>
   </div>
   <div class='ocr_carea' id='block_1_10' title="bbox 219 5022 1874 5204">
    <p class='ocr_par' dir='ltr' id='par_1_10' title="bbox 219 5022 1874 5204">
     <span class='ocr_line' id='line_1_49' title="bbox 219 5022 1874 5104; baseline 0.001 -19"><span class='ocrx_word' id='word_1_522' title='bbox 219 5024 383 5101; x_wconf 89' lang='lat' dir='ltr'><strong>praedium</strong></span> <span class='ocrx_word' id='word_1_523' title='bbox 397 5024 431 5084; x_wconf 91' lang='lat' dir='ltr'><strong>in</strong></span> <span class='ocrx_word' id='word_1_524' title='bbox 448 5022 609 5095; x_wconf 84' lang='lat' dir='ltr'><strong>Salezzes,</strong></span> <span class='ocrx_word' id='word_1_525' title='bbox 626 5023 788 5100; x_wconf 83' lang='lat' dir='ltr'><strong>praedium</strong></span> <span class='ocrx_word' id='word_1_526' title='bbox 804 5023 838 5084; x_wconf 92' lang='lat' dir='ltr'><strong>in</strong></span> <span class='ocrx_word' id='word_1_527' title='bbox 851 5024 1017 5086; x_wconf 83' lang='lat' dir='ltr'><strong>Bavarin-</strong></span> <span class='ocrx_word' id='word_1_528' title='bbox 1071 5028 1258 5099; x_wconf 87' lang='lat' dir='ltr'><strong>habentem,</strong></span> <span class='ocrx_word' id='word_1_529' title='bbox 1273 5027 1330 5104; x_wconf 85' lang='lat' dir='ltr'><strong>qui</strong></span> <span class='ocrx_word' id='word_1_530' title='bbox 1345 5028 1460 5087; x_wconf 90' lang='lat' dir='ltr'><strong>nostra</strong></span> <span class='ocrx_word' id='word_1_531' title='bbox 1472 5025 1577 5087; x_wconf 90' lang='lat' dir='ltr'><strong>fretus</strong></span> <span class='ocrx_word' id='word_1_532' title='bbox 1591 5023 1796 5086; x_wconf 89' lang='lat' dir='ltr'><strong>auctoritate</strong></span> <span class='ocrx_word' id='word_1_533' title='bbox 1810 5038 1874 5087; x_wconf 83' lang='lat' dir='ltr'><strong>vo-</strong></span> 
     </span>
     <span class='ocr_line' id='line_1_50' title="bbox 221 5119 1869 5204; baseline -0.001 -21"><span class='ocrx_word' id='word_1_534' title='bbox 221 5138 296 5199; x_wconf 90' lang='lat' dir='ltr'><strong>gen,</strong></span> <span class='ocrx_word' id='word_1_535' title='bbox 315 5121 477 5199; x_wconf 88' lang='lat' dir='ltr'><strong>praedium</strong></span> <span class='ocrx_word' id='word_1_536' title='bbox 492 5119 527 5180; x_wconf 92' lang='lat' dir='ltr'><strong>in</strong></span> <span class='ocrx_word' id='word_1_537' title='bbox 547 5122 692 5193; x_wconf 90' lang='lat' dir='ltr'><strong>Merans,</strong></span> <span class='ocrx_word' id='word_1_538' title='bbox 709 5119 870 5198; x_wconf 88' lang='lat' dir='ltr'><strong>praedium</strong></span> <span class='ocrx_word' id='word_1_539' title='bbox 885 5121 926 5182; x_wconf 90' lang='lat' dir='ltr'><strong>ad</strong></span> <span class='ocrx_word' id='word_1_540' title='bbox 940 5121 1018 5182; x_wconf 84' lang='lat' dir='ltr'><strong>Clu·</strong></span> <span class='ocrx_word' id='word_1_541' title='bbox 1070 5128 1122 5188; x_wconf 94' lang='lat' dir='ltr'><strong>bis</strong></span> <span class='ocrx_word' id='word_1_542' title='bbox 1138 5126 1223 5204; x_wconf 89' lang='lat' dir='ltr'><strong>quod</strong></span> <span class='ocrx_word' id='word_1_543' title='bbox 1238 5124 1424 5203; x_wconf 87' lang='lat' dir='ltr'><strong>postulatur</strong></span> <span class='ocrx_word' id='word_1_544' title='bbox 1445 5122 1624 5199; x_wconf 90' lang='lat' dir='ltr'><strong>impendat.</strong></span> <span class='ocrx_word' id='word_1_545' title='bbox 1641 5120 1869 5182; x_wconf 88' lang='lat' dir='ltr'><strong>Prohibemus</strong></span> 
     </span>
    </p>
   </div>
   <div class='ocr_carea' id='block_1_11' title="bbox 152 5217 1872 5690">
    <p class='ocr_par' dir='ltr' id='par_1_11' title="bbox 152 5217 1872 5690">
     <span class='ocr_line' id='line_1_51' title="bbox 221 5217 1872 5304; baseline -0.005 -15"><span class='ocrx_word' id='word_1_546' title='bbox 221 5242 305 5299; x_wconf 88' lang='lat' dir='ltr'><strong>sam,</strong></span> <span class='ocrx_word' id='word_1_547' title='bbox 321 5225 484 5304; x_wconf 89' lang='lat' dir='ltr'><strong>praedium</strong></span> <span class='ocrx_word' id='word_1_548' title='bbox 508 5225 550 5286; x_wconf 91' lang='lat' dir='ltr'><strong>ad</strong></span> <span class='ocrx_word' id='word_1_549' title='bbox 573 5226 756 5301; x_wconf 89' lang='lat' dir='ltr'><strong>Unibliges,</strong></span> <span class='ocrx_word' id='word_1_550' title='bbox 785 5226 945 5303; x_wconf 84' lang='lat' dir='ltr'><strong>praedium</strong></span> <span class='ocrx_word' id='word_1_551' title='bbox 974 5227 1016 5288; x_wconf 87' lang='lat' dir='ltr'><strong>ad</strong></span> <span class='ocrx_word' id='word_1_552' title='bbox 1070 5227 1208 5301; x_wconf 88' lang='lat' dir='ltr'><strong>insuper</strong></span> <span class='ocrx_word' id='word_1_553' title='bbox 1241 5223 1277 5283; x_wconf 89' lang='lat' dir='ltr'><strong>ut</strong></span> <span class='ocrx_word' id='word_1_554' title='bbox 1305 5220 1392 5282; x_wconf 88' lang='lat' dir='ltr'><strong>infra</strong></span> <span class='ocrx_word' id='word_1_555' title='bbox 1429 5220 1513 5280; x_wconf 85' lang='lat' dir='ltr'><strong>flues</strong></span> <span class='ocrx_word' id='word_1_556' title='bbox 1541 5217 1715 5294; x_wconf 80' lang='lat' dir='ltr'><strong>parocbia</strong></span> <span class='ocrx_word' id='word_1_557' title='bbox 1747 5220 1872 5281; x_wconf 83' lang='lat' dir='ltr'><strong>restrae</strong></span> 
     </span>
     <span class='ocr_line' id='line_1_52' title="bbox 152 5316 1872 5401; baseline -0.004 -17"><span class='ocrx_word' id='word_1_558' title='bbox 152 5352 162 5377; x_wconf 74' lang='grc' dir='ltr'>ι</span> <span class='ocrx_word' id='word_1_559' title='bbox 220 5322 414 5392; x_wconf 89' lang='lat' dir='ltr'><strong>Wotfrates,</strong></span> <span class='ocrx_word' id='word_1_560' title='bbox 443 5323 606 5401; x_wconf 88' lang='lat' dir='ltr'><strong>praedium</strong></span> <span class='ocrx_word' id='word_1_561' title='bbox 627 5323 668 5383; x_wconf 91' lang='lat' dir='ltr'><strong>ad</strong></span> <span class='ocrx_word' id='word_1_562' title='bbox 693 5323 828 5394; x_wconf 80' lang='lat' dir='ltr'><strong>Vadam,</strong></span> <span class='ocrx_word' id='word_1_563' title='bbox 855 5323 1016 5399; x_wconf 87' lang='lat' dir='ltr'><strong>praedinm</strong></span> <span class='ocrx_word' id='word_1_564' title='bbox 1070 5321 1181 5381; x_wconf 89' lang='lat' dir='ltr'><strong>nullus</strong></span> <span class='ocrx_word' id='word_1_565' title='bbox 1209 5319 1281 5381; x_wconf 89' lang='lat' dir='ltr'><strong>sine</strong></span> <span class='ocrx_word' id='word_1_566' title='bbox 1305 5332 1444 5379; x_wconf 89' lang='lat' dir='ltr'><strong>assensu</strong></span> <span class='ocrx_word' id='word_1_567' title='bbox 1468 5316 1649 5377; x_wconf 83' lang='lat' dir='ltr'><strong>dioecesani</strong></span> <span class='ocrx_word' id='word_1_568' title='bbox 1670 5316 1821 5393; x_wconf 87' lang='lat' dir='ltr'><strong>episcopi</strong></span> <span class='ocrx_word' id='word_1_569' title='bbox 1837 5317 1872 5378; x_wconf 88' lang='lat' dir='ltr'><strong>et</strong></span> 
     </span>
     <span class='ocr_line' id='line_1_53' title="bbox 221 5411 1870 5497; baseline -0.004 -17"><span class='ocrx_word' id='word_1_570' title='bbox 221 5419 265 5480; x_wconf 90' lang='lat' dir='ltr'><strong>ad</strong></span> <span class='ocrx_word' id='word_1_571' title='bbox 287 5423 436 5492; x_wconf 88' lang='lat' dir='ltr'><strong>Crucem,</strong></span> <span class='ocrx_word' id='word_1_572' title='bbox 464 5419 625 5497; x_wconf 87' lang='lat' dir='ltr'><strong>praedium</strong></span> <span class='ocrx_word' id='word_1_573' title='bbox 650 5421 691 5481; x_wconf 91' lang='lat' dir='ltr'><strong>ad</strong></span> <span class='ocrx_word' id='word_1_574' title='bbox 719 5423 833 5492; x_wconf 73' lang='lat' dir='ltr'><strong>UsceS,</strong></span> <span class='ocrx_word' id='word_1_575' title='bbox 854 5420 1015 5497; x_wconf 82' lang='lat' dir='ltr'><strong>praedium</strong></span> <span class='ocrx_word' id='word_1_576' title='bbox 1069 5418 1181 5479; x_wconf 88' lang='lat' dir='ltr'><strong>vestro</strong></span> <span class='ocrx_word' id='word_1_577' title='bbox 1201 5416 1363 5493; x_wconf 88' lang='lat' dir='ltr'><strong>capellam</strong></span> <span class='ocrx_word' id='word_1_578' title='bbox 1395 5431 1454 5475; x_wconf 91' lang='lat' dir='ltr'><strong>seu</strong></span> <span class='ocrx_word' id='word_1_579' title='bbox 1488 5412 1672 5475; x_wconf 86' lang='lat' dir='ltr'><strong>oratorium</strong></span> <span class='ocrx_word' id='word_1_580' title='bbox 1701 5411 1744 5472; x_wconf 90' lang='lat' dir='ltr'><strong>de</strong></span> <span class='ocrx_word' id='word_1_581' title='bbox 1781 5428 1870 5473; x_wconf 85' lang='lat' dir='ltr'><strong>noro</strong></span> 
     </span>
     <span class='ocr_line' id='line_1_54' title="bbox 220 5508 1868 5595; baseline -0.004 -20"><span class='ocrx_word' id='word_1_582' title='bbox 220 5516 263 5575; x_wconf 85' lang='lat' dir='ltr'><strong>ad</strong></span> <span class='ocrx_word' id='word_1_583' title='bbox 298 5518 482 5591; x_wconf 87' lang='lat' dir='ltr'><strong>Trauunes,</strong></span> <span class='ocrx_word' id='word_1_584' title='bbox 517 5518 680 5595; x_wconf 84' lang='lat' dir='ltr'><strong>praedium</strong></span> <span class='ocrx_word' id='word_1_585' title='bbox 712 5517 754 5578; x_wconf 90' lang='lat' dir='ltr'><strong>ad</strong></span> <span class='ocrx_word' id='word_1_586' title='bbox 785 5517 1013 5589; x_wconf 86' lang='lat' dir='ltr'><strong>castellasoes,</strong></span> <span class='ocrx_word' id='word_1_587' title='bbox 1070 5516 1262 5575; x_wconf 89' lang='lat' dir='ltr'><strong>construere</strong></span> <span class='ocrx_word' id='word_1_588' title='bbox 1288 5512 1419 5578; x_wconf 87' lang='lat' dir='ltr'><strong>audeat,</strong></span> <span class='ocrx_word' id='word_1_589' title='bbox 1449 5509 1551 5572; x_wconf 81' lang='lat' dir='ltr'><strong>salvis</strong></span> <span class='ocrx_word' id='word_1_590' title='bbox 1573 5508 1765 5585; x_wconf 82' lang='lat' dir='ltr'><strong>privilegiis</strong></span> <span class='ocrx_word' id='word_1_591' title='bbox 1794 5510 1868 5570; x_wconf 84' lang='lat' dir='ltr'><strong>Ro-</strong></span> 
     </span>
     <span class='ocr_line' id='line_1_55' title="bbox 219 5605 1871 5690; baseline -0.004 -20"><span class='ocrx_word' id='word_1_592' title='bbox 219 5610 379 5687; x_wconf 87' lang='lat' dir='ltr'><strong>praedium</strong></span> <span class='ocrx_word' id='word_1_593' title='bbox 407 5612 441 5672; x_wconf 90' lang='lat' dir='ltr'><strong>in</strong></span> <span class='ocrx_word' id='word_1_594' title='bbox 471 5615 614 5686; x_wconf 85' lang='lat' dir='ltr'><strong>Cizzurs,</strong></span> <span class='ocrx_word' id='word_1_595' title='bbox 640 5615 801 5690; x_wconf 82' lang='lat' dir='ltr'><strong>praedium</strong></span> <span class='ocrx_word' id='word_1_596' title='bbox 830 5615 865 5675; x_wconf 90' lang='lat' dir='ltr'><strong>in</strong></span> <span class='ocrx_word' id='word_1_597' title='bbox 891 5617 1016 5677; x_wconf 88' lang='lat' dir='ltr'><strong>Vazzes</strong></span> <span class='ocrx_word' id='word_1_598' title='bbox 1069 5626 1241 5672; x_wconf 90' lang='lat' dir='ltr'><strong>manorum</strong></span> <span class='ocrx_word' id='word_1_599' title='bbox 1253 5605 1600 5687; x_wconf 74' lang='lat' dir='ltr'><strong>pontificumndbaec</strong></span> <span class='ocrx_word' id='word_1_600' title='bbox 1611 5605 1871 5668; x_wconf 85' lang='lat' dir='ltr'><strong>novasetinde·</strong></span> 
     </span>
    </p>
   </div>
   <div class='ocr_carea' id='block_1_12' title="bbox 0 0 2012 6224">
    <p class='ocr_par' dir='ltr' id='par_1_12' title="bbox 0 0 2012 6224">
     <span class='ocr_line' id='line_1_56' title="bbox 0 0 2012 6224; baseline 0 0"><span class='ocrx_word' id='word_1_601' title='bbox 0 0 2012 6224; x_wconf 95' lang='lat' dir='ltr'><strong> </strong></span> 
     </span>
    </p>
   </div>
  </div>
 </body>
</html>
