3972 6204
134 331 193 393 9113

756 330 983 407 salernum.
1007 331 1149 392 61611.

1709 329 1770 389 934

134 486 357 567 apostolorum
370 490 443 566 eJus
458 504 496 551 se
513 490 644 552 noverit
655 489 882 552 incursurum.
978 489 1059 552 vina
1069 488 1213 552 conlisus
1229 489 1374 567 potentia
1388 490 1503 553 intem
1520 487 1678 550 laudabili
1694 504 1774 565 pro-

175 589 243 662 ligo
262 587 439 658 Honorius,
463 586 636 649 catholicae
657 586 814 649 Ecclesiae
829 586 922 665 epis·

136 698 238 761 copus
253 683 425 760 suscripsi.

177 782 245 856 Ego
276 781 493 857 Augustinus,
530 781 716 844 Hostiensis
750 782 783 843 et
815 781 926 843 Velli-

137 876 260 938 trensis
274 877 459 955 episcopus,
475 894 521 945 ss.

177 976 246 1049 Ego
267 974 434 1051 Pelagius,
457 974 656 1037 libanensis
676 952 865 1053 episcopus,
882 991 926 1037 ss.

176 1073 246 1148 Ego
259 1072 430 1144 Nicolaus,
444 1074 620 1135 16666166.
638 1073 823 1150 episcopus,
842 1089 887 1133 ss.

177 1170 247 1245 Ego
259 1169 384 1241 Laudo,
402 1171 627 1231 Praenestinus
641 1171 827 1246 episcopus,
844 1186 888 1231 ss.

178 1267 247 1342 Ego
262 1265 441 1339 uliverius,
458 1267 614 1329 sabinen.
632 1268 815 1344 episcopus,
832 1283 877 1327 ss.

178 1362 248 1438 Ego
262 1364 379 1437 dueta,
407 1366 439 1426 S.
464 1364 600 1427 Martini
624 1362 797 1442 presbyter
820 1363 932 1425 cardi·

138 1459 238 1533 nelis,
251 1476 295 1521 ss.

179 1559 248 1633 Ego
265 1557 463 1635 Stephanus,
475 1557 624 1621 basilicae
637 1557 815 1620 Duodecim
825 1560 933 1635 Apos-

139 1654 284 1717 tolorum
299 1655 408 1732 presb.
427 1656 531 1727 card„
549 1672 593 1716 ss.

183 1754 250 1828 Ego
277 1753 488 1822 Octavianus,
519 1755 576 1815 SS.
603 1753 712 1830 Sergii
745 1753 779 1814 et
809 1751 932 1814 Bacchi

141 1849 228 1911 diac.
244 1850 347 1923 card,
364 1867 408 1911 ss.

180 1948 249 2023 Ego
260 1947 449 2022 Gregorius,
460 1949 492 2009 S.
502 1946 761 2009 Theodoridiac.
771 1947 931 2018 card.,ss.

181 2045 250 2119 Ego
272 2043 468 2117 Rammius,
495 2047 528 2106 S.
554 2045 669 2106 Mariae
695 2045 730 2105 in
758 2043 933 2106 cosmedin

141 2140 228 2201 diac.
245 2140 349 2213 card,
365 2157 410 2202 ss.

182 2239 251 2313 Ego
267 2236 465 2314 Stephanus,
483 2239 516 2300 S.
532 2237 671 2299 Adriani
683 2237 843 2300 diaconus
858 2253 935 2298 car-

141 2332 278 2401 dinalis,
291 2350 335 2395 66.

182 2433 251 2506 ligo
265 2431 416 2507 Egidins,
436 2433 494 2494 SS.
510 2433 636 2494 cosmae
651 2432 684 2494 et
697 2432 851 2493 Damiani
866 2431 935 2493 dia·

142 2544 247 2590 conus
260 2528 364 2600 card„
379 2544 422 2589 se.

183 2628 251 2701 Ego
266 2627 395 2695 Petrus,
411 2628 444 2687 S.
459 2625 590 2701 Georgii
604 2625 645 2686 ad
657 2627 775 2689 Velum
787 2629 933 2688 Aureum

141 2724 228 2787 diac.
245 2723 349 2796 card,
366 2740 410 2784 ss.

181 2823 301 2883 Datum
316 2822 429 2893 Reate,
446 2837 507 2897 per
519 2837 653 2882 1666661
679 2822 830 2898 magistri
854 2822 935 2882 (iui-

141 2919 239 2980 douis
253 2918 379 2979 domini
394 2921 493 2995 Papae
508 2918 640 2990 notarii,
658 2918 818 2980 kalendas
838 2919 933 2979 octo-

140 3015 224 3083 bris,
249 3015 430 3077 indictione
451 3018 535 3085 xiv,
557 3015 800 3076 incarnationis
822 3015 936 3076 bomi-

145 3112 231 3174 nicae
264 3127 352 3173 anno
385 3113 584 3185 MCCXXVI,
615 3110 826 3188 66611166166
855 3126 934 3175 1666

141 3208 269 3271 11616161
283 3209 423 3270 Honorii
439 3211 485 3271 111
497 3224 585 3270 anno
601 3208 739 3270 decime.

460 3459 621 3545 XXXIX

200 3611 254 3670 Ad
270 3611 540 3680 Fcrdtocndum,
568 3622 687 3684 regem
708 3608 873 3669 Costettae.

396 3738 432 3796 16
446 3737 584 3812 septemb.
599 3738 677 3796 tant.

267 3860 403 3927 [it-synald,
418 3860 709 3919 166116116611111,
722 3859 796 3926 tta]

141 3986 177 4046 El
191 3987 350 4061 gratulatur
363 3985 439 4058 qnod
458 4000 508 4059 per
522 4000 554 4043 se
568 3986 662 4058 ipsum
684 3986 777 4043 crucis
805 3986 935 4043 inimicos

177 4075 296 4132 viriiiter
310 4074 583 4147 expugnaremus,
598 4088 722 4145 eumque
734 4080 832 4131 monet
846 4081 875 4130 et
889 4073 936 4130 ob

177 4164 360 4233 oneratutm
371 4170 427 4219 tam
438 4161 572 4219 laudabili
584 4162 729 4235 proposito
740 4161 859 4219 tirmiter
869 4177 932 4235 per·

179 4258 303 4311 1616161.

184 4378 363 4447 Η6661166,
379 4378 440 4438 616.

183 4491 203 4535 s
217 4476 304 4535 Sane
318 4475 405 4536 sicut
418 4473 559 4534 relatum
573 4473 625 4534 est
650 4472 757 4542 nobis,
774 4489 934 4536 accensus

981 587 1088 663 posito
1099 585 1239 649 tirmiter
1250 602 1480 663 perseverans,
1495 586 1577 647 illud
1588 585 1724 647 debono
1737 586 1773 646 in

982 683 1111 756 melius,
1135 684 1221 746 sicut
1245 683 1285 745 de
1310 684 1367 746 tua
1396 686 1550 763 speratur
1573 683 1771 755 constantia,

982 781 1205 858 prosequaris,
1231 782 1366 857 negotio
1390 781 1513 843 Christi
1543 780 1774 857 spiritualibus

982 877 1016 940 et
1042 877 1270 939 materialibus
1292 878 1395 939 armis
1417 878 1563 940 munitus
1590 875 1775 940 insistendo

983 975 1161 1047 exanimo,
1178 977 1212 1037 et
1235 975 1315 1037 totis
1334 974 1474 1047 viribus,
1490 976 1527 1037 ut
1552 975 1776 1037 desideratum

984 1072 1138 1133 eventum
1152 1070 1273 1134 habeat
1285 1071 1476 1143 laborando,
1494 1087 1535 1132 66
1550 1072 1591 1140 61,
1608 1072 1693 1149 quod
1709 1087 1776 1132 666

984 1167 1159 1240 6161111666,
1177 1168 1218 1229 ab
1232 1168 1375 1245 16666616
1388 1169 1576 1238 desisteres,
1592 1182 1658 1229 non
1670 1171 1777 1230 solum

985 1267 1115 1328 Christo
1129 1266 1181 1327 161
1198 1267 1355 1328 Ecclesiae
1380 1269 1538 1328 Romanae
1560 1266 1615 1326 sed
1641 1269 1674 1327 et
1699 1266 1776 1342 661·-

985 1364 1090 1434 61661,
1108 1379 1206 1443 quam
1221 1363 1261 1425 de
1277 1366 1311 1425 te
1326 1364 1548 1440 concepimus,
1572 1362 1712 1423 illudere
1726 1362 1780 1423 vi·

986 1460 1123 1533 dereris,
1152 1477 1227 1522 cum
1256 1461 1455 1522 credendum
1482 1460 1535 1531 sit,
1553 1459 1639 1536 quod
1664 1459 1704 1531 is,
1721 1460 1779 1535 qui

986 1573 1045 1635 per
1059 1557 1323 1620 misericordiam
1337 1572 1432 1618 suam
1445 1557 1567 1618 bonum
1582 1556 1673 1618 dedit
1684 1557 1779 1633 prin·

987 1656 1120 1731 cipinm,
1138 1655 1268 1717 felicem
1292 1670 1483 1732 processum
1508 1657 1541 1717 et
1566 1654 1692 1723 exitum
1705 1655 1778 1715 lar-

987 1753 1106 1828 gietur.
1122 1753 1241 1814 Datum
1256 1754 1369 1824 Reate,
1393 1754 1437 1813 Vl
1462 1751 1596 1812 kalend.
1621 1751 1778 1824 octobris,

988 1849 1198 1927 pontificatus
1214 1849 1322 1912 nostri
1335 1865 1423 1911 anno
1438 1848 1577 1911 decimo.
1593 1865 1613 1908 11

1107 2243 1158 2302 Ad
1169 2241 1356 2317 6661161616
1377 2241 1660 2316 strigoniensem.

1239 2370 1275 2429 26
1289 2369 1429 2443 septemb.
1447 2370 1525 2428 1225.

1129 2492 1221 2558 1116161,
1234 2492 1295 2545 Cod.
1307 2492 1371 2557 dipl.
1384 2492 1638 2559 111161.,111,11,111.]

988 2609 1147 2669 canonicos
1157 2607 1368 2683 strigonienses
1381 2608 1416 2665 ad
1426 2608 1597 2665 concordem
1608 2607 1642 2667 l.
1656 2598 1783 2682 episcopi

1095 2698 1277 2767 electionem,
1294 2706 1343 2754 aut
1358 2696 1577 2769 postulationem
1591 2705 1683 2770 urget.

1028 2823 1206 2896 Honorius,
1248 2825 1323 2891 etc„
1358 2822 1487 2884 dilectis
1516 2823 1605 2894 tiliis,
1637 2823 1782 2900 capitulo

990 2922 1222 2997 strigoniensi,
1240 2920 1392 2991 salutem,
1411 2921 1473 2980 etc.

1029 3021 1135 3091 Quum
1172 3017 1251 3078 olim
1278 3015 1359 3077 duas
1397 3016 1647 3093 postulationes,
1682 3033 1784 3078 unam

988 3113 1781 3179 videlicetdevenerabilibusiratribus....Cena-

990 3213 1109 3284 diensi,
1124 3213 1156 3273 61
1170 3212 1331 3289 reliquam
1352 3211 1442 3272 de....
1457 3211 1630 3282 Nitriensi,
1647 3212 1781 3289 episco-

990 3309 1051 3387 pis,
1068 3309 1103 3369 in
1119 3309 1230 3369 vestra
1258 3308 1421 3369 duxeritis
1442 3307 1584 3369 ecclesia
1609 3308 1783 3369 celebran-

990 3408 1067 3481 das;
1083 3422 1143 3467 nos
1159 3405 1285 3465 nullam
1303 3404 1402 3466 etiam
1417 3405 1625 3466 invenientes
1641 3407 1782 3467 canoni·

990 3520 1073 3575 carn,
1089 3505 1262 3580 utramque
1274 3501 1457 3580 repulimus
1468 3502 1598 3579 justitia
1614 3504 1779 3579 exigente.

991 3601 1084 3663 Unde
1098 3599 1257 3662 iacientes
1271 3599 1365 3660 vobis
1382 3602 1461 3661 tunc
1475 3600 1629 3675 gratiam,
1650 3600 1727 3662 licet
1741 3600 1781 3661 116

985 3698 1072 3776 juris
1096 3698 1207 3773 rigore
1233 3695 1332 3759 aliter
1358 3695 1468 3757 facere
1496 3697 1694 3768 valeremus,
1724 3713 1783 3773 per

990 3797 1116 3857 litteras
1142 3794 1271 3854 nostras
1300 3792 1466 3853 nobilitati
1485 3797 1604 3854 vestrae
1632 3792 1782 3869 injungi-

990 3909 1075 3964 61116,
1090 3894 1126 3952 61
1137 3890 1224 3950 16116
1240 3906 1386 3950 mensem
1401 3891 1475 3966 post
1490 3890 1710 3966 receptionem
1722 3891 1779 3953 lit-

989 3992 1137 4051 terarum
1159 3987 1307 4063 ipsarum
1336 3986 1558 4046 conveniretis
1580 3987 1614 4046 in
1637 4002 1781 4063 persona

989 4086 1120 4153 idonea,
1136 4100 1196 4160 per
1215 4083 1421 4155 electionem,
1446 4099 1505 4142 seu
1526 4084 1780 4159 postulationem

990 4183 1129 4244 liberam
1144 4185 1177 4244 et
1190 4181 1397 4248 canonicam,
1415 4179 1557 4256 Spiritus
1582 4183 1688 4242 sancti
1707 4198 1782 4258 gra·

989 4283 1036 4347 tia
1051 4280 1215 4350 16166616,
1232 4278 1279 4340 116
1293 4278 1379 4355 quod
1397 4292 1463 4338 666
1478 4277 1667 4341 videremur
1681 4279 1780 4341 detu-

990 4379 1069 4440 lisse
1097 4376 1191 4438 vobis
1218 4375 1254 4436 in
1281 4374 1510 4451 prejudicium
1543 4375 1781 4451 strigoniensis

981 4474 1151 4545 ecclesiae,
1179 4487 1286 4549 neque
1307 4470 1481 4548 providere
1505 4486 1564 4546 per
1590 4486 1649 4532 nos
1673 4472 1780 4535 eidem

142 4571 216 4633 zelo
231 4571 307 4632 fidei
319 4586 377 4648 per
392 4571 424 4631 te
436 4570 544 4647 ipsum
560 4570 667 4631 crucis
682 4570 835 4633 inimicos
849 4573 935 4633 viri·
989 4566 1577 4644 ecclesiaecogeremur.vobisautem
1588 4570 1781 4645 nequeunti-

142 4669 222 4730 liter
233 4683 425 4744 expugnare
442 4667 582 4744 coepisti,
609 4668 641 4729 61
655 4671 854 4744 cooperante
865 4673 934 4747 jam
988 4669 1050 4730 bus
1064 4669 1099 4729 in
1112 4683 1212 4727 unam
1225 4664 1427 4726 concordare
1441 4680 1627 4739 personam,
1644 4666 1777 4742 quidam

142 4766 253 4842 gratia
269 4765 461 4835 salvatoris,
487 4765 544 4840 qui
569 4763 722 4827 devotum
741 4765 934 4843 obsequium
990 4768 1135 4828 vestrum
1152 4764 1303 4824 eumdem
1327 4761 1564 4822 cenadiensem
1588 4764 1779 4839 episcopum

141 4864 283 4926 tuomet
298 4863 387 4939 pium
403 4874 501 4937 super
520 4860 583 4922 1166
595 4861 853 4937 61666611616611
867 4865 934 4926 6116
990 4862 1214 4942 66616161661;
1231 4860 1364 4938 quidam
1389 4874 1468 4920 vero
1491 4859 1650 4920 Thomam
1674 4861 1782 4923 archi-

142 4958 328 5039 prospexit,
345 4957 379 5018 in
401 4956 553 5019 1666111116
573 4958 639 5019 1616
663 4958 761 5035 dirigi
777 4974 934 5037 prospere
990 4954 1575 5032 116666666166611161.86166616
1597 4960 1781 5032 praesenta-

143 5072 247 5118 causa
257 5056 372 5132 coepit3
387 5069 487 5131 super
501 5069 565 5131 quo
580 5055 615 5115 in
631 5054 747 5116 laudes
762 5057 795 5118 et
809 5058 935 5133 gratias
990 5057 1059 5119 tum
1073 5053 1168 5116 nobis
1184 5054 1356 5130 utriusque
1380 5051 1485 5129 partis
1507 5068 1697 5128 processum
1722 5056 1780 5116 mi·

143 5152 353 5229 assurgimus
368 5151 561 5212 Creatori.»
990 5169 1052 5214 nus
1085 5150 1281 5214 canonicum
1312 5150 1550 5221 invenerimus,
1585 5149 1780 5213 electionem

183 5252 225 5312 Et
238 5248 336 5320 inira,
359 5247 416 5309 ubi
431 5263 524 5309 arma
545 5263 641 5309 sacra
663 5251 865 5325 correptoris
878 5250 934 5312 in·
989 5249 1207 5320 cassavimus,
1222 5248 1255 5308 et
1276 5244 1529 5322 postulationem
1542 5261 1609 5308 666
1623 5247 1778 5312 duximus

143 5345 391 5423 dulgentiarum
414 5345 561 5420 praemia,
575 5346 608 5406 et
622 5345 810 5408 clientelam
823 5351 935 5426 11666-
990 5345 1237 5409 admittendam.
1255 5343 1537 5419 Nolentesitaque
1551 5344 1713 5406 1116611616
1729 5362 1781 5409 66·

141 5445 281 5507 16116661
293 5443 344 5504 661
357 5441 534 5519 pollicitus,
549 5442 641 5504 addit
657 5465 664 5504 :
992 5445 1093 5507 clesia
1110 5442 1233 5504 diutius
1249 5441 1382 5501 maneat
1406 5440 1549 5517 pastoris
1570 5440 1689 5503 solatio
1704 5443 1783 5506 des-

183 5539 380 5613 ‹Quocirca
394 5538 626 5601 excellentiam
650 5540 741 5603 tuam
765 5558 936 5606 monemus
993 5542 1099 5612 tituta,
1123 5555 1183 5617 per
1207 5536 1397 5615 apostolica
1420 5537 1544 5614 scripta
1574 5538 1779 5617 mandamus,

142 5642 179 5702 et
191 5637 406 5700 obsecramus
420 5636 455 5696 iu
474 5636 624 5711 Domino,
641 5639 802 5713 quatenus
826 5640 866 5702 de
880 5641 936 5701 di·
992 5640 1155 5717 quatenus
1170 5636 1313 5714 quatuor
1335 5636 1531 5706 vestrorum,
1548 5650 1630 5713 quos
1653 5635 1695 5698 ad
1719 5639 1781 5703 hoe
