3916 6204
246 307 306 369 sen
859 293 1036 356 nononu
1056 292 1102 354 111
1123 291 1271 353 ornas.
1793 293 1839 355 ως
1920 298 1921 325 ι

248 462 345 542 petiit
362 460 451 523 idem
467 456 733 526 archidiaconns,
749 453 783 515 et
797 451 1038 515 ordinationem
1093 449 1245 526 gentibus
1257 445 1450 517 omittendo,
1471 447 1539 508 tua
1558 445 1717 508 reddimus
1729 445 1839 511 celsito-
1920 410 1921 503 J

248 557 437 637 hujusmodi
451 554 642 632 Apostolico
669 551 828 613 roborare
856 548 1039 610 munimine
1094 547 1163 607 dini
1176 545 1449 607 commendatum.
1462 542 1838 619 Sanehrmissimeteneas,

252 658 478 733 dignaremur.
491 651 633 728 Ideoque
647 647 841 710 discretioni
849 647 968 708 vestrae
981 659 1041 721 per
1094 645 1127 705 et
1140 643 1331 706 nullatenus
1354 641 1496 713 dubites,
1514 640 1599 718 quod
1610 641 1657 702 sic
1673 642 1781 703 uostui
1792 643 1841 704 ho·
1920 624 1921 693 ἶ

249 748 439 831 Apostolica
476 749 600 825 scripta
634 745 847 817 mandamus,
878 744 1040 819 quatenus
1094 741 1186 802 noris
1205 741 1239 802 et
1259 738 1474 800 exaltationis
1492 738 1708 813 augmentum,
1726 741 1755 799 et
1770 741 1842 815 regni
1920 702 1921 751 ἶ

249 851 336 929 quod
352 864 453 925 super
465 847 529 908 hoo
544 844 680 922 provide
695 843 817 904 lactum
832 841 882 901 est
894 840 935 901 ab
949 838 1040 915 epis-
1094 838 1144 899 tui
1153 837 1428 914 tranquillitatem
1441 835 1634 897 affectamus
1652 836 1683 896 et
1697 838 1843 912 pacomii

250 963 333 1025 copo
351 945 532 1007 memorato
556 942 687 1003 faciatis
716 937 954 1000 inviolabiliter
977 934 1040 996 ob·
1096 935 1261 995 neminem
1283 934 1399 995 contra
1422 932 1486 994 hoc
1511 934 1701 1009 supportare
1722 932 1841 1005 velimus,

150 1044 153 1049 ⁴
250 1044 390 1117 servari,
421 1040 695 1109 contradictores,
720 1037 750 1097 si
772 1036 829 1112 qui
851 1030 1041 1095 fuerintvel
1096 1048 1197 1109 quum
1215 1031 1325 1108 potius
1346 1029 1605 1108 quibuscumque
1627 1030 1734 1090 contm
1751 1030 1787 1100 te,
1803 1030 1845 1090 aut

250 1141 403 1212 rebelles,
418 1155 479 1217 per
493 1152 668 1199 censuram
682 1132 953 1201 ecclesiasticam,
977 1145 1041 1206 ap·
1096 1145 1234 1206 regnum
1249 1132 1342 1192 tuum
1352 1126 1629 1198 machinantibus,
1638 1126 1738 1203 parati
1746 1141 1844 1198 sumus,

250 1238 430 1317 pellatione
445 1234 639 1314 postposita,
661 1228 909 1307 compescendo.
924 1228 1042 1288 Datum
1097 1228 1254 1304 tanquam
1267 1226 1307 1287 de
1320 1227 1433 1287 nostro
1448 1226 1586 1300 agerent
1604 1224 1772 1300 dispendio,
1788 1223 1845 1284 eiii·

250 1334 419 1407 Laterani,
435 1335 478 1395 IV
491 1333 566 1393 idus
581 1329 753 1399 februarii,
770 1341 858 1388 anno
874 1325 1000 1387 octavo.
1098 1324 1222 1387 caciter
1240 1323 1386 1386 obviare.
1405 1322 1497 1383 Unde
1513 1322 1685 1383 carissimo
1703 1321 1734 1381 in
1746 1320 1846 1382 Christo

1098 1421 1169 1482 illio
1183 1431 1297 1483 nostro
1309 1421 1397 1483 Belae
1409 1422 1492 1497 regi,
1510 1422 1588 1482 nato
1602 1421 1670 1490 tuo,
1680 1418 1847 1494 scriptanos

1099 1519 1284 1595 dirigimus,
1307 1521 1343 1581 ut
1357 1535 1393 1580 se
1407 1518 1468 1581 tibi
1486 1518 1592 1579 illium
1613 1516 1757 1577 devotum
1775 1514 1848 1575 exhi·

590 1621 708 1710 CLIV
1098 1618 1151 1678 tra
1165 1615 1341 1688 hostetin
1355 1615 1593 1678 nulloailliali
1608 1613 1850 1675 sereverentiaet

1100 1713 1274 1775 devotione
1294 1714 1465 1785 subducat,
1487 1714 1681 1790 provisurus
1694 1712 1849 1780 attentem

1101 1811 1277 1872 occasione
1303 1826 1374 1882 sua,
1400 1811 1453 1871 rel
1482 1824 1610 1877 eorum,
1633 1809 1689 1885 qui
1712 1822 1777 1868 cum
1797 1806 1849 1882 ipso

538 1904 570 1960 Η
586 1902 680 1959 martii
692 1900 771 1959 ¹²²4·
1101 1908 1284 1979 morantur,
1299 1922 1439 1983 regnum
1453 1903 1793 1982 contingatHnngariae
1801 1917 1851 1980 per

270 2030 445 2098 [horestus.
458 2026 747 2093 intepuimus.
760 2019 1033 2083 taronedurusuq
1101 2003 1240 2067 turbari.
1267 2003 1448 2066 Scribimus
1472 2004 1573 2065 etiam
1588 2000 1781 2064 morantibus
1798 2013 1851 2060 cum

1102 2101 1227 2174 eodem,
1242 2101 1278 2162 ut
1292 2100 1334 2162 ad
1347 2101 1554 2163 devotionern
1564 2101 1657 2164 tuam
1671 2095 1852 2176 praedictiilil

1102 2199 1151 2260 tui
1177 2199 1323 2260 animum
1352 2198 1580 2270 accendentes,
1609 2197 1692 2258 nihil
1719 2194 1775 2256 sibi
1794 2208 1852 2253 sua-

414 2369 421 2382 ,
726 2363 759 2376 ,,
865 2361 871 2373 ,
999 2357 1006 2370 ,
1104 2297 1215 2369 deant,
1247 2295 1396 2372 nihilque
1431 2295 1542 2357 lacere
1578 2294 1644 2372 ipsi
1681 2290 1852 2371 presumant,

297 2363 763 2440 H0n0r1u8,etc.,venerab1h
778 2362 874 2423 iratrr
889 2361 1047 2435 W.ep1s-
1104 2394 1192 2455 undo
1206 2394 1332 2455 moveri
1346 2393 1478 2465 debeas,
1495 2394 1528 2454 ot
1540 2392 1639 2468 mgni
1648 2392 1696 2453 tui
1709 2387 1855 2464 ΝΜ,

259 2483 321 2545 ⁰⁰¹³
323 2483 342 2528 ⁰
356 2465 519 2574 qu⁰ndf¹m
530 2460 731 2572 Mimffoefffli‘
809 2555 816 2569 ,
1104 2493 1156 2554 tas
1171 2490 1390 2569 perturbetur.
1414 2490 1576 2562 Quocirca
1590 2488 1803 2550 excellentiam
1813 2497 1854 2544 re-

299 2567 406 2636 Quum
416 2557 819 2639 episcopatu1M1matensr
834 2554 951 2632 sponte
972 2566 1049 2614 ces·
1104 2590 1194 2667 giam
1220 2604 1391 2651 monemus
1416 2591 1449 2650 et
1472 2588 1647 2650 hortamur
1661 2586 1782 2655 attente,
1795 2595 1856 2658 qm·

259 2649 1049 2738 saris‚episcopaliordinicederenonintendons,
1106 2690 1201 2750 tenus
1217 2687 1368 2749 eumdem
1383 2686 1498 2747 natum
1513 2686 1606 2746 tuum
1637 2684 1692 2760 qui
1704 2682 1848 2755 adtempm

259 2757 476 2821 fraternitatis
491 2757 557 2817 tuae
568 2752 721 2831 precibus
739 2748 893 2811 inclinati
908 2760 1053 2825 praesen·
1107 2800 1173 2847 non
1195 2788 1307 2847 tamen
1324 2786 1380 2847 tua
1393 2783 1515 2844 dicitur
1529 2729 1672 2843 cessisse
1687 2780 1783 2855 culpa,
1797 2718 1858 2836 sicu}

258 2857 343 2919 tium
363 2854 425 2916 tibi
452 2852 650 2915 auctoritate
673 2846 894 2918 concedimus,
916 2845 953 2906 ut
977 2858 1052 2903 cum
1105 2882 1192 2945 tanti
1217 2881 1306 2958 regis
1329 2881 1424 2943 decet
1441 2880 1557 2952 fllium,
1582 2880 1618 2940 et
1641 2871 1857 2945 memem-

260 2953 409 3065 ⁰.pi³⁰⁰pi
430 2949 610 3061 dssoeqesqm
624 2948 733 3058 .l.i⁰⁶¹¹.t
733 2946 768 3055 13
782 2960 857 3006 ΘΜ
874 2939 1052 3051 pqnfifloa'
1108 2981 1208 3056 nigne
1222 2995 1262 3040 ac
1277 2979 1416 3041 honeste
1430 2976 1564 3038 studeas
1577 2977 1857 3053 pertractaretur.

260 3051 347 3112 libus
376 3064 484 3128 possis
508 3061 665 3122 insigniis
694 3044 807 3106 druna
832 3039 943 3102 ollicsa
965 3036 1055 3099 cele-
1109 3076 1138 3136 si
1163 3091 1260 3137 secus
1287 3073 1400 3146 fieret,
1423 3070 1577 3135 nonnum
1600 3070 1750 3150 putarent
1770 3061 1858 3142 dimi·

259 3148 370 3210 bra're.
396 3145 488 3208 Nulli
512 3160 602 3220 ergo,
630 3145 706 3213 eto„
728 3139 850 3201 nostrae
866 3134 1056 3198 concessio-
1110 3175 1219 3236 misse
1233 3172 1305 3243 tihi,
1322 3172 1408 3249 quod
1421 3171 1508 3231 idem
1522 3170 1612 3230 filius
1626 3173 1702 3231 tuus
1716 3167 1793 3229 circa
1805 3174 1861 3221 um

260 3245 333 3354 ω’.
348 3244 473 3353 6ωῆὃί
492 3242 566 3318 qais
590 3241 711 3350 autem,
729 3239 791 3298 em·
817 3235 937 3296 Datum
953 3232 1054 3294 Late*
1110 3273 1157 3332 ris
1179 3287 1247 3331 suae
1270 3269 1493 3345 receptionem
1517 3266 1684 3328 mandatis
1703 3255 1861 3342 Apostohcis

261 3358 348 3415 Μ’
365 3343 408 3403 IV
420 3340 496 3401 ὡς
518 3338 641 3467 marm}
658 3349 746 3397 amm
761 3333 889 3395 ΟΜΝ·
1111 3368 1267 3430 obedivit.
1293 3368 1412 3428 Datum
1436 3363 1606 3437 Laterani,
1620 3366 1664 3426 IV
1683 3362 1752 3423 idus
1769 3352 1860 3447 martii.

1112 3464 1321 3545 pontificatus
1331 3464 1438 3526 nostri
1452 3478 1540 3525 anno
1555 3463 1685 3525 octavo.

292 1780 343 1839 Ad
357 1779 553 1850 episcopum
564 1774 735 1848 quondam
743 1767 1003 1831 mimatensem.

256 2157 290 2215 El
302 2154 432 2213 concedit
445 2161 477 2212 ut
495 2167 561 2210 oum
577 2148 786 2225 pontillcalihus
804 2146 938 2220 insigniis
952 2143 1047 2201 duna

467 2241 561 2300 cilicia
580 2239 724 2298 celebrare
735 2237 835 2310 possit.

614 3608 711 3697 CLV

363 3768 416 3830 Ad
430 3767 607 3828 Andrecm
620 3774 740 3836 repom
758 3757 966 3833 Hunporloe.
1450 3759 1568 3846 CLVI

541 3888 778 3951 mmmm·
1149 3906 1683 3974 Adoobltcsbirosetnlloscom
1696 3907 1844 3974 Belorell

428 4008 900 4082 pejer,c‹n.nip10m.,111,1,ses]
1377 4007 1645 4070 courmornntes.

267 4149 328 4217 Quo
344 4145 454 4204 lucilius
465 4140 620 4209 Andream,
635 4153 736 4212 regem
758 4134 928 4207 hungariae,
946 4129 981 4189 ad
996 4128 1060 4187 oill-
1387 4139 1421 4196 13
1437 4137 1532 4195 manti
1546 4136 1626 4195 1224,

302 4236 379 4294 cium
411 4232 500 4306 patris
529 4235 654 4298 revocet,
681 4225 840 4297 benignum
868 4222 909 4279 illi
936 4218 985 4277 dat
1005 4233 1062 4275 res·
1241 4263 1330 4329 [rejsq
1345 4262 1380 4313 co
1382 4260 1407 4314 d.
1421 4260 1625 4326 diplomat.,ll1,
1642 4252 1775 4324 sptbs]

324 4338 436 4382 oneum.

304 4341 322 4398 p
1118 4388 1193 4447 Belae
1210 4389 1290 4461 reg-is
1312 4389 1341 4444 iu
1355 4388 1469 4446 Austris
1481 4387 1602 4444 comites
1618 4400 1634 4443 a
1651 4374 1869 4441 seminandisintet

309 4433 1062 4522 H0n0pqusepiscopus,serrusservorumeb
1190 4486 1311 4550 patrem,
1331 4485 1360 4535 ct
1376 4478 1464 4535 illium
1484 4473 1635 4533 discordiis
1649 4472 1811 4531 dehortatur.

269 4546 443 4610 carissimo
477 4545 513 4604 in
545 4541 676 4602 Christo
724 4538 805 4609 filio,
841 4532 964 4596 illustri
992 4528 1064 4604 regi

269 4643 462 4721 Hungariae,
479 4640 619 4702 salutem
632 4626 1067 4712 ethpostolicambenedic-
1159 4614 1338 4685 Honorius,
1369 4613 1444 4683 etc„
1471 4608 1641 4671 nobilibus
1662 4606 1751 4675 viris,
1773 4600 1801 4661 et
1818 4589 1870 4654 aliis

269 4744 405 4807 tionem.
1121 4697 1811 4789 cumBelarege,natooarissimiinChristo
1821 4684 1871 4753 sui,

312 4844 379 4902 Per
401 4838 556 4899 dilectum
585 4831 691 4893 lilium
714 4831 766 4900 D.,
793 4823 1066 4887 archidiaconum
1121 4818 1211 4894 regis
1236 4810 1418 4887 Hungariae
1439 4804 1592 4877 illustris,
1620 4786 1871 4863 commorantibus·

273 4939 314 5000 de
339 4935 470 5008 Sirmio,
498 4933 609 4994 virum
630 4926 804 5005 providum
827 4926 861 4984 et
875 4920 1065 4987 discretum,
1162 4917 1232 4976 Nec
1246 4906 1422 4972 carissimo
1435 4904 1470 4964 in
1481 4901 1613 4963 Christo
1623 4899 1692 4959 tilio
1704 4880 1873 4982 nostromlu

274 5034 464 5100 serenitatis
478 5033 545 5093 tuae
560 5025 747 5103 recepimus
772 5022 912 5090 litterae,
928 5031 1068 5094 quarum
1122 5012 1205 5088 regi,
1231 5009 1308 5070 nato
1335 5000 1502 5065 carissimi
1524 4999 1560 5060 in
1582 4995 1712 5058 Christo
1727 4988 1782 5051 tilii
1798 4979 1873 5088 nostrl

275 5130 528 5199 continentiam,
549 5127 582 5187 et
596 5122 681 5201 qnod
704 5121 791 5182 idem
814 5116 1069 5179 archidiaconus
1124 5106 1263 5171 illustris
1286 5103 1375 5178 regis
1398 5097 1589 5173 Hungariea,
1610 5108 1671 5155 nec
1696 5087 1784 5151 vobis
1804 5080 1875 5140 ohan

275 5231 397 5295 nobilis
412 5244 455 5289 ex
470 5226 563 5303 parte
573 5224 631 5284 tua
645 5216 828 5297 proposuit,
844 5211 1069 5275 intelleximus
1124 5202 1307 5283 expediret,
1316 5200 1345 5261 si
1357 5199 1465 5260 dictus
1477 5194 1557 5257 Bela
1569 5190 1654 5269 patri
1667 5203 1727 5248 suo
1738 5172 1875 5247 indevotus

275 5327 464 5405 diligenter.
486 5318 652 5398 Imprimis
666 5317 780 5391 itaque
795 5311 1069 5374 archidiaconum
1125 5300 1296 5370 existeret,
1334 5299 1369 5358 et
1389 5311 1409 5356 a
1432 5290 1620 5355 reverentia
1633 5286 1667 5347 et
1690 5275 1876 5373 nevouoneu

277 5411 1072 5506 ipsumcircumspectu,etdiligentiacumsuper
1126 5398 1324 5462 subduceret
1358 5391 1465 5454 filiali.
1494 5386 1598 5451 Nobis
1625 5382 1764 5456 denique
1790 5362 1877 5431 uterill

276 5522 430 5586 omnibus
445 5520 508 5581 ate
520 5515 583 5577 sihi
597 5511 783 5576 commissis
798 5505 951 5574 sollicite,
965 5501 1073 5562 tideli-
1126 5492 1329 5573 displiceret,
1337 5490 1365 5552 si
1372 5487 1517 5566 quidper
1525 5461 1879 5566 eumdsmsselamrolhii

235 5604 240 5617 ’
278 5623 329 5683 ter
343 5635 383 5681 ac
397 5615 576 5695 prudenter
593 5608 761 5681 institerit,
783 5605 867 5668 nihil
880 5603 922 5664 de
937 5599 1072 5664 contin·
1126 5610 1186 5659 vos
1210 5591 1314 5662 tieret,
1338 5586 1424 5649 unde
1439 5582 1534 5661 regni
1550 5576 1729 5653 Hungarise
1743 5552 1876 5639 tranqui-
