4014 6224
115 310 173 372 tis

117 471 312 539 Bernhardo
325 472 412 537 duca
428 475 594 550 saxoniae,
611 475 704 554 patre
719 492 790 549 sno,
807 478 914 539 eidem

117 556 322 635 monasterio
336 572 508 650 irrogatis,
525 591 565 637 ac
579 575 710 636 demum
729 574 833 652 ipsius
848 575 914 637 loci

118 670 914 750 abbate,occasionehujusmodicontrorersiae,a

118 766 316 845 quibusdam
339 766 381 828 de
402 768 530 830 familia
550 768 680 847 praeiati
702 769 832 831 comitis
848 785 913 830 nou

117 865 193 926 sine
207 865 315 941 ipsius
330 864 555 937 conniventia,
573 867 659 928 sicut
673 867 829 937 creditur,
844 867 915 944 pri-

116 962 196 1024 uato
209 962 337 1023 lumine
352 962 524 1023 oculorum
542 964 575 1024 et
588 963 702 1039 lingna
721 963 822 1025 etiam
837 979 913 1024 mu-

116 1059 224 1131 tilato,
237 1059 374 1120 tandem
390 1059 562 1136 lindegero
576 1060 793 1137 procuratore
808 1060 914 1137 ipsius

116 1153 315 1215 monasterii
328 1153 361 1214 et
372 1153 510 1229 praefato
522 1155 642 1216 comite
653 1150 689 1215 in
703 1154 817 1216 nostra
827 1171 916 1233 prae-

117 1250 226 1313 sentia
237 1250 439 1322 constitutis,
450 1248 537 1312 iacta
550 1250 613 1313 tuit
624 1251 775 1328 quaedam
786 1267 916 1329 compo·

116 1348 195 1410 sitio
210 1348 303 1409 inter
315 1348 426 1425 partes
441 1351 474 1409 et
485 1346 585 1410 bullae
598 1350 720 1410 nostrae
733 1349 914 1412 munimine

114 1446 287 1508 roborata.
304 1445 516 1507 Postmodum
533 1461 609 1507 vero
624 1446 712 1506 idem
727 1444 829 1507 abbas
844 1462 915 1523 per·

117 1542 284 1605 sonaliter
302 1541 344 1602 ad
365 1542 589 1619 Apostolicam
612 1543 729 1604 Sedem
752 1543 914 1605 accedens

114 1641 295 1719 proposuit
307 1655 420 1701 coram
432 1639 540 1709 nohis,
556 1641 794 1702 monasterium
807 1641 914 1719 ipsum

116 1739 280 1800 iumultis
291 1753 351 1815 per
360 1738 631 1815 compositionem
640 1739 830 1818 hujusmodi
840 1756 915 1802 esse

115 1824 251 1906 laesum,
275 1852 376 1912 quum
398 1835 493 1898 multi
515 1852 689 1913 processus
711 1838 804 1913 prius
825 1838 915 1899 circa

116 1934 337 2012 quaestionem
349 1934 552 2010 predictam,
561 1950 621 2011 pro
631 1934 703 2010 ipso
714 1935 915 1996 monasterio

114 2031 236 2103 babiti,
251 2032 430 2093 rideantur
445 2048 505 2109 per
519 2031 789 2109 compositionem
808 2034 915 2109 ipsam

114 2131 152 2190 in
167 2130 318 2207 ejusdem
334 2130 530 2190 monasterii
544 2129 776 2208 praejudicium
791 2131 824 2192 st
843 2146 916 2206 qra-

114 2242 238 2289 ramen
249 2227 416 2298 extinctis,
426 2226 459 2288 et
468 2242 527 2304 per
536 2226 685 2288 eamdem
698 2227 798 2288 etiam
809 2228 915 2305 ipsius

114 2324 316 2386 monasterii
356 2323 542 2402 privilegiis
576 2324 763 2401 derogetur,
796 2325 915 2402 quibus

115 2425 169 2485 est
193 2421 361 2483 indultum
383 2422 527 2484 Gernoto
549 2422 661 2483 abbati
682 2424 716 2484 et
738 2422 915 2484 conventui

115 2520 314 2582 monasterii
329 2520 510 2597 saepedicti,
528 2521 564 2581 ut
579 2520 707 2597 possint
722 2537 917 2597 quemcum-

116 2632 182 2696 que
201 2617 382 2690 volueriut,
400 2633 570 2679 assumere
588 2618 783 2680 advocatum
806 2620 839 2680 et
860 2635 917 2679 as-

115 2716 297 2792 sumptum,
323 2715 352 2776 si
377 2716 426 2777 eis
446 2716 557 2792 gravis
578 2716 632 2777 vel
655 2715 783 2778 inutilis
801 2714 912 2789 luerit,

114 2828 303 2885 removere,
334 2813 420 2890 qnod
445 2829 511 2874 non
534 2813 657 2889 poterit
680 2812 765 2882 ilari,
790 2814 819 2873 si
843 2830 917 2875 ser-

115 2913 214 2973 vetur
233 2910 430 2986 compositio
452 2913 646 2972 memorate.
666 2912 774 2982 Quare
796 2927 917 2989 supra-

735 294 967 376 n‘rrsr'oum.
990 296 1069 377 im.
1091 316 1146 379 vu

1061 636 1114 696 Ad
1127 637 1324 711 episcopum
1337 637 1674 699 Hatberstadanscm.

1247 767 1282 824 ll
1297 769 1390 824 martii
1403 769 1483 826 liii.

1046 888 1492 953 [lleiuemann,Codeanl1altinns,
1505 906 1532 955 p.
1544 891 1584 950 tt,
1594 907 1619 942 n.
1632 891 1685 957 62]

986 1012 1129 1086 Episcopo
1148 1014 1390 1085 lietberstadensi,
1410 1023 1441 1074 ut
1457 1014 1559 1073 ducem
1574 1017 1705 1075 Saxonis
1715 1022 1747 1074 et

1012 1101 1146 1159 comitem
1159 1103 1285 1160 escariae
1299 1104 1377 1174 citet,
1395 1104 1526 1177 quotiens
1537 1119 1610 1177 opus
1624 1103 1718 1163 inerit.

1008 1227 1176 1289 Honorius
1185 1229 1373 1306 episcopus,
1383 1230 1762 1303 servusservorumDei,

969 1323 1156 1385 venerabili
1166 1324 1262 1387 tratri
1277 1327 1447 1388 ruderico
1458 1328 1613 1405 episcopo
1623 1327 1765 1389 Halber-

969 1420 1127 1493 stadensi,
1144 1423 1296 1496 salutem,
1313 1424 1376 1484 etc.

1009 1518 1155 1581 Dilectus
1175 1519 1265 1581 illius
1287 1521 1451 1583 (ternotus
1473 1521 1575 1582 abbas
1596 1520 1766 1582 Nieubur-

969 1616 1081 1692 gensis
1096 1616 1192 1677 nobis
1206 1617 1377 1679 humiliter
1391 1618 1600 1695 supplicavit,
1615 1618 1652 1681 ut
1663 1631 1764 1695 quum

970 1728 1088 1775 causas
1116 1730 1189 1791 quae
1215 1715 1304 1776 inter
1330 1716 1440 1792 ipsum
1465 1718 1498 1777 et
1521 1716 1649 1778 nobiles
1673 1715 1765 1776 viros

968 1810 1139 1872 Albertum
1167 1811 1285 1874 ducem
1316 1813 1471 1874 Saxoniae
1504 1828 1545 1874 ac
1569 1812 1763 1885 Henricum,

970 1909 1123 1970 comitem
1137 1909 1295 1976 escariae,
1312 1908 1448 1971 tratrem
1463 1912 1546 1987 eJus,
1561 1908 1767 1985 magdebur-

969 2006 1081 2080 gensis
1092 2005 1427 2067 etllalberstadensis
1442 2006 1647 2077 dioecesium,
1664 2021 1765 2083 super

970 2103 1113 2164 diversis
1156 2103 1308 2165 articulis
1350 2104 1529 2180 agitantur,
1571 2104 1766 2165 duxerimus

970 2200 1233 2273 committendas,
1245 2201 1279 2263 et
1288 2202 1397 2263 nuntii
1410 2202 1558 2279 ejusdem
1573 2200 1701 2262 abbatis
1716 2200 1767 2262 ci*

969 2299 1132 2362 tatianum
1158 2298 1288 2360 litteras
1317 2315 1384 2361 non
1420 2298 1566 2361 audeaut
1593 2298 1765 2376 porrigere
1868 2326 1871 2333 ·

970 2394 1137 2456 nobilibus
1164 2396 1368 2469 memoratis,
1394 2412 1495 2473 super
1521 2396 1584 2457 linc
1605 2394 1765 2473 provide·

969 2508 1081 2553 remus
1096 2492 1214 2554 eidem.
1236 2494 1379 2571 ideoque
1400 2493 1603 2556 fraternitati
1620 2496 1686 2555 tuae
1706 2507 1767 2570 per
1843 2555 1845 2559 .

970 2591 1159 2667 Apostolica
1170 2592 1294 2670 scripta
1305 2591 1445 2654 tirmiter
1455 2591 1659 2668 injungendo
1674 2606 1767 2652 man-

970 2687 1098 2760 damus,
1116 2689 1290 2765 quatenus,
1306 2688 1460 2765 quotiens
1476 2703 1558 2764 opus
1578 2675 1689 2759 fuerit,
1707 2703 1767 2764 per

969 2784 1074 2856 tarel
1085 2786 1246 2862 partuum
1256 2787 1382 2848 certum
1392 2786 1424 2847 et
1434 2785 1765 2857 idoneumnuntium,

970 2882 1145 2944 citationes
1183 2883 1280 2945 dictis
1317 2883 1484 2945 nobilibus
1517 2882 1669 2959 porrigas
1706 2896 1767 2959 pro

16 3742 17 3745 ,
115 3690 282 3766 quatenus
290 3688 687 3765 si,partibusccnvocatis
698 3691 731 3754 et
739 3690 917 3766 diligenter

970 2979 1283 3057 causisbujusmodi
1294 2980 1522 3057 porrigendas.
1533 2980 1650 3041 Datum
1660 2982 1768 3055 Anag-

969 3076 1046 3149 niae,
1060 3078 1090 3138 11
1100 3077 1176 3138 idus
1187 3077 1311 3150 martii,
1324 3076 1536 3154 pontificatus
1546 3076 1665 3150 nostri,
1677 3090 1766 3147 annu

970 3174 1076 3236 sexto.

114 3007 215 3070 dictis
230 3008 343 3069 causis
358 3009 391 3070 et
409 3008 580 3069 nonnullis
595 3008 673 3069 aliis
691 3024 803 3070 coram
818 3008 914 3071 nobis

115 3106 288 3183 expressis
314 3105 517 3183 supplicavit
540 3106 715 3178 instanter,
744 3106 781 3167 ut
808 3106 915 3168 eidem

114 3201 322 3264 monasterio
332 3218 392 3280 per
401 3203 624 3266 restitutionis
636 3202 834 3265 beneficium
844 3221 916 3266 suc·

115 3315 255 3361 currere
269 3299 496 3375 dignaremur.
512 3302 618 3372 Quum
634 3301 737 3376 igitur
755 3300 916 3363 ecclesia-

115 3411 191 3458 rum
207 3396 496 3467 indemnitatibus,
511 3397 665 3472 exigente
678 3395 788 3459 debito
803 3398 917 3474 pasto-

115 3494 199 3555 ralis
211 3494 326 3567 officii,
334 3509 512 3556 occurrere
525 3495 710 3569 teneamur,
721 3492 915 3557 discretioni

114 3592 237 3652 restrae
259 3606 320 3668 per
343 3592 535 3669 apostolica
566 3592 692 3670 scripta
719 3591 915 3653 mandamus

1263 3435 1477 3523 CXXXVII

990 3587 1043 3647 Ad
1062 3586 1253 3649 derectum
1266 3588 1423 3649 abbatem
1435 3589 1743 3664 Nieuburqcosem..

1249 3718 1284 3775 ll
1298 3718 1390 3775 martii
1407 3717 1486 3776 1222.

115 3786 253 3858 auditis,
269 3786 474 3848 inveneretis
489 3802 550 3863 per
566 3788 841 3865 compositionem
855 3804 916 3849 seu
1047 3839 1224 3904 [utinenses
1239 3840 1325 3892 codex
1338 3838 1502 3898 muninus,
1515 3855 1542 3904 p·
1556 3840 1597 3900 ω,
1610 3853 1636 3891 n.
1647 3839 1687 3889 03·

114 3883 343 3960 provisionem
349 3886 420 3961 jam
431 3883 553 3946 dictam
564 3885 704 3947 multum
714 3885 831 3948 laesum
841 3901 916 3947 esse

115 3980 358 4043 monasterium
379 3983 609 4055 memoratum,
639 3983 734 4056 illud,
763 3983 917 4061 appella.
971 3962 1103 4038 indulget
1123 3964 1217 4023 abbati
1238 3964 1460 4039 Nieuburgeusi,
1485 3972 1518 4023 ut
1537 3963 1763 4038 receptissimo

114 4079 207 4141 tione
221 4079 362 4150 remota,
385 4078 420 4140 in
442 4080 608 4156 integrum
623 4080 812 4153 restituere,
827 4081 915 4143 dicta
1004 4054 1087 4110 nisce
1109 4052 1137 4110 in
1153 4068 1205 4110 suo
1224 4055 1399 4115 monasterio
1417 4062 1446 4110 et
1460 4053 1496 4111 ob
1515 4052 1555 4122 id,
1571 4054 1716 4112 translatis
1730 4052 1765 4111 ed
1815 4134 1818 4147 Ι

116 4176 360 4252 compositione
379 4177 512 4253 penitus
532 4180 700 4250 revocata,
721 4173 856 4250 curetis,
876 4194 916 4240 ac
1006 4142 1524 4253 811310οὼΡωῃηθῃ“3.ωι”]““3“θ
1540 4149 1639 4215 ΜΠ·
1785 4234 1787 4247 ,

115 4272 236 4334 deinde
252 4288 429 4349 processus
449 4273 625 4350 praedictos
642 4274 813 4349 iacientes,
830 4275 917 4337 sicut
1009 4274 1179 4337 Honorius
1189 4274 1374 4352 episcopus,
1388 4275 1463 4346 etc,
1478 4274 1676 4337 dilecteillio
1689 4277 1768 4337 Ger·

112 4372 239 4447 Justum
256 4368 368 4442 tuerit,
390 4370 530 4432 tirmiter
552 4371 735 4446 observari,
757 4372 912 4445 audiatis,
969 4371 1047 4433 noto
1063 4371 1174 4433 abbati
1188 4371 1445 4447 Nieuburgensi,
1462 4373 1615 4445 salutem,
1630 4371 1693 4435 etc.

116 4467 240 4545 siquid
260 4468 462 4531 remanserit
483 4469 688 4545 quaestionis,
710 4471 743 4531 et
766 4470 916 4547 appella·
1010 4468 1170 4530 Precibus
1185 4469 1252 4530 tuis
1269 4468 1449 4545 benignum
1464 4470 1691 4547 impertientes
1706 4485 1764 4531 as-

114 4564 207 4626 tioue
232 4568 364 4626 remota
389 4565 455 4627 tine
489 4566 598 4628 debito
628 4568 828 4637 terminetis,
863 4567 916 4629 ia·
970 4582 1116 4636 sensum,
1134 4566 1333 4628 auctoritate
1347 4565 1408 4627 tibi
1426 4567 1641 4644 praesentium
1654 4566 1768 4629 indul-

116 4662 256 4734 cientes,
290 4661 376 4739 quod
412 4664 609 4734 statueritis,
646 4679 707 4741 per
738 4680 915 4727 censuram
969 4680 1096 4740 gemus,
1121 4666 1158 4725 ut
1178 4665 1207 4724 si
1231 4663 1336 4740 aliqui
1358 4663 1483 4725 inerint
1504 4665 1539 4725 iu
1561 4665 1765 4727 monasterio

115 4759 389 4832 ecclesiasticam,
421 4760 560 4821 firmiter
594 4761 778 4835 observari,
812 4763 914 4823 nullis
969 4763 1025 4823 tuo
1047 4761 1101 4822 vel
1125 4762 1160 4821 in
1184 4760 1262 4822 aliis
1284 4760 1344 4822 tibi
1367 4760 1525 4838 subjectis
1548 4764 1674 4840 recepti
1695 4778 1767 4825 me-

16 4916 19 4925 ,
116 4855 329 4919 obstantibus
351 4856 472 4919 litteris
497 4874 597 4935 super
620 4858 683 4920 hoc
706 4859 870 4921 hacteuus
894 4876 914 4921 a
970 4857 1081 4920 diante
1093 4858 1174 4920 vitio
1186 4858 1338 4919 simoniae
1351 4858 1420 4919 illis
1430 4860 1603 4922 translatis
1614 4860 1654 4922 de
1669 4860 1763 4933 locis,

116 4953 199 5016 Sede
210 4954 600 5031 Apostolicaimpetratis
610 4956 663 5017 vel
677 4958 915 5019 constitutione
969 4956 1004 5016 in
1028 4956 1147 5033 quibus
1169 4955 1218 5016 sic
1242 4956 1368 5032 recepti
1391 4954 1536 5029 fuerunt,
1559 4958 1594 5018 in
1619 4957 1686 5021 alia
1706 4958 1764 5019 tuo

114 5050 156 5112 de
167 5050 298 5112 duabus
313 5051 422 5113 diaetis
438 5051 526 5113 edita
541 5053 576 5113 in
587 5053 735 5115 Concilio
751 5054 912 5131 generali.
969 5053 1171 5115 monasterio
1185 5052 1316 5115 subdita
1331 5053 1440 5130 possis
1461 5071 1562 5131 super
1575 5055 1637 5116 hcc
1656 5055 1765 5131 poeni·

114 5149 229 5210 'restes
251 5149 375 5222 autem,
391 5150 454 5211 etc.
479 5150 571 5220 Quod
595 5150 623 5211 si
643 5167 711 5213 non
733 5168 846 5214 omnes
861 5152 914 5213 bis
968 5152 1105 5213 tentiam
1119 5151 1293 5228 injungere
1313 5152 1562 5228 competentem,
1577 5167 1616 5213 ac
1631 5152 1665 5212 iu
1680 5152 1764 5214 locis

115 5245 342 5322 exsequendis
364 5247 541 5322 potueritis
555 5247 730 5321 interesse,
748 5249 813 5310 duo
832 5266 913 5311 ves·
969 5248 1135 5310 dimittere
1161 5248 1197 5308 in
1226 5247 1345 5326 quibus
1369 5247 1411 5308 ob
1439 5264 1575 5310 causam
1609 5249 1765 5313 translati

114 5344 203 5404 trum
229 5359 270 5404 ea
295 5342 515 5405 nihilominus
537 5347 773 5422 exsequantur.
795 5347 913 5408 Datum
969 5345 1103 5407 inerunt
1121 5346 1358 5422 supradictam.
1383 5345 1430 5406 nd
1448 5346 1530 5417 haec,
1554 5345 1582 5405 si
1605 5346 1662 5424 qui
1680 5347 1763 5409 suh-

114 5440 287 5516 Anagniae,
304 5443 334 5503 11
350 5440 425 5502 idus
440 5441 563 5515 martii,
580 5442 793 5521 pontificatus
807 5444 913 5506 nostri
969 5439 1182 5520 crantore
1209 5443 1326 5504 fraude
1346 5443 1522 5504 commissa
1543 5443 1578 5504 in
1599 5443 1765 5508 solutione

115 5551 205 5600 anno
223 5539 331 5600 sexte.
968 5540 1136 5602 vicesimae
1156 5540 1509 5603 excommunicationis
1528 5541 1684 5620 laqueum
1705 5543 1764 5604 in-

969 5638 1145 5711 currerint,
1181 5637 1242 5700 tibi
1274 5637 1375 5699 liceat
1402 5653 1460 5699 eos
1493 5637 1667 5703 absolvere
1692 5641 1765 5704 vice
