3916 6204
214 268 275 329 aco
485 236 491 251 “
819 222 1006 333 'nouonn
1027 272 1073 333 111
1094 272 1243 340 ornan.
1789 282 1838 344 no

215 425 380 498 babuerit,
409 431 442 492 et
463 444 503 493 ea
521 430 626 507 gratis
645 432 682 493 et
697 429 822 508 absque
846 430 1008 508 pravitate
1062 430 1191 495 dilectis
1203 433 1283 495 illlis
1297 432 1434 507 decano,
1450 436 1580 499 cantui
1594 437 1627 500 et
1643 438 1681 500 Ρ.
1692 441 1836 503 canonino

215 525 328 603 aliqua
358 522 453 588 ubbis
483 528 626 590 voluerit
652 527 823 589 exhibere.
852 527 1008 605 Alioquin
1064 531 1097 590 S.
1116 530 1296 593 audomari
1310 532 1512 594 Morinensis
1531 534 1695 608 diaecesis,
1713 537 1836 600 mutan

213 621 316 686 liceat
338 624 432 685 vobis
447 640 685 702 quemcumque
709 624 895 688 malueritis
914 625 1008 686 adire
1061 629 1095 688 et
1108 629 1331 704 Apostolicam
1348 630 1624 693 benedictionem.

213 721 408 793 antistitem,
445 723 501 799 qni
535 724 649 784 nostra
681 722 782 784 tultus
810 723 1008 787 anctoritate
1102 725 1220 786 Dilecti
1235 725 1297 788 lilii
1310 727 1454 789 decanus
1469 729 1503 790 et
1512 729 1693 805 capitulum
1703 730 1836 793 ecclesie

214 820 300 895 quod
314 820 499 896 postuletur
509 819 690 901 indulgeat.
707 820 916 897 sepulturam
929 836 1008 898 quo·
1063 823 1175 884 Sancti
1198 823 1374 885 Donatiani
1389 827 1570 901 brugensis
1583 827 1777 890 transmissa
1786 844 1837 890 no·

212 932 277 993 que
293 916 398 992 ipsius
415 916 491 988 loci,
513 917 589 989 etc,
604 932 713 990 usque
727 918 840 979 nullus
855 917 1004 990 obsistat,
1061 916 1111 978 bis
1140 920 1299 995 petitione
1321 923 1560 994 monstrarunt,
1590 923 1678 1000 quod
1701 923 1836 986 omullus
1937 920 1938 969 l

213 1014 306 1075 salva
318 1014 569 1091 tamenjastitia
581 1014 730 1077 matricis
741 1015 907 1076 Ecclesiae.
921 1017 1009 1076 Prae·
1061 1015 1110 1076 eis
1134 1031 1154 1077 a
1177 1017 1262 1078 sede
1279 1018 1469 1095 Apostolica
1490 1020 1534 1082 sit
1559 1019 1737 1093 indultum,
1761 1023 1794 1083 ut
1812 1022 1836 1083 si

212 1113 305 1173 terea
322 1110 423 1173 liceat
436 1111 531 1173 uobis
544 1112 578 1172 in
594 1112 746 1173 ecclesiis
761 1112 881 1173 vestris
894 1127 1007 1173 sacer·
1061 1112 1194 1189 quando
1206 1113 1321 1176 clerici
1326 1116 1454 1193 jugiter
1467 1117 1651 1181 servientes
1664 1118 1837 1193 moedesie
1937 1144 1938 1163 κ

211 1209 306 1271 dotes
320 1209 458 1285 eligere,
473 1212 507 1272 et
517 1209 841 1271 electosdioecesano
851 1210 1006 1287 episcopo
1062 1208 1133 1284 ipsa
1165 1207 1376 1285 deliquerint,
1410 1213 1651 1274 correctionem
1691 1213 1837 1290 recipiant

211 1308 429 1384 praesentare,
443 1307 574 1385 quibus,
592 1307 621 1368 si
640 1307 753 1369 idonei
767 1307 902 1380 luerint,
916 1308 1007 1384 epis-
1061 1303 1149 1367 inira
1173 1305 1368 1381 claustrum,
1399 1308 1469 1369 nisi
1493 1308 1609 1370 forsan
1636 1310 1837 1387 usqueadeo
1937 1340 1938 1347 ,

211 1420 315 1481 copus
340 1420 454 1466 curam
478 1405 665 1466 animarum
690 1406 873 1467 committat
897 1408 931 1467 et
956 1404 1005 1466 eis
1061 1401 1185 1465 inerint
1198 1419 1318 1479 graues
1330 1419 1446 1466 eorum
1456 1421 1626 1478 excessus,
1635 1407 1724 1484 quod
1735 1408 1837 1470 merito

211 1501 251 1564 de
267 1484 509 1579 spiritualibus,
531 1502 625 1564 vobis
647 1505 759 1565 autem
778 1504 818 1565 de
838 1504 1007 1580 tempora·
1060 1498 1203 1562 debeant
1224 1501 1266 1563 ad
1296 1502 1413 1563 wem
1441 1503 1667 1580 apostolicam
1687 1504 1836 1566 laborare
1938 1534 1939 1539 κ

209 1600 298 1661 libus
325 1599 466 1662 debeant
489 1601 701 1678 respondere.
726 1601 819 1662 Nulli
842 1603 1005 1678 praeterea
1060 1597 1175 1674 Nuper
1184 1598 1386 1659 venerabilis
1395 1599 1620 1663 fraternoster
1631 1603 1837 1663 Tornaoensis

209 1698 349 1758 fratrum
372 1698 471 1760 liceat
493 1699 608 1761 contre
632 1698 740 1775 ipsum
765 1697 929 1769 abbatem,
951 1697 1005 1759 vei
1059 1695 1235 1772 episcopus
1249 1695 1316 1757 loci
1333 1696 1542 1759 diocesanos
1554 1699 1637 1760 duos
1651 1715 1765 1761 eorum
1776 1715 1838 1761 cou-

211 1797 326 1857 contra
345 1796 474 1872 priores
496 1795 537 1857 ob
557 1812 598 1857 ea
616 1796 862 1858 rationabiliter
880 1795 1006 1859 consti-
1060 1792 1239 1855 canonicos
1262 1793 1504 1871 delinquentes,
1529 1795 1586 1872 qui
1614 1797 1713 1874 juxta
1735 1796 1835 1858 indul·

209 1893 298 1954 tutos
318 1892 502 1968 insurgere,
521 1896 554 1954 et
574 1893 739 1955 mandatis
758 1908 798 1954 ao
817 1892 1004 1969 disciplinis
1058 1892 1246 1967 gentianum
1267 1891 1416 1969 ipsarum
1443 1893 1591 1955 tenorem
1614 1895 1835 1956 correctionem

208 1989 312 2062 illins,
327 2006 401 2068 quae
413 1990 454 2051 ad
468 1991 655 2051 animarum
671 1992 811 2052 salutem
825 1990 1002 2068 pertinent,
1059 1988 1147 2051 intra
1169 2004 1285 2051 eornm
1310 1990 1494 2053 claustrum
1517 1990 1689 2068 suscipere
1705 1992 1837 2068 suntpe·

208 2088 387 2149 contraire.
410 2087 514 2149 iustis
532 2102 662 2164 quoquo
685 2085 951 2148 ordinationibus
971 2088 1005 2149 et
1058 2088 1135 2159 rati,
1160 2088 1278 2150 citarit
1298 2088 1385 2165 apud
1408 2092 1651 2150 Tornacensern
1678 2088 1835 2150 ecclenau

207 2184 552 2246 administrationibus
567 2184 674 2261 ipsius
688 2185 724 2246 in
737 2185 851 2262 aliquo
868 2184 1003 2246 detrac—
1058 2185 1283 2261 corrigendos,
1306 2187 1343 2247 in
1360 2186 1609 2263 derogationem
1631 2187 1836 2263 indulgentie

206 2284 291 2355 tare,
307 2282 360 2343 uel
374 2282 436 2358 ipsi
451 2281 645 2344 inobediens
660 2284 693 2343 et
706 2281 842 2344 rebellis
857 2282 1003 2344 existere
1057 2298 1131 2343 rum
1145 2283 1293 2360 ipsarum
1307 2285 1341 2346 et
1364 2285 1557 2347 eorumdem
1576 2285 1694 2347 decani
1705 2287 1740 2347 et
1757 2285 1836 2361 capi·

207 2378 321 2440 nullus
343 2395 459 2440 eorum
481 2382 673 2456 praesumat
697 2379 845 2442 Obeunte
868 2394 949 2441 vero
969 2380 1003 2441 te
1058 2379 1119 2440 tuli
1134 2380 1833 2461 prejudiciumetgravamempropterquod

207 2492 299 2538 nunc
314 2477 462 2555 ejusdem
477 2477 543 2538 loci
557 2476 688 2549 abbate,
702 2478 755 2539 vel
769 2479 904 2539 tuorum
918 2492 1004 2554 quo-
1057 2476 1122 2553 ipsi
1143 2478 1186 2539 ad
1218 2482 1366 2541 nostram
1395 2479 1600 2542 sudandam
1628 2480 1832 2557 appellarunt

206 2573 290 2636 libet
309 2590 550 2646 successorum,
569 2573 681 2635 nullus
699 2573 747 2635 ibi
762 2573 911 2651 qualibet
924 2572 1004 2634 sub-
1058 2576 1167 2646 Quare
1186 2576 1283 2638 nobis
1304 2592 1348 2638 ex
1368 2579 1463 2654 parte
1478 2576 1676 2640 dilectorum
1690 2577 1835 2640 decantet

209 2672 374 2750 reptionis
383 2672 517 2745 astutia,
530 2688 590 2734 seu
604 2672 763 2734 violentia
776 2672 1001 2750 praeponatur,
1057 2672 1195 2749 capituli
1214 2673 1277 2736 luit
1299 2674 1470 2737 humiliter
1489 2674 1723 2752 supplicatum,
1749 2675 1834 2747 atsi

209 2770 275 2831 nisi
296 2785 393 2851 quem
413 2769 534 2832 iratres
558 2770 726 2831 communi
746 2785 921 2841 consensu,
948 2768 1002 2830 vel
1058 2769 1136 2848 quid
1169 2769 1284 2832 forsan
1312 2771 1347 2832 in
1377 2786 1494 2833 eornm
1522 2772 1752 2850 prejudicium
1775 2772 1836 2849 post

208 2866 349 2930 fratrum
378 2883 456 2945 pars
489 2868 621 2929 consilii
649 2867 806 2949 sanioris,
822 2866 1003 2929 secundum
1057 2867 1247 2944 hujusmodi
1270 2868 1527 2946 appeliationem
1542 2870 1633 2932 esset
1655 2870 1776 2932 minere
1793 2870 1836 2930 al·

207 2966 311 3028 Deum
326 2966 359 3026 et
373 2964 462 3028 beati
474 2964 646 3027 Benedicti
660 2965 823 3041 reguiam,
836 2964 877 3025 de
891 2965 1002 3025 restro
1056 2965 1235 3038 tentatum,
1260 2964 1294 3026 in
1317 2967 1439 3029 statum
1458 2965 1604 3029 debitum
1630 2966 1787 3039 revocari,
1809 2966 1836 3026 et

208 3063 350 3140 collegio
376 3063 534 3125 duxerint
553 3061 754 3139 eligendum.
770 3061 819 3123 Ad
843 3060 1002 3123 indicium
1057 3061 1208 3123 eumdem
1238 3063 1431 3140 episcopum
1461 3063 1503 3126 ab
1526 3079 1642 3126 eorum
1663 3079 1762 3141 super
1783 3063 1837 3124 boc

208 3164 331 3234 autem,
349 3161 433 3239 quod
448 3160 536 3222 idem
555 3160 794 3223 monasterinm
813 3158 1004 3237 specialiter
1035 3216 1038 3233 ,
1056 3160 1251 3236 gravamine
1279 3161 1441 3224 desistore
1469 3160 1666 3224 laceremus.
1690 3162 1837 3235 Quocirca

207 3257 297 3321 beati
324 3258 416 3321 Petri
437 3258 526 3336 juris
552 3258 672 3329 exstat,
696 3254 878 3319 bisantium
900 3270 1003 3317 unum
1056 3256 1251 3321 discretioni
1272 3258 1394 3321 vesoae
1421 3274 1482 3337 per
1511 3259 1702 3336 apostolica
1728 3259 1838 3336 scripta

208 3356 305 3419 nobis
325 3356 514 3432 nostrisque
536 3353 785 3416 successoribus
805 3353 904 3416 annis
927 3352 1002 3414 siu·
1057 3355 1253 3416 mandamus
1264 3357 1438 3432 quatenus,
1455 3356 1484 3417 si
1499 3357 1551 3419 est
1567 3356 1626 3429 ita,
1647 3355 1838 3420 revocatoin

207 3453 297 3528 gulis
317 3451 523 3530 persolvetis.
544 3451 761 3513 Decernimus
775 3465 856 3526 ergo
868 3453 904 3512 ut
918 3448 1003 3512 nulii
1057 3450 1180 3513 statum
1204 3451 1350 3515 debitum
1376 3453 1535 3531 quidquid
1560 3455 1678 3516 cenna
1702 3455 1839 3517 tenorem

208 3550 347 3612 omnino
365 3547 537 3610 hominum
557 3549 657 3611 liceat
675 3546 849 3625 praeiatum
864 3562 1002 3609 monas·
1057 3548 1340 3626 indulgentiarum
1354 3550 1503 3626 ipsarum
1517 3552 1644 3614 temere
1655 3551 1840 3614 inveneritis

208 3648 330 3710 terium
342 3647 467 3710 temere
483 3645 690 3724 perturbare,
707 3646 783 3717 etc„
802 3659 910 3720 atsqrae
924 3659 1003 3721 pro-
1057 3647 1266 3720 attentetum,
1292 3648 1436 3709 audiatis
1462 3646 1491 3709 si
1519 3648 1598 3724 quid
1620 3647 1723 3712 fuerit
1742 3663 1841 3726 quass-

209 3746 334 3819 itutura,
351 3745 444 3806 salsa
465 3743 774 3822 sedisapostolicae
790 3741 1001 3815 auctoritate,
1058 3743 1172 3810 tionis,
1184 3744 1217 3805 et
1231 3744 1454 3821 appellatione
1468 3746 1596 3807 remota
1608 3745 1676 3808 dne
1690 3744 1840 3808 canonico

209 3844 242 3907 et
253 3842 290 3905 in
303 3842 470 3922 praedictis
483 3838 622 3919 capellis
636 3841 901 3902 dioecesanorum
914 3840 1005 3916 epis·
1058 3841 1234 3913 decidatis,
1260 3841 1422 3903 iacientes
1436 3842 1523 3920 quod
1539 3842 1755 3906 decreveritis
1775 3858 1841 3904 auo

209 3958 367 4020 ooporum
391 3940 554 4002 canonica
582 3938 725 4017 justitia.
754 3939 789 4000 Si
813 3954 878 4016 qua
903 3937 1005 4015 igitur
1057 3938 1192 4003 toritate
1214 3940 1329 4001 nostra
1344 3938 1485 4001 firmiter
1498 3939 1685 4016 observari3
1701 3940 1840 4018 alioquin

156 4110 160 4121 .
208 4040 418 4110 infuturum,
435 4039 497 4100 etc.
514 4037 647 4098 cunctis
663 4038 785 4108 autem,
804 4036 881 4108 etc,
896 4046 1004 4109 nsque
1058 4036 1226 4111 negotium
1238 4036 1281 4097 ad
1294 4036 1445 4098 eumdem
1454 4038 1647 4115 episcopum
1658 4020 1837 4109 remittetis,

210 4137 371 4200 inveniat.
386 4139 503 4199 Amen.
513 4136 631 4196 Datum
648 4134 782 4209 Signiae,
798 4148 858 4210 per
868 4147 1004 4195 menum
1058 4132 1264 4210 appellantes
1285 4133 1321 4193 in
1347 4136 1506 4211 expensis
1523 4135 1682 4210 legitimis
1702 4135 1842 4198 condem

210 4234 365 4311 magistri
385 4232 546 4293 (luidonis
566 4229 692 4292 domini
711 4245 807 4308 papae
825 4230 1002 4307 capellani,
1058 4232 1186 4291 nantes.
1203 4229 1295 4302 Quod
1308 4231 1337 4290 si
1350 4246 1417 4291 non
1432 4231 1611 4293 omnesbis
1628 4231 1841 4310 exsequendis

209 4334 271 4394 Vll
294 4329 362 4391 kal.
385 4329 529 4405 augusti,
554 4328 735 4389 indictione
755 4330 812 4400 xl,
838 4328 1003 4389 incarne·
1058 4327 1232 4404 potueritis
1249 4327 1422 4400 interesse,
1445 4328 1511 4390 duo
1525 4326 1672 4391 vestrum
1697 4345 1737 4391 ea
1754 4327 1844 4390 nibil·

210 4428 313 4493 tionis
346 4427 527 4489 Dominicae
559 4441 646 4488 anno
676 4426 764 4496 1223,
792 4425 1004 4501 pontliioatus
1058 4425 1189 4489 ominus
1200 4426 1437 4501 exsequantur.
1451 4427 1569 4487 Datum
1578 4424 1842 4503 SigniaelXitel.

78 4604 85 4613 .
209 4542 290 4592 vero
303 4522 738 4601 dominiHonoriipapaelll
751 4522 1000 4599 annoseptimo.
1058 4522 1201 4600 augusti,
1218 4521 1430 4599 pontincatus
1450 4524 1556 4585 nostri
1576 4539 1667 4586 anno
1681 4526 1807 4587 omaro.

529 4702 682 4790 CLXXI
1099 4686 1103 4693 ’
1368 4686 1591 4835 cuxxu

209 4843 264 4904 Ad
288 4842 466 4909 decertum,
491 4836 669 4899 cautorem
688 4836 722 4897 et
738 4840 780 4897 P.
800 4838 1003 4898 canonicum

281 4933 316 4993 s.
330 4929 520 4989 annonara
541 4928 697 4987 diocese
710 4926 931 4987 nonnemo.
1197 4893 1249 4953 Λᾶ
1262 4891 1690 4964 Novateaueoapuatm

506 5037 611 5117 ltjulli
627 5038 705 5095 1223.
1118 5014 1133 5027 ⁸
1344 5011 1381 5069 25
1391 5012 1454 5085 julii
1470 5011 1549 5069 illu.

335 5147 454 5215 quimus,
471 5144 553 5208 opem
564 5142 628 5208 dipl,
642 5148 668 5193 οι
679 5143 750 5203 hist„
763 5143 794 5201 Π,
806 5142 874 5206 usq]
1141 5124 1270 5189 [Historiae
1279 5129 1344 5190 patr.
1357 5139 1472 5175 monum.
1484 5124 1572 5176 Chart.
1583 5126 1603 5185 l,
1616 5127 1665 5177 coi.
1679 5126 1761 5192 lm]

209 5243 326 5304 Mandat
338 5250 369 5299 ut
384 5241 529 5314 inquirant
540 5245 568 5295 ei
582 5238 618 5295 de
628 5239 677 5295 lile
689 5238 880 5311 pronuntient,
897 5239 921 5295 si
936 5238 1004 5312 quid
1057 5233 1240 5293 Novariensis
1254 5232 1369 5305 capituli
1384 5239 1487 5290 statuta
1498 5233 1540 5290 sic
1552 5239 1703 5305 temperat,
1717 5243 1748 5291 nt
1761 5246 1839 5291 cano·

245 5323 426 5395 abepiscopo
439 5318 614 5378 lomacensi
627 5316 731 5374 iactum
747 5319 784 5374 sit
800 5325 898 5375 eontra
915 5320 1000 5391 privi-
1093 5314 1150 5369 uici
1174 5318 1238 5369 cota
1258 5313 1303 5369 vel
1329 5326 1400 5384 capa
1421 5313 1503 5384 nigra
1525 5319 1554 5368 et
1572 5313 1670 5370 cuasa
1692 5320 1803 5372 utantur
1816 5312 1840 5366 in

243 5403 319 5474 legia
340 5417 356 5459 a
374 5399 448 5459 Sede
466 5398 628 5471 apostolice
644 5397 774 5455 ecclesis
801 5398 830 5455 S.
852 5399 1001 5456 bonallam
1091 5392 1239 5450 matutinis
1247 5399 1278 5449 et
1289 5392 1385 5449 missis
1395 5398 1423 5448 et
1435 5390 1559 5449 suiiioiat
1571 5393 1702 5451 senarius
1715 5404 1842 5451 nements

245 5482 401 5553 brugensis
411 5492 559 5539 concess.
1091 5471 1270 5530 sacerdotum
1286 5470 1539 5546 archipresbytero.

250 5584 999 5665 Honmiusepiscopus,smnusservorumlloi,
1096 5585 1837 5666 Honoriusepiscopus,servusserrornmllei
