4014 6224
220 256 280 317 iae
840 258 1016 322 HONORII
1037 259 1084 322 111
1105 261 1253 324 OPERA.
1806 259 1866 325 itu

218 413 608 478 sinedisorimineterrae
631 428 730 492 quam
753 415 935 479 Christiani
958 417 1011 479 te-

219 513 300 573 nent
314 511 349 573 in
365 510 515 587 partibus
530 512 763 575 transmarinis
776 513 883 588 possis
893 513 1011 575 venire

220 608 262 669 ad
274 607 476 685 colloquium
491 623 580 684 saepe
594 607 730 680 dictum,
746 608 788 671 ad
801 609 883 670 illud
894 624 1014 686 perso-

217 704 340 767 naliter
357 704 473 767 venire
494 719 592 765 cures
607 704 749 767 termino
769 705 1014 782 suprascripto,

220 801 308 877 quod
323 800 353 862 si
369 802 485 863 venire
500 800 585 864 forte
597 802 801 878 nequiveris,
815 817 875 878 per
886 802 1015 864 litteras

216 898 271 958 rel
286 896 426 959 nuncios
442 898 518 959 tuos
532 912 633 975 super
642 899 802 975 jamdicto
815 900 948 974 negotio
957 899 1016 961 tua

217 1008 280 1055 nos
290 993 484 1057 fraternitas
495 998 653 1072 procuret
663 996 830 1058 instruere
842 995 883 1056 de
896 995 1015 1073 quihus

216 1089 342 1152 rideris
361 1091 530 1167 expedire.
547 1092 581 1153 ld
598 1094 710 1154 autem
726 1092 928 1155 fraternitati
949 1095 1015 1154 tuae

216 1188 373 1249 volumus
392 1203 468 1251 esse
487 1192 613 1260 notum,
636 1190 721 1266 quod
744 1189 818 1265 ipse
835 1189 1016 1265 imperator

216 1285 333 1346 volens
346 1285 565 1361 propositum,
582 1287 616 1347 et
629 1285 833 1349 desiderium
847 1302 943 1349 suum
957 1300 1017 1347 su·

218 1396 278 1457 per
294 1382 383 1443 dicto
397 1384 511 1445 Terrae
526 1384 658 1447 Sanctae
672 1384 805 1459 negotio
821 1382 932 1445 tacere
943 1398 1017 1445 ma·

217 1477 386 1550 nifastum,
406 1478 440 1539 et
451 1478 494 1539 ad
517 1478 733 1543 sublimitatis
748 1480 917 1556 sequelam
931 1479 1016 1541 alios

218 1575 380 1645 animare,
395 1574 430 1635 in
440 1577 510 1652 jam
524 1574 692 1637 celebrato
706 1576 871 1652 colloquio
883 1574 1017 1652 publico

219 1672 256 1733 in
269 1675 445 1748 omrspeotu
456 1671 680 1733 multitudinis
693 1672 916 1748 praelatorum,
927 1673 1016 1748 prin·

220 1769 331 1845 cipum
343 1770 376 1830 et
389 1768 552 1829 baronum
567 1770 600 1830 et
613 1768 758 1831 aliorum
774 1769 831 1846 qui
847 1769 888 1831 ad
912 1769 1017 1831 collo-

219 1865 334 1942 quium
357 1866 467 1942 ipsum
491 1866 728 1936 conuenerant,
744 1880 847 1927 manu
865 1867 1013 1942 propria,

219 1963 402 2039 spontarma
416 1962 587 2025 voluntate
595 1961 725 2038 juravit
734 1961 822 2038 quod
833 1962 899 2025 iter
909 1964 1017 2025 trans·

219 2057 363 2122 frotardi
386 2059 527 2136 arripiet
546 2058 688 2123 termino
709 2070 807 2135 quem
827 2058 890 2121 sibi
905 2076 965 2121 seu
980 2060 1014 2121 in

219 2155 387 2233 colloquio
409 2155 494 2233 apud
515 2158 681 2219 veronam
705 2157 741 2217 ut
762 2154 907 2217 dimmus
922 2156 1013 2218 cele-

219 2251 359 2325 brando,
379 2268 439 2313 seu
458 2252 548 2313 circa
572 2253 702 2328 tempus
725 2266 790 2329 quo
814 2253 1015 2329 colloquium

220 2349 330 2426 ipsam
358 2349 518 2411 indictum
544 2349 594 2411 est
619 2348 813 2411 diluerimus
839 2350 1015 2426 praefigen-

220 2446 440 2509 dumbamm
453 2446 598 2517 Verulis,
610 2448 670 2507 vll
680 2445 814 2509 kalend.
828 2446 921 2520 maii,
931 2462 1017 2524 pon-

220 2542 485 2608 tidoatusnostri
498 2544 705 2607 annosexto.

542 2792 703 2883 CLXIII

224 2945 277 3006 sid
289 2943 629 3020 marcescentem,
640 2948 852 3016 repedantem
869 2947 1016 3006 Andreae

460 3045 557 3116 repis
568 3042 776 3115 Harpasta.

486 3170 522 3227 30
540 3169 637 3241 aprilis
656 3170 734 3227 litt.

342 3291 474 3361 [Theinen
485 3291 553 3341 blon.
569 3291 711 3354 nunquia,
723 3292 745 3355 l,
754 3291 793 3351 33,
808 3306 834 3342 n.
844 3293 897 3356 ou]

222 3362 368 3479 lteoipitur
391 3419 456 3463 oum
483 3404 567 3463 bonis
587 3406 648 3463 suis
666 3404 719 3464 sub
737 3407 911 3481 apostoliea
924 3407 1016 3467 seda

523 3495 708 3565 protectione.

262 3610 430 3673 Honorius
463 3608 651 3686 episcopus,
686 3625 805 3674 servus
842 3626 1016 3675 surorum

222 3707 293 3779 Dei,
312 3707 431 3771 dilecto
446 3706 516 3768 illio
530 3710 569 3769 R.
583 3706 828 3783 crucesignato,
843 3709 1015 3785 capellano

222 3804 390 3873 carissimi
415 3803 452 3865 in
484 3804 617 3867 Christo
654 3804 715 3865 fiili
740 3805 848 3867 nostri
872 3805 1019 3867 illustris

222 3903 311 3979 regis
323 3902 517 3978 Hungariae,
529 3901 670 3965 salutem
684 3902 718 3965 et
727 3901 951 3979 apostolicam
962 3902 1016 3966 be·

221 3997 469 4065 sedictionem

228 4138 232 4145 ,
262 4099 342 4159 Cum
358 4112 379 4159 a
393 4096 488 4157 nobis
502 4095 635 4171 petitur,
647 4096 711 4157 etc.
728 4096 922 4173 eapropter,
936 4098 1013 4171 eto,

220 4210 331 4269 usqne
343 4208 494 4256 assensu.
509 4195 690 4254 Personam
703 4194 794 4255 tuam
809 4209 884 4255 cum
900 4196 1011 4256 omni-

220 4291 405 4363 burbonis,
421 4304 495 4367 quae
518 4290 552 4353 in
567 4289 820 4366 praesentiarum
834 4291 1015 4353 rationabi-

220 4390 299 4451 liter
317 4388 479 4466 possides,
500 4389 559 4450 aut
581 4387 793 4460 infuturum,
814 4388 890 4459 etc,
906 4404 1014 4462 usque

220 4486 432 4562 suscipimus.
445 4484 642 4562 Specialiter
653 4486 764 4547 autem
778 4486 930 4561 quartam
939 4500 1015 4562 par·

218 4587 286 4648 tem
299 4583 489 4644 reddituum
507 4580 549 4643 de
569 4583 686 4653 Bursa,
701 4596 783 4658 quos
801 4581 963 4643 canonice
980 4585 1013 4644 te

218 4681 377 4760 proponis
389 4680 556 4757 adeptum,
572 4679 659 4740 sicut
677 4693 734 4739 eos
752 4679 843 4754 juste
862 4679 1013 4755 possides

217 4781 252 4841 et
264 4779 387 4856 quiete,
408 4776 607 4839 auctoritate
619 4774 809 4850 apostolica
828 4774 1012 4836 confirma·

216 4894 303 4949 mus,
324 4878 357 4938 st
378 4874 553 4952 praesentis
576 4871 692 4948 scripti
715 4872 900 4948 patrocinio
921 4888 1015 4934 com-

217 4970 598 5044 munimusNulliergo,
611 4970 673 5031 etc.
681 4967 718 5029 Si
730 4968 804 5045 quis
815 4969 938 5040 autem,
948 4970 1010 5030 etc.

218 5072 337 5134 Datum
352 5067 497 5138 vermis,
515 5069 544 5126 ll
559 5065 721 5127 kalendas
736 5065 827 5139 maii,
844 5065 1014 5143 pontifica-

218 5170 273 5231 tus
293 5166 398 5230 nostri
416 5179 505 5227 anno
526 5164 632 5225 sexto.

1389 425 1542 517 clxiv

1122 577 1175 637 Ad
1190 575 1346 639 odbuwm
1372 577 1406 639 et
1427 579 1585 650 priorem
1601 577 1643 637 de
1654 577 1804 638 &sodor

1236 672 1504 745 Qubmuceoclee.
1524 674 1692 737 marcere.

1343 800 1379 857 30
1392 801 1491 873 aprilis
1509 802 1587 863 itii.

1217 922 1308 987 [Feles
1317 923 1379 975 Cod.
1390 923 1509 988 diplom,
1519 924 1563 981 ill,
1574 938 1594 985 ι,
1606 939 1632 989 p.
1645 923 1714 988 382]

1069 1043 1152 1103 lubet
1165 1043 1299 1105 abbatem
1310 1045 1349 1105 de
1362 1045 1482 1117 &udor
1495 1047 1574 1105 litem
1585 1047 1690 1120 prioris
1698 1046 1863 1120 llospma·

1104 1134 1210 1191 riorum
1225 1134 1303 1191 circa
1317 1132 1444 1192 decimas
1462 1149 1646 1208 componere

1109 1267 1276 1329 Honorius
1314 1268 1500 1344 episcopus,
1531 1285 1649 1330 servus
1689 1284 1866 1331 seruorum
1972 1240 1973 1253 ἵ

1070 1363 1139 1434 Ilei,
1156 1363 1286 1425 dilectis
1301 1363 1381 1425 filiis
1395 1363 1506 1426 abbati
1521 1368 1554 1428 et
1567 1365 1672 1442 priori
1699 1365 1741 1427 de
1760 1367 1864 1427 Sika-
1973 1416 1974 1439 ,

1069 1460 1140 1527 dor,
1155 1459 1521 1537 Quinqueeccleslensis
1541 1462 1707 1535 dioecesis,
1720 1463 1866 1524 mlutem

1070 1557 1103 1619 et
1113 1557 1337 1633 apostolicam
1351 1557 1627 1627 benedictionem.

1109 1653 1227 1715 Dilecti
1253 1653 1314 1714 iiiii
1338 1654 1432 1730 prior
1460 1656 1495 1717 et
1528 1654 1651 1717 bauer
1678 1655 1866 1732 Hospitalis

1070 1750 1362 1827 Hierosolymitani
1373 1751 1413 1812 de
1424 1752 1596 1827 Hungaria
1609 1751 1708 1813 nobis
1714 1768 1869 1830 conque·

1070 1846 1175 1907 raudo
1188 1849 1425 1919 monstrarunt,
1443 1847 1528 1925 quod
1541 1847 1643 1909 abbas
1658 1848 1701 1910 de
1715 1849 1865 1911 Sasarda

1071 1942 1230 2023 (Sexard)
1275 1944 1642 2021 Quinqueecclesiensis
1692 1944 1864 2021 dimcesis,
1976 1944 1977 2009 3

1070 2040 1229 2117 quasdam
1242 2041 1388 2103 decimas
1403 2040 1550 2118 ipsorum
1565 2043 1680 2103 contra
1696 2042 1867 2119 justitiam

1069 2137 1205 2208 detinet,
1221 2137 1404 2199 etreddare
1419 2138 1627 2200 contradicit.
1642 2138 1775 2200 ldcbco
1786 2139 1865 2200 dis-
1977 2180 1978 2239 q

1069 2233 1209 2294 crationi
1223 2234 1344 2295 restrae
1356 2235 1611 2310 parapostolioa
1626 2235 1751 2312 scripta
1761 2251 1866 2297 man·
1977 2250 1978 2255 ¹

1069 2329 1198 2401 damus,
1214 2330 1378 2406 quatenus
1403 2330 1554 2407 partibus
1579 2333 1785 2405 convocatis,
1802 2348 1868 2393 an·

1069 2426 1169 2488 diatm
1183 2442 1329 2499 causam,
1346 2428 1380 2489 et
1397 2427 1620 2505 appellatione
1632 2431 1774 2501 remota,
1798 2429 1869 2491 fine

1069 2521 1179 2585 debito
1191 2523 1396 2598 iermInetis3
1410 2524 1582 2591 iacientes,
1596 2523 1683 2600 quod
1698 2524 1864 2588 decreve-

1069 2620 1145 2681 ritis
1160 2634 1411 2696 percensuram
1436 2620 1698 2682 ecclesiasticam
1721 2621 1869 2684 firmiter

1070 2717 1251 2778 observari.
1268 2718 1382 2777 Testes
1397 2718 1519 2787 autem,
1536 2717 1593 2793 qni
1608 2717 1733 2779 fuerint
1748 2719 1864 2779 nomi-

1070 2813 1150 2885 nati,
1166 2814 1195 2874 si
1209 2829 1246 2873 se
1261 2814 1381 2889 gratia,
1396 2813 1483 2885 odio,
1496 2813 1680 2875 reltimore
1690 2814 1867 2881 subtraas·

1069 2910 1147 2981 rint,
1169 2925 1419 2987 percensuram
1446 2910 1609 2981 eamdem,
1637 2911 1867 2988 appellatione

1070 3104 1199 3165 hibera.
1213 3105 1334 3165 Datum
1347 3104 1493 3177 Verulis,
1509 3106 1540 3165 ll
1554 3105 1622 3166 lral.
1642 3104 1738 3178 maii,
1751 3105 1869 3182 ponti·

1071 3201 1188 3263 iicatus
1205 3201 1310 3262 nostri
1324 3215 1412 3261 anno
1428 3200 1535 3262 serto.

1109 3670 1162 3731 ad
1172 3670 1355 3743 radebertum
1367 3670 1487 3730 Sancti
1506 3671 1639 3731 dationi
1664 3672 1826 3733 dtoeceris

1362 3766 1573 3829 castellanae.

1376 3904 1557 3963 imaiiii‘ii.

1186 4027 1339 4093 [Cornelius
1348 4028 1467 4081 Ecclesiae
1479 4029 1592 4091 Veneta,
1601 4029 1668 4089 vill,
1684 4029 1754 4096 833]

1069 4150 1185 4210 Mandat
1197 4159 1228 4208 ut
1241 4151 1276 4209 ad
1288 4151 1414 4208 debitum
1434 4151 1519 4209 finem
1534 4151 1671 4224 perducat
1685 4169 1807 4213 oausam
1820 4156 1865 4213 in·

1104 4248 1147 4297 ter
1165 4238 1295 4297 abbatem
1310 4240 1475 4303 monasterii
1499 4241 1593 4298 Sancti
1613 4241 1729 4315 Georgii
1745 4244 1868 4316 majoris

1103 4343 1139 4385 ex
1152 4342 1209 4385 una
1224 4335 1314 4399 perte,
1330 4334 1359 4384 et
1373 4328 1528 4384 canonicos
1541 4328 1791 4401 lusinopolitanse
1815 4346 1866 4389 ec·

1103 4416 1358 4473 clesiaeeraltera.
1806 4424 1811 4431 ·

1107 4550 1274 4611 Honorius
1308 4548 1494 4626 episcopus,
1537 4566 1653 4612 servus
1687 4567 1868 4615 serrorum

1069 4648 1139 4720 Dei,
1153 4647 1272 4709 dilecto
1288 4646 1357 4707 filio
1377 4645 1567 4722 plebanos.
1583 4648 1713 4708 Juliani
1729 4651 1866 4714 Castel-

1067 4746 1155 4807 lanae
1170 4743 1335 4815 dioecesis,
1356 4743 1498 4804 salutem
1514 4745 1548 4805 et
1558 4744 1789 4820 apostolicam
1800 4746 1866 4809 be-

1068 4840 1301 4904 nedictionem.

1108 4939 1254 4999 Dilectus
1283 4936 1371 4997 tilius
1397 4934 1500 4997 abbas
1525 4937 1723 5001 monasterii
1748 4941 1867 5003 Sancti

1068 5033 1202 5110 Georgii
1226 5034 1364 5109 majoris
1401 5032 1496 5094 nobis
1534 5034 1694 5110 exposuit.
1716 5051 1868 5114 conque-

1067 5132 1181 5201 rendo,
1194 5130 1280 5207 quod
1291 5128 1444 5191 canonici
1456 5129 1754 5206 iustinopolitanae
1761 5135 1868 5198 eccle·

1067 5230 1126 5290 siae
1139 5243 1178 5287 ac
1190 5226 1324 5303 quidam
1337 5226 1394 5285 alii
1404 5225 1695 5302 lustinopolitauae
1706 5229 1866 5293 dioecesis

1066 5323 1241 5387 ecclesiam
1256 5323 1385 5409 Sanctae
1398 5321 1513 5383 mariae
1532 5321 1573 5389 de
1588 5324 1713 5395 Monte,
1729 5341 1770 5388 ac
1786 5344 1866 5405 pos-

1066 5420 1233 5483 sessiones
1254 5419 1360 5496 ipsius
1374 5417 1416 5479 ad
1440 5416 1531 5479 idem-
1552 5421 1799 5486 monasterium
1824 5424 1865 5486 de

1062 5520 1139 5594 jnre
1151 5514 1350 5592 spectantes,
1364 5514 1649 5589 contraiustitiam
1660 5516 1862 5595 detinentes,

1978 2860 1981 2989 l

1049 3082 1052 3091 ,
1070 3010 1232 3079 comante,
1248 3007 1377 3082 cogatis
1388 3008 1522 3069 raritati
1537 3007 1770 3070 testimonium
1781 3024 1864 3085 per-
1980 3038 1981 3043 =
