3930 6206
204 315 264 375 687

822 318 997 382 HONORII
1019 321 1062 381 111
1084 320 1230 382 OPERA.
1784 322 1835 383 688

205 474 416 538 universitati
435 477 554 540 vestras
578 492 638 553 per
660 476 849 554 apostolica
874 478 997 555 scripta
1052 477 1337 555 episcopodamus
1351 468 1835 551 nostrislitterisinm'andatis,

205 567 354 631 districte
370 571 593 647 praecipiendo
614 570 820 643 mandamus,
835 574 997 648 quatemm
1051 578 1088 636 ut
1108 575 1137 636 si
1161 577 1278 636 contra
1312 576 1586 653 compositionem
1616 576 1735 637 initam
1758 576 1837 638 iuter

204 665 272 726 tam
286 667 441 743 episcopo
461 683 559 744 mam
579 667 687 743 legato
709 668 857 743 prefatis
872 685 996 730 secun·
1050 670 1146 733 bonae
1158 674 1327 734 memoriae
1347 675 1384 733 Ρ.
1403 673 1682 749 praedecessorem
1701 674 1793 734 tuum
1808 674 1838 736 et

205 760 281 821 dum
296 763 446 825 tenorem
470 763 721 840 compositionis
744 763 848 839 ipsius
863 765 997 825 iuterim
1052 768 1195 830 nobilem
1215 770 1324 831 virum
1343 772 1380 831 Α.
1402 771 1584 842 Estensem,
1598 771 1680 832 tuuc
1694 771 1837 832 Anconi-

204 859 277 919 aine
291 858 483 922 difficultate
498 859 647 938 qualibet
659 861 850 922 intendatis.
870 862 997 923 stocos
1050 868 1176 938 tanum,
1191 866 1418 928 marchionem
1431 882 1532 943 super
1541 866 1674 944 jnribus
1687 866 1791 928 curiae
1802 882 1838 929 ac

203 952 387 1016 venerabili
403 957 500 1019 tratri
522 959 635 1019 nostro
661 958 888 1019 camerinensi
908 960 999 1036 epis-
1052 964 1202 1025 ecciesiae
1232 965 1310 1035 tuae,
1339 964 1412 1041 ipso
1435 964 1603 1026 mediante
1628 963 1741 1040 legato
1767 965 1837 1025 tuuc

203 1069 286 1130 copo
301 1053 418 1115 damus
437 1056 559 1116 nostris
576 1055 696 1117 litteris
714 1055 749 1115 in
768 1056 945 1129 mandatis,
962 1059 998 1117 ut
1052 1061 1358 1138 sedisapostolicae
1378 1063 1495 1123 nuntio
1514 1062 1690 1132 existente,
1705 1061 1839 1123 invene-

203 1151 358 1228 quicquid
370 1156 420 1214 est
435 1152 475 1213 ab
491 1153 558 1213 alia
573 1153 714 1229 partium
728 1154 844 1214 contra
857 1168 996 1230 compo·

203 1248 357 1310 sitionem
386 1249 576 1327 hujusmodi
602 1265 622 1310 a
650 1251 809 1327 tempore,
839 1264 904 1327 quo
932 1249 995 1313 oh·

201 1346 302 1407 tentae
335 1345 469 1407 suerunt
505 1347 637 1419 litterae,
667 1347 785 1423 quibua
823 1347 998 1425 utramque

201 1445 329 1520 partem
355 1444 462 1520 primo
486 1443 672 1515 citavimus
694 1445 900 1517 attentatum,
921 1460 997 1507 auc·

201 1541 336 1602 toritate
352 1544 464 1602 nostra
487 1541 619 1603 studeat
635 1541 670 1602 in
683 1542 805 1603 statum
817 1542 995 1619 pristinum

202 1652 371 1699 revocare.
399 1640 517 1700 Datum
543 1639 712 1710 Laterani,
735 1641 810 1699 XIV
833 1639 994 1701 kalendas

202 1735 346 1811 augusti,
361 1736 571 1812 pontificatus
587 1736 692 1798 nostri
703 1752 792 1797 anno
807 1739 935 1799 octavo.

242 1863 285 1920 In
306 1863 465 1965 ascriptam
487 1863 627 1922 modum
652 1860 817 1922 universis
843 1860 995 1923 nostibus

201 1971 261 2043 per
276 1957 467 2018 Firmanum
484 1958 674 2023 comitatum
688 1958 884 2021 constitutis.

523 2225 672 2314 odivi

341 2407 392 2465 Ad
416 2407 612 2477 episcopam
635 2407 853 2465 Firvnonum.

498 2535 532 2592 19
543 2534 606 2606 iulii
621 2534 699 2592 tiit.

233 2657 364 2723 [Theiuer,
376 2657 438 2709 Cod.
452 2657 515 2723 dipl.
530 2657 639 2708 dominii
649 2656 794 2742 temporat,
807 2657 827 2714 l,
839 2656 880 2715 w,
895 2656 962 2722 idi]

235 2780 316 2841 idem
334 2789 536 2856 argumentum
551 2796 637 2855 quam
652 2781 807 2853 superioris
820 2778 956 2852 epistota.

239 2926 603 3004 Honoriusepiscopus,
615 2940 731 2986 servus
741 2940 914 2987 servorum
921 2924 992 2997 Dei,

199 3023 384 3093 venerabili
399 3023 531 3086 fratri...
549 3024 704 3100 episcopo
721 3023 889 3096 Firman0,
906 3022 994 3084 saiu-

1051 1159 1135 1229 rit,a
1149 1159 1308 1234 tempore,
1323 1175 1388 1235 quo
1400 1157 1659 1235 nivernensibus
1670 1158 1838 1235 unamque

1051 1256 1178 1332 partem
1215 1256 1323 1331 primo
1358 1255 1544 1327 citavimus,
1582 1255 1734 1317 recitatae
1770 1254 1837 1316 iuo-

1050 1353 1138 1424 runt,
1155 1352 1230 1423 etc,
1244 1354 1283 1414 ut
1296 1367 1406 1426 supro
1417 1367 1525 1427 resque
1539 1355 1577 1414 tn
1590 1352 1707 1424 tinem.

1090 1480 1132 1537 In
1147 1479 1305 1539 eumdem
1319 1478 1496 1540 modom...
1513 1475 1671 1555 episcopo
1690 1475 1838 1545 mmai-

1050 1589 1157 1634 nansi.

1089 1948 1141 2006 Ad
1153 1946 1380 2020 praepositum
1393 1947 1427 2007 et
1441 1947 1574 2021 {natm
1589 1948 1624 2009 S.
1642 1949 1803 2009 Andreoe.

1244 2075 1314 2134 titt
1329 2074 1402 2146 (sine
1420 2075 1467 2133 die
1479 2083 1508 2133 ot
1523 2075 1645 2147 meuse).

1197 2198 1333 2263 [Duellius
1344 2198 1491 2258 niseum,
1504 2200 1535 2260 ΙΙ,
1546 2199 1602 2257 isi),
1615 2213 1643 2250 n.
1655 2199 1694 2265 2]

1075 2317 1136 2381 Eos,
1145 2313 1198 2372 sub
1212 2312 1288 2372 beati
1303 2315 1378 2372 Petri
1391 2322 1420 2372 et
1433 2329 1484 2372 sun
1497 2316 1674 2386 protectione
1688 2316 1816 2390 suscipit

1088 2440 1254 2501 Honorius
1265 2439 1450 2517 episcopus,
1460 2455 1578 2501 servus
1588 2455 1766 2502 servorum
1774 2442 1837 2512 Dei,

1048 2537 1179 2599 dilectis
1193 2537 1272 2597 titiis
1288 2538 1465 2614 praeposito
1481 2536 1634 2599 ecclesias
1649 2538 1840 2600 sanctiun-

1048 2634 1148 2706 drea,
1168 2634 1317 2712 ejtrsdem
1343 2633 1502 2695 fratribus
1523 2638 1593 2696 tam
1619 2635 1836 2711 praesentibus

1048 2736 1147 2810 quam
1162 2731 1294 2804 suturis,
1310 2731 1498 2808 regularem
1512 2731 1615 2794 vitam
1632 2732 1795 2809 protessis
1808 2732 1838 2793 in
1946 2802 1947 2805 Ἴ

1048 2832 1254 2908 perpetuum.

1088 2926 1224 2999 Quoties
1248 2941 1268 2988 a
1291 2923 1388 2986 nobis
1415 2924 1550 3003 petitur,
1565 2925 1652 3003 quod
1672 2925 1838 2989 honestati

1047 3025 1081 3086 et
1103 3024 1259 3100 religioni
1284 3022 1463 3084 convenire
1486 3021 1706 3098 dignoscitur,
1733 3025 1840 3085 animo

198 3124 265 3197 tem
280 3124 314 3184 et
326 3122 552 3198 apostolicam
563 3119 838 3183 benedictionem.

239 3222 319 3281 Cum
340 3219 491 3281 ecclesiae
513 3219 678 3279 Firmanus
690 3221 767 3294 jura
789 3219 839 3279 sio
857 3232 993 3279 servare
1048 3218 1427 3294 desideriiscongruum
1450 3216 1646 3293 austragiam
1662 3217 1836 3297 impertiri.
1945 3248 1946 3259 2

199 3317 351 3389 velimus,
368 3316 404 3377 ut
414 3319 491 3393 jnra
507 3316 609 3377 curiae
623 3314 814 3376 nullatenus
833 3315 992 3381 minuan-
1048 3316 1264 3403 Quapropter,
1282 3317 1348 3389 etc,
1361 3315 1496 3377 Crvnctis
1518 3316 1629 3376 autem
1644 3315 1757 3377 eidem
1771 3316 1837 3377 loco

198 3419 264 3486 tur,
282 3430 322 3475 ac
336 3429 436 3490 super
450 3414 504 3474 his
518 3413 607 3475 iuter
618 3412 651 3474 te
669 3412 702 3473 et
714 3412 871 3472 dilectum
887 3411 992 3472 filium
1048 3429 1107 3474 sua
1119 3416 1199 3490 Jura
1212 3410 1433 3482 servantibus,
1450 3411 1494 3472 sit
1505 3427 1572 3487 pax
1586 3411 1722 3473 Domini
1737 3412 1840 3474 nostri

1047 3138 1109 3183 uos
1135 3121 1229 3183 decet
1249 3120 1366 3181 libenti
1388 3119 1582 3191 concedere,
1603 3122 1636 3183 et
1659 3122 1839 3198 petentium

199 3512 350 3574 nostrum
370 3514 406 3571 P.
431 3509 478 3590 (1)
499 3509 740 3585 subdiaconum
767 3510 800 3570 et
825 3509 993 3570 notarium
1047 3514 1127 3574 Jesu
1142 3509 1276 3581 Christi,
1295 3509 1457 3586 quatenus
1469 3510 1503 3570 et
1517 3507 1572 3569 hic
1586 3508 1732 3570 trucium
1747 3509 1837 3571 bona
1944 3540 1945 3569 ;

199 3611 361 3681 nostrum,
372 3607 570 3685 apostolicae
583 3606 993 3682 Sedislegatum,couten-
1047 3608 1187 3669 actionis
1202 3607 1396 3683 percipiant,
1406 3609 1439 3667 et
1451 3604 1536 3681 apud
1552 3604 1743 3668 districtum
1751 3606 1839 3684 jndi-

199 3707 301 3769 tionis
317 3707 489 3768 materiam
505 3705 679 3783 amputare
693 3704 881 3776 terminum,
895 3718 991 3781 quem
1047 3721 1118 3767 cem
1129 3704 1266 3782 praemia
1280 3705 1414 3764 aeternae
1425 3702 1517 3779 pacis
1528 3702 1713 3764 inveniant.
1724 3707 1834 3765 Amen.

198 3806 234 3866 in
254 3803 337 3866 festo
359 3807 394 3879 B,
415 3802 590 3864 Michaelis
604 3817 705 3879 super
721 3801 774 3862 his
793 3799 853 3863 tibi
872 3803 905 3864 et
925 3801 991 3877 ipsi
1047 3803 1166 3864 Datum
1188 3800 1354 3872 Laterani,
1376 3799 1558 3861 indictione
1576 3801 1650 3871 XII,
1676 3802 1837 3861 incarna—
1943 3878 1944 3899 ἶ

199 3903 434 3981 concessimus,
446 3901 489 3962 ad
501 3900 622 3961 testum
635 3899 724 3961 beati
735 3899 871 3960 Martini
883 3897 993 3975 proxi·
1046 3899 1147 3961 tionis
1166 3898 1347 3959 Dominicae
1371 3911 1460 3958 anno
1484 3897 1685 3969 MGCXXIV,
1702 3896 1836 3974 pontifi·
1943 3924 1944 3973 1

199 4016 252 4061 mo
281 3999 426 4061 futurum
455 3998 611 4059 duximus
639 3996 896 4075 prorogandum,
927 3992 1013 4073 quo'
1046 3996 1140 4059 catus
1152 4010 1232 4056 vero
1248 3994 1374 4056 domini
1384 3994 1525 4055 Houorii
1539 4009 1634 4071 papae
1647 3994 1743 4056 tertii
1754 4008 1836 4056 anuo

198 4098 363 4169 volumus,
389 4098 426 4158 ut
452 4094 494 4157 ad
525 4094 790 4172 prosequendum
813 4096 870 4170 jus
897 4093 991 4154 tuum
1046 4097 1175 4156 octavo.

199 4196 313 4256 nostro
326 4196 359 4256 te
374 4192 567 4270 conspectui
577 4192 807 4268 repraesentes.
821 4192 890 4253 Nos
902 4191 991 4251 enim
1087 4193 1154 4267 Ego
1177 4190 1356 4258 Honorius,
1379 4188 1553 4252 catholicae
1572 4188 1733 4251 Ecclesiae
1746 4189 1838 4267 epis.

199 4290 383 4355 venerabili
410 4290 505 4351 tratri
538 4289 652 4351 nostro
656 4333 729 4349 ......
763 4288 991 4351 camerinensi
1046 4303 1158 4364 copus.

117 4456 121 4471 ¹
237 4479 279 4555 (t)
300 4473 478 4534 Panduiium.
