3930 6206
87 322 150 389 709
293 342 297 355 ⁴
429 366 434 373 =
710 319 939 380 inrisione.
965 319 1042 378 LIB.
1066 320 1122 379 IX.
1677 323 1739 391 710,

88 493 207 541 sorum
233 477 315 539 satis
342 466 430 538 o'sset
463 475 646 539 secundum
672 463 886 553 fragilitatem
940 477 1116 554 episcopus
1130 476 1282 553 quaedam
1297 476 1384 538 bona
1400 479 1616 541 consistentia
1629 480 1735 556 ipsius

88 576 197 637 nostri
221 574 381 651 temporis
407 573 547 649 integra,
578 576 612 637 et
636 573 756 645 illaesa,
784 589 885 636 revo—
942 573 1137 636 monasterii
1161 574 1196 634 in
1221 574 1358 635 dioecesi
1381 576 1439 637 tua
1464 590 1525 653 per
1550 592 1586 638 se
1610 593 1650 638 ac
1675 593 1737 655 per

88 672 205 733 renter
231 674 343 733 tamen
367 671 616 747 acquiescentes
639 670 745 747 ipsius
768 670 886 732 archi·
940 671 1096 732 laicalem
1128 673 1309 748 potentiam
1334 673 1517 750 occupavit,
1553 677 1587 736 et
1611 674 1738 740 detinet

89 769 241 846 episcopi
256 768 430 842 voluntati,
454 768 700 845 requisiverunt
713 767 755 829 ab
777 783 828 839 eo,
852 768 888 829 ut
941 770 1111 845 occupata.
1131 770 1240 839 Quare
1263 769 1358 831 nobis
1377 770 1548 833 humiliter
1567 773 1738 850 supplica-

89 867 304 944 exprimeret,
329 868 362 927 11
385 866 571 927 declararet
593 865 762 937 articulos,
787 880 888 941 super
941 867 1078 936 runt‚ut
1093 866 1258 942 superbis
1273 869 1412 944 paterna
1427 869 1739 945 provideresollici·

88 964 211 1042 quihus
238 965 310 1026 erat
340 963 512 1041 inquisitio
541 962 704 1026 iacienda.
742 965 888 1041 Cumque
943 962 1294 1039 tudinedignaremur.
1305 964 1446 1041 Ideoque
1457 966 1650 1028 discretioni
1661 984 1740 1030 ves-

88 1060 288 1140 quibusdam
312 1060 481 1137 expressis
505 1061 563 1138 qui
586 1076 646 1138 per
669 1059 889 1131 1111111111
940 1060 1002 1121 trae
1015 1075 1075 1136 per
1088 1060 1279 1136 apostolica
1293 1062 1416 1139 scripta
1430 1064 1738 1142 mandemusque·

87 1161 290 1223 conventum
315 1158 422 1236 ipsius
447 1157 512 1219 loci
539 1173 647 1234 nuper
669 1159 767 1219 erant
790 1157 887 1234 plene
941 1157 1039 1219 tenus
1053 1157 1212 1219 iacientes
1233 1160 1434 1221 monasterio
1450 1161 1514 1236 ipsi
1530 1161 1625 1238 plene
1639 1161 1740 1224 resti·

87 1255 233 1318 correcti
250 1255 431 1317 secuudum
447 1254 616 1332 regularia
631 1255 783 1316 instituta
796 1255 887 1315 circa
941 1254 990 1315 tui
1005 1255 1129 1325 omnia,
1146 1254 1267 1331 quibus
1287 1255 1400 1317 taliter
1415 1273 1434 1318 e
1459 1258 1527 1319 11111
1546 1258 1736 1335 spoliatum,

86 1353 167 1414 illos
196 1353 431 1430 inquisiturus,
456 1354 492 1415 ut
519 1352 667 1424 dixerat,
695 1351 889 1413 crederetur
942 1351 1086 1413 audiatis
1120 1352 1240 1413 deinde
1272 1369 1372 1430 super
1399 1354 1496 1427 aliis,
1527 1372 1600 1431 quae
1627 1356 1738 1432 partes

87 1449 178 1515 idem
196 1466 297 1527 super
306 1450 515 1528 quibusdam,
525 1465 609 1527 quos
624 1465 690 1511 non
705 1464 886 1526 expresse·
942 1447 1101 1510 duxerint
1125 1451 1350 1526 proponenda,
1375 1453 1408 1513 et
1429 1452 1514 1528 quod
1542 1453 1738 1514 canonicum

87 1549 153 1619 rat,
169 1551 206 1609 11
219 1547 276 1624 qui
288 1563 350 1624 per
363 1546 515 1609 abbatem
530 1547 564 1609 11
579 1547 779 1609 conventum
792 1544 888 1606 simi·
941 1543 1041 1608 fuerit
1053 1546 1277 1623 appellatione
1294 1550 1489 1626 postposita,
1505 1550 1670 1623 statuatis,
1687 1550 1739 1612 ia·

86 1645 167 1707 liter
186 1646 311 1721 corrigi
326 1645 489 1721 poterant,
506 1645 573 1706 imo
593 1645 728 1722 propter
745 1642 888 1705 infirmi-
942 1641 1077 1714 cientes,
1103 1643 1166 1704 111.
1189 1643 1280 1715 Quod
1301 1644 1330 1705 si
1352 1659 1418 1704 non
1439 1660 1566 1714 omnes,
1584 1646 1646 1707 etc.
1697 1719 1698 1722 Ἴ

85 1743 193 1805 tatem
208 1742 315 1819 ipsius
328 1741 469 1814 abbatis,
488 1742 545 1819 qui
558 1742 728 1818 corrigere
741 1740 818 1802 illos
833 1741 889 1801 in·
982 1741 1102 1800 Datum
1117 1741 1285 1815 Laterani,
1295 1744 1371 1804 VllI
1386 1742 1520 1804 1111111.
1533 1742 1734 1816 novembris,

88 1841 240 1917 coeperat
259 1855 318 1917 pro
331 1841 425 1918 parte
444 1840 678 1901 remanserant
695 1838 885 1909 incorrecti,
942 1852 1030 1898 anno
1045 1852 1144 1899 nono.

85 1937 217 2000 iaceret
228 1937 478 2015 inquisitionem
491 1936 762 2014 archiepiscopus
776 1951 887 2012 saepe-

87 2035 212 2109 dictus,
228 2035 305 2113 ipsi,
322 2036 401 2112 quia
421 2029 511 2109 idem
542 2033 814 2111 archiepiscopus
837 2032 887 2093 eis
1167 2107 1171 2113 ¹

84 2125 390 2196 noluitterminum
404 2132 590 2207 indulgere,
604 2131 691 2193 inira
705 2146 802 2208 quem
814 2145 888 2207 pro-
1305 2124 1375 2210 ΧΧ
1425 2170 1432 2181 ·

83 2230 267 2293 mittebant
299 2246 336 2293 ae
360 2230 551 2306 hujusmodi
574 2228 726 2306 plenarie
754 2242 888 2289 correc-

81 2330 194 2401 turos,
223 2328 256 2390 et
279 2327 357 2406 quia
382 2326 552 2389 nitebatur
577 2326 697 2404 punire
725 2325 887 2403 quosdam

81 2441 251 2489 excessus
276 2440 422 2501 congrue
444 2427 514 2501 jam
545 2425 691 2501 punitos,
725 2423 759 2485 11
786 2423 887 2484 etiam
983 2392 1022 2451 G·
1048 2392 1090 2451 αθ
1121 2392 1271 2451 mmmm
1298 2390 1335 2453 εἰ
1364 2390 1561 2465 amdam
1579 2393 1616 2453 ⁴9·
1636 2392 1738 2453 pem

81 2525 167 2602 quia
189 2522 381 2600 inquirebat
399 2537 499 2598 super
518 2521 715 2599 quibusdam
735 2520 887 2583 articulis
981 2489 1234 2615 Lamum&

81 2638 155 2685 non
171 2620 355 2698 expressis,
380 2622 528 2681 nostram
549 2619 753 2680 audientiam
772 2618 889 2695 appel·
1217 2625 1359 2684 1011111.
1381 2626 1460 2685 1111.

80 2720 213 2790 larunt,
249 2733 390 2795 quorum
426 2716 648 2794 appellatione
687 2717 884 2792 contempta,

82 2818 179 2879 idem
195 2815 470 2891 archiepiscopus
488 2815 523 2875 in
539 2829 596 2876 eos
611 2814 840 2890 suspensionis
855 2814 888 2875 11

81 2912 446 2977 excommunifflqmms
459 2911 640 2973 mennas
654 2910 885 2987 promulgant.
942 2891 1057 2951 1111111
1070 2899 1102 2951 11
1115 2892 1270 2993 sententis,
1281 2908 1332 2965 pro
1346 2893 1472 2967 capitulo
1484 2894 1514 2953 S.
1529 2893 1657 2963 Quintiui
1668 2907 1737 2953 cou-

81 3012 125 3074 nt
147 3007 886 3084 111111111111111111111111111111111-
977 2979 1197 3080 Mefflfdffl
1225 2995 1391 3080 ⁰Rt⁸⁰⁰tt¹m
1414 2982 1627 3039 N⁰V¹⁰¹¹³⁰⁸⁶m
1651 2997 1739 3055 ⁸¹¹P0'

79 3110 153 3171 tias
165 3107 341 3169 humiliter
354 3106 546 3183 requisitus,
562 3104 721 3182 praeiatus
736 3104 838 3165 abbas
850 3119 887 3165 se
975 3067 1145 3142 ‘mmmm
1159 3069 1288 3127 ’ΜΘΝ
1298 3068 1366 3141 ¹³‘fl’
1379 3068 1556 3127 mm·

81 3206 128 3269 ad
156 3204 330 3267 terendum
355 3203 566 3264 imminentes
592 3202 724 3263 labores
753 3202 888 3278 propter
981 3203 1148 3264 Honorius
1157 3203 1468 3280 episcopusservus
1480 3219 1654 3266 servorum
1663 3204 1734 3276 Dei,

79 3303 318 3366 infirmitatem
328 3315 422 3361 suam
435 3300 650 3362 considerans
660 3300 885 3375 impotentem,
941 3300 1071 3361 dilectis
1086 3300 1166 3362 filiis
1175 3300 1413 3361 archidiacono
1430 3300 1561 3381 Hellino
1574 3303 1607 3363 et
1618 3303 1739 3378 magis·

80 3396 200 3477 ne'jus
215 3397 411 3461 monasterii
425 3413 496 3458 111
514 3395 696 3459 debilitatis
711 3396 887 3458 occasione
940 3397 1002 3458 tris
1017 3399 1054 3459 G.
1071 3397 1112 3458 de
1127 3397 1277 3459 Chambli
1297 3397 1330 3458 st
1349 3396 1499 3459 Gotirido
1517 3398 1688 3460 canonicis
1702 3400 1736 3460 S.

79 3496 228 3575 periret,
257 3496 293 3556 11
321 3494 467 3571 capitulo
493 3494 649 3569 regimini
682 3493 888 3555 renuntiavit
941 3493 1033 3555 Petri
1047 3493 1290 3567 Lauduuensis,
1307 3494 1450 3557 salutem
1467 3495 1737 3573 etApostolicam

79 3593 253 3671 ejusdem,
269 3592 303 3654 et
323 3592 481 3669 quoniam
501 3589 772 3668 archiepiscopus
793 3590 887 3652 adire
941 3591 1217 3653 benedictionem.

80 3705 156 3754 non
181 3689 324 3769 poterat,
349 3688 610 3765 resignationem
635 3703 730 3749 suam
755 3687 788 3749 ei
809 3686 889 3751 iecit
981 3687 1338 3750 Postularuntanobis
1350 3687 1462 3750 dilecti
1477 3688 1539 3750 dlii
1555 3689 1738 3765 capitulum

79 3805 149 3869 per
161 3803 244 3851 suas
254 3787 384 3849 litteras
394 3785 605 3863 praesentari.
619 3787 766 3861 Cumque
777 3784 887 3847 nuntii
943 3787 976 3846 S.
993 3785 1142 3857 Quintini
1155 3787 1191 3847 11
1202 3785 1410 3846 definitivam
1425 3786 1625 3847 sententiam
1636 3802 1735 3864 quam

79 3884 287 3961 monasterii
311 3883 550 3954 publicassent,
579 3882 665 3944 sicut
694 3882 798 3943 moris
823 3883 886 3952 est,
942 3897 1002 3959 pro
1025 3882 1075 3942 eis
1096 3880 1250 3943 officialis
1271 3881 1471 3943 Rhomensis
1493 3882 1611 3944 contra
1627 3898 1734 3945 vene·

78 3985 154 4063 ipsi
181 3981 435 4059 archiepiscopo
463 3995 500 4042 se
530 3979 710 4057 procedere
737 3978 824 4040 uelle
845 3977 887 4039 ad
941 3978 1082 4040 rabilem
1115 3978 1251 4044 fratrem
1273 3980 1424 4039 nostrum
1448 3979 1639 4056 episcopum
1665 3982 1737 4042 No-

77 4081 288 4146 electionom
315 4077 454 4149 abbatis,
488 4077 522 4138 et
550 4076 621 4153 ipss
645 4075 677 4139 id
697 4075 887 4137 nullatenus
941 4077 1158 4147 riomensem,
1175 4090 1276 4152 super
1302 4074 1499 4152 quibusdam
1527 4076 1680 4139 ecclesiis
1703 4080 1736 4141 et

77 4177 295 4243 inhibuisset
307 4175 444 4246 eisdem,
461 4173 519 4236 sed
539 4175 574 4235 iu
592 4172 665 4235 haec
678 4172 780 4237 verba
795 4177 888 4235 Deus
942 4188 1058 4234 eorum
1075 4172 1249 4245 fructibus,
1264 4189 1332 4235 non
1347 4187 1390 4234 ex
1402 4171 1610 4248 delegatione
1624 4178 1734 4251 Apos-

77 4278 144 4342 111
159 4269 888 4348 11111111111111111111111,11111111-
941 4270 1054 4342 tolica,
1081 4270 1225 4346 cognitis
1250 4286 1361 4331 causae
1390 4270 1517 4331 meritis
1543 4272 1737 4349 promulga-

77 4367 886 4443 1111111.111111,1111111111,1111111111
941 4370 1038 4437 runt,
1066 4366 1257 4444 Apostolico
1296 4367 1513 4441 dignaremur
1552 4369 1735 4431 munimine

76 4468 268 4550 prudentia
292 4465 603 4537 commendabilem,
628 4465 783 4529 invocata
807 4465 885 4541 Spi-
940 4465 1110 4527 roborare.
1140 4464 1283 4540 Ideoque
1311 4463 1504 4526 discretioni
1527 4466 1648 4527 restrae
1675 4482 1735 4543 por

76 4565 306 4633 ritussancti
325 4564 446 4640 gratia,
469 4563 505 4623 in
524 4562 630 4639 ipsius
650 4561 715 4623 loci
734 4560 885 4623 abbatem
939 4562 1130 4640 Apostolica
1143 4561 1266 4638 scripta
1279 4561 1474 4621 mandamus
1486 4564 1649 4638 quatenus
1661 4580 1735 4624 sen·

75 4665 265 4734 canonice,
281 4677 321 4723 ae
333 4660 536 4721 unanimiter
549 4659 732 4735 elegerunt,
749 4660 783 4720 et
797 4659 887 4719 elec-
938 4659 1076 4721 tentiam
1096 4659 1212 4734 ipsam,
1232 4646 1319 4719 sicut
1333 4659 1384 4719 est
1400 4659 1504 4736 justa,
1521 4658 1653 4721 faciatis
1674 4676 1734 4737 per

75 4767 216 4829 tionem
240 4774 334 4820 suam
356 4756 608 4833 archiepiscopo
632 4755 882 4832 praesentantes,
939 4772 1114 4818 censuram
1134 4754 1406 4826 ecclesiasticam,
1430 4755 1654 4832 appellatione
1677 4773 1735 4819 re·

74 4858 258 4940 petierunt
292 4854 463 4915 humiliter
491 4855 528 4914 ut
556 4852 752 4915 electionem
778 4853 884 4929 ipsam
922 4854 1038 4923 mota,
1057 4850 1297 4913 inviolabiliter
1311 4849 1494 4912 observari.
1513 4852 1604 4923 Quod
1620 4852 1649 4917 si
1665 4868 1731 4914 non

73 4965 250 5034 tanquam
269 4952 466 5014 concordem
486 4951 521 5012 11
539 4948 734 5012 canonicam
757 4949 883 5011 contir-
938 4946 1492 5025 11111111111111111111111111111,
1506 4947 1729 5011 duorestrum

72 5056 208 5124 maret,
235 5066 303 5128 quo
326 5049 359 5110 id
382 5048 493 5110 facero
519 5049 706 5121 recusante,
734 5047 883 5109 nostram
938 5046 1154 5109 nihilominus
1169 5046 1403 5122 exsequantur.
1422 5046 1540 5107 Datum
1560 5046 1727 5118 Laterani,
1764 5086 1768 5091 -

71 5149 297 5219 audientiam
324 5145 544 5225 appellarunt.
574 5144 638 5207 Sed
666 5145 738 5223 ipse
765 5144 882 5207 archi·
938 5140 1591 5213 111111111111111111,11111111.

942 2294 993 2354 Ad
1010 2294 1185 2355 Hclttnum
1203 2294 1485 2354 archidiaconum
1500 2294 1535 2353 11
1548 2295 1736 2370 magistros

1065 2758 1228 2825 [idomeneus
1247 2757 1361 2824 Augusta
1372 2758 1534 2822 viromand„
1546 2758 1614 2826 tio]
