3916 6204
87 393 151 454 193

702 400 931 461 EPISTOLAE.
954 401 1032 463 LIB.
1054 403 1140 467 vlu.

83 565 213 624 moros,
224 552 397 626 etinutile,
408 553 494 630 quod
506 554 621 647 contra
633 556 816 633 protectum
831 574 888 620 no-

82 647 189 709 minis
200 650 385 711 Christiani
396 673 403 711 ε
415 651 456 712 33
467 651 530 714 333
539 655 571 714 13
580 670 787 727 revocamus,
798 672 887 717 man-

1679 396 1739 461 tat

982 561 1203 623 sacrosancta
1217 562 1367 621 Romana
1387 516 1538 625 Ecclesia
1552 556 1689 621 devotos
1703 558 1738 618 31

941 655 1085 717 humiles
1113 655 1200 717 tilios
1226 673 1271 721 33
1294 656 1437 721 assuetae
1466 653 1599 732 pietatis
1626 652 1736 716 3111313

83 745 208 806 dentes
221 746 283 807 tibi
299 763 341 808 33
366 747 406 809 13
430 750 551 811 caetero
575 751 753 826 legationis
776 752 887 814 3111313
942 753 1140 828 propensius
1153 753 1292 828 diligere
1307 753 1491 825 consuevit,
1508 754 1597 814 3133
1612 766 1737 828 pravo-

82 841 245 918 ingerere
277 843 311 904 13
343 859 541 921 3133313113
571 852 666 925 cujus
698 850 787 909 enim
817 851 887 912 vita
943 864 1017 909 3331
1031 849 1203 910 bominum
1219 851 1379 913 molestiis
1395 850 1573 926 agitentur,
1592 848 1738 909 333133-

82 939 284 1015 1333131133,
307 943 413 1005 333131
434 944 471 1004 31
495 946 567 1021 ejus
590 946 784 1021 3331133113
806 962 888 1008 con·

81 1036 268 1098 temnatur.

422 1260 560 1349 LXXV

143 1412 201 1471 Aa
228 1414 447 1474 (1333331331
478 1376 772 1491 archiepiscopum
793 1417 827 1479 et

273 1511 463 1584 3331131313
482 1515 701 1575 Bremenses.

348 1642 380 1698 21
401 1639 532 1701 decemb.
553 1644 633 1702 1223.

81 1761 277 1827 [1333333313
287 1763 496 1828 iiambmgiscbes
505 1766 720 1828 Urkundenbucb,
726 1767 808 1827 1,l⁰8,
817 1768 885 1833 111]

942 961 1040 1021 quam
1069 946 1123 1021 pia
1152 947 1258 1008 mater
1283 963 1352 1008 suae
1381 947 1595 1024 protectionis
1619 945 1734 1007 muni·

942 1043 1030 1104 mine
1065 1042 1252 1105 contovere.
1287 1046 1336 1105 Ea
1369 1046 1513 1121 propter,
1546 1043 1665 1105 dilecte
1699 1042 1735 1102 in

941 1139 1080 1202 Domino
1102 1139 1160 1212 tili,
1185 1141 1253 1202 tuis
1272 1141 1372 1217 justis
1397 1139 1611 1217 petitionibus
1632 1139 1734 1200 incli-

942 1237 1022 1307 nati,
1047 1237 1108 1298 tibi
1129 1253 1169 1298 ac
1190 1253 1250 1314 per
1274 1237 1385 1299 13133
1407 1239 1608 1299 monasterio
1634 1238 1732 1310 bona,

937 1336 1014 1409 jnra
1030 1350 1070 1395 33
1082 1334 1269 1410 privilegia,
1287 1335 1372 1396 sicut
1388 1348 1427 1395 ea
1438 1337 1528 1411 juste
1544 1351 1583 1395 ac
1597 1335 1735 1411 33311133

941 1430 1102 1506 possides,
1124 1429 1359 1492 confirmamus
1375 1433 1408 1493 31
1426 1432 1603 1508 praesentis
1620 1431 1735 1508 scripti

856 1546 860 1553 ·
942 1528 1127 1603 patrocinio
1151 1529 1363 1606 suscipimus.
1383 1528 1476 1590 Nulli
1497 1544 1589 1605 ergo,
1612 1529 1674 1591 etc.
1700 1529 1735 1589 Si

941 1625 1155 1701 3313331331,
1177 1627 1239 1688 etc.
1261 1629 1380 1689 Datum
1397 1627 1564 1697 Laterani,
1590 1628 1651 1689 Xll
1673 1625 1736 1687 lta-

942 1721 1029 1782 lend.
1041 1721 1203 1800 januarii,
1220 1722 1432 1799 pontificatus
1452 1722 1558 1785 nostri
1574 1738 1663 1785 33113
1678 1738 1736 1784 oc·
1762 1772 1769 1799 ,

941 1820 1029 1880 tavo.

82 1887 208 1946 1133131
228 1896 261 1947 31
282 1888 468 1947 3333313313
488 1892 668 1950 livoniensis
688 1894 886 1952 molestatione

352 1977 466 2051 penitus
478 1978 626 2037 desistunt.

123 2096 803 2173 Honoriusepiscopus,servusservorum
812 2101 883 2173 Dei,

81 2192 276 2255 venerabili
310 2193 405 2255 fratri
427 2194 677 2272 archiepiscopo
702 2197 734 2259 et
757 2197 885 2259 dilectis

83 2288 168 2350 111113
183 2291 332 2367 capitulo
347 2292 530 2365 Bremensi,
544 2292 684 2355 salntem
703 2293 736 2355 et
751 2296 886 2371 Aposto-

83 2386 189 2448 licam
204 2388 482 2451 benedictionem.

125 2488 240 2547 Grave
252 2487 401 2561 gerimus
423 2488 456 2548 31
478 2486 663 2564 indignum,
681 2489 778 2566 quod,
799 2488 886 2551 sicut

81 2583 295 2645 venerabilis
309 2584 414 2645 irater
433 2587 548 2647 noster
562 2586 772 2647 livoniensis
791 2587 884 2663 opis-

85 2696 194 2759 copus
209 2682 336 2743 nostris
351 2681 488 2743 auribus
503 2682 680 2755 intimavit,
694 2699 753 2744 vos
775 2684 885 2746 eccle-

85 2779 175 2839 siam
193 2779 428 2840 Livoniensem
442 2780 614 2841 Bremensi
628 2781 779 2843 ecclesiae
801 2781 883 2842 sub-

80 2876 191 2953 jicere
209 2876 281 2953 juri
303 2877 543 2953 metropolitico
564 2878 757 2953 gestientes,
776 2879 883 2956 ipsam

85 2973 321 3050 multipliciter
348 2974 551 3049 aggravatis,
588 2991 656 3037 non
689 2977 764 3037 stne
789 2978 885 3053 gravi

83 3070 289 3147 apostelicae
318 3071 419 3137 ,sedis
452 3072 577 3149 injuria
613 3073 648 3134 31
681 3075 882 3151 3331331313,

84 3168 236 3229 maxime
258 3184 358 3245 quum
381 3172 453 3246 jam
477 3169 675 3231 secundario
697 3186 798 3247 super
821 3171 884 3233 boc

85 3265 286 3343 receperitis
316 3266 440 3341 scripta
472 3268 599 3329 nostra.
624 3266 668 3329 Ut
702 3268 813 3344 igitur,
842 3284 885 3329 ex

85 3364 269 3426 iteratione
281 3362 429 3424 mandati
443 3363 634 3425 mandantis
645 3363 799 3426 affectum
813 3365 885 3441 ple-

85 3461 163 3522 nius
191 3461 422 3536 agnoscentes,
455 3460 550 3522 vobis
576 3460 617 3522 ab
649 3460 884 3524 inobedientiae

85 3558 169 3620 vitio
191 3558 351 3625 caveatis,
367 3557 578 3620 universitati
600 3559 722 3620 vostrae
741 3574 801 3637 per
820 3560 885 3620 tte·

86 3655 161 3716 rata
185 3654 311 3730 scripta
331 3653 471 3716 flrrniter
496 3654 719 3732 praecipiendo
743 3656 885 3716 manda-

87 3767 171 3824 mus,
189 3751 364 3828 quatenus,
380 3767 480 3828 quum
509 3752 681 3828 praelatam
705 3753 883 3819 ecclesiam

87 3848 324 3911 Livoniensem
338 3850 371 3910 et
385 3864 499 3910 omnes
522 3850 608 3909 alias
622 3850 793 3921 ecelesias,
811 3866 883 3927 quaa

88 3946 130 4008 ab
155 3962 198 4008 33
218 3947 252 4008 31
274 3961 335 4023 per
358 3961 431 4008 eam
452 3946 588 4019 ibidem,
604 3947 743 4009 Domino
761 3963 884 4024 coope-

89 4045 384 4115 rememorantur,
401 4043 443 4104 31
466 4060 585 4105 133333
603 4045 736 4106 3331333
759 4046 885 4122 333313·

88 4139 166 4202 liter
178 4143 365 4213 teneamus,
383 4140 426 4201 ab
442 4141 548 4217 ipsius
572 4142 803 4204 molestatione
822 4159 884 4219 pe·

89 4238 178 4300 nitue
193 4238 402 4309 desistentes,
417 4254 490 4299 eam
506 4255 607 4315 snper
626 4239 690 4300 boc
704 4240 747 4300 do
763 4242 883 4302 3331333

89 4333 248 4412 impetere
264 4334 458 4397 nullatenus
477 4337 662 4397 attentetis.
678 4337 796 4397 Datum
814 4338 883 4397 La-

91 4431 208 4504 terani,
221 4433 284 4497 Xlt
305 4431 468 4493 kalendas
488 4433 650 4510 januarii,
672 4433 885 4510 pontificatus

89 4530 194 4591 333131
213 4544 302 4591 3333
319 4529 448 4592 octavo.

409 4788 568 4875 LXXVI

159 4940 212 5003 Aa
224 4940 383 5004 abbatem
393 4940 601 5001 monasterti
612 4943 647 5001 S.
664 4940 812 5016 Bentpat

366 5039 599 5098 Dietoueasts.

348 5158 383 5217 21
399 5157 527 5215 decemb.
545 5159 624 5216 {aaa
706 5215 708 5218 ⁴

325 5273 441 5339 [Perard
454 5273 567 5331 llecueil,
579 5273 647 5337 103]

142 5380 213 5440 11131
226 5381 433 5438 monasterium
449 5377 686 5453 patrocinandum
701 5380 829 5452 suscipit.

131 5507 296 5568 Honorias
309 5507 496 5583 episcopus,
507 5520 625 5566 servus
634 5518 806 5567 servorum
813 5505 882 5577 331,

91 5603 209 5665 1113313
234 5602 304 5665 tilio
330 5602 442 5664 abbati
466 5603 661 5664 monasterii
686 5603 719 5663 S.
745 5602 884 5679 Benigni

93 5700 314 5773 Divionensis,
330 5699 483 5772 salutem,
496 5700 558 5761 etc.

1250 2104 1447 2191 LXXVH.

1019 2264 1072 2324 Aa
1085 2266 1120 2324 S.
1137 2266 1418 2325 archidiaconum
1433 2265 1647 2341 Magatoacn.

1194 2401 1377 2465 11133333.
1399 2403 1478 2461 1223.

955 2534 1131 2601 [1133331113.
1143 2534 1206 2594 vul,
1221 2534 1361 2599 33113118.
1374 2536 1432 2587 3133.
1445 2537 1483 2588 Le
1493 2536 1614 2589 Ρ311313
1625 2536 1718 2602 111311]

939 2667 1181 2740 compositionem
1199 2669 1273 2725 inter
1291 2668 1442 2726 ecclesiam
1463 2669 1558 2727 Sancti
1574 2670 1692 2731 Firmini
1707 2676 1736 2728 31

985 2755 1138 2813 3331331331
1149 2756 1242 2813 33313
1253 2758 1351 2816 itariae
1366 2758 1513 2816 Pessulan.
1527 2756 1687 2816 confirmat.

978 2890 1156 2962 Honorius,
1180 2892 1256 2964 313,
1279 2892 1399 2957 dilecto
1419 2892 1487 2954 tilio
1509 2893 1543 2955 et
1566 2893 1736 2954 archidia-

939 3002 1022 3049 3333
1047 2987 1270 3063 Megalo-nen,
1296 2990 1438 3051 salutem
1457 2991 1491 3051 et
1508 2990 1733 3066 Apostolicam

938 3081 1213 3144 benedictionem.

978 3183 1024 3241 Ita
1050 3196 1124 3257 quae
1147 3180 1286 3257 judicio,
1318 3160 1371 3244 vel
1405 3183 1583 3244 concordia
1611 3183 1732 3245 termi-

938 3277 1062 3338 nantur
1081 3277 1177 3339 tirma
1199 3278 1319 3341 debent
1339 3279 1519 3341 3111113313
1540 3280 1732 3357 persistere,

939 3373 1033 3435 3133
1056 3373 1092 3435 13
1112 3375 1268 3436 recidivae
1292 3377 1514 3438 contentionis
1539 3377 1731 3454 scrupulum

939 3468 1142 3544 relabantur,
1172 3474 1362 3549 Apostollco
1392 3475 1547 3537 convenit
1577 3475 1733 3552 praesidio

939 3569 1150 3630 communiri.
1171 3572 1378 3648 1133333133,
1400 3571 1518 3635 dilecte
1536 3574 1570 3633 in
1594 3574 1734 3634 Domino

939 3665 997 3738 1111,
1019 3666 1087 3728 1313
1106 3669 1208 3744 justis
1231 3669 1510 3745 postulationibus
1531 3671 1626 3746 grato
1650 3686 1734 3732 con·

939 3765 1111 3824 currentes
1148 3780 1298 3838 assensu,
1338 3767 1621 3844 compositionem,
1659 3783 1733 3844 qnae

938 3859 1026 3920 inter
1038 3861 1069 3921 13
1081 3875 1139 3936 333
1151 3861 1293 3922 33313313
1307 3863 1420 3924 Sancti
1431 3862 1572 3925 Firmini
1583 3878 1625 3924 31
1638 3864 1733 3939 33313

938 3970 1016 4030 nna,
1042 3957 1075 4017 31
1103 3960 1139 4018 Ρ.
1168 3958 1284 4018 (133113
1313 3959 1586 4020 archidiaconum
1611 3962 1733 4036 Maga-

938 4052 1048 4114 lonen.
1067 4069 1126 4130 pro
1142 4055 1283 4116 33313313
1298 4055 1405 4117 333131
1425 4056 1540 4118 Mariae
1558 4056 1731 4119 Pessulan.

938 4166 982 4212 ex
995 4150 1113 4223 altera,
1133 4152 1202 4213 tam
1217 4166 1318 4229 33331·
1332 4168 1371 4214 33
1387 4154 1472 4230 quod
1488 4154 1552 4215 duo
1567 4155 1734 4231 capellani

938 4247 1116 4310 debentia
1140 4248 1299 4325 praedicta
1325 4250 1467 4313 33313313
1487 4251 1593 4313 beatae
1617 4253 1734 4315 1133133

939 4344 1080 4417 13311131,
1103 4360 1201 4422 quam
1226 4358 1389 4423 3333333
1412 4346 1498 4424 3331
1520 4347 1562 4410 33
1584 4350 1633 4409 313
1657 4350 1734 4411 3331

937 4441 1059 4517 333313
1072 4445 1280 4504 sacramenta
1293 4444 1732 4520 33313313311333111133313,

937 4536 1067 4599 333333
1078 4538 1316 4611 oblationibus,
1332 4540 1597 4613 obventionibus,
1614 4544 1647 4604 et
1658 4544 1735 4620 qui-

938 4635 1077 4696 busdam
1096 4636 1173 4698 allis
1192 4637 1354 4710 articulis,
1370 4638 1538 4719 mediante
1557 4642 1587 4702 J.
1604 4654 1735 4717 33333-

939 4733 1003 4794 sito
1038 4735 1262 4809 magalonem,
1285 4735 1507 4798 amicabiliter
1540 4737 1732 4808 intervenit,

938 4846 998 4907 per
1019 4829 1245 4893 venerabilem
1272 4831 1408 4893 tratrem
1431 4835 1616 4895 nostrum...
1645 4835 1732 4896 Por-

938 4931 1028 4988 tuen.
1045 4927 1247 5004 episcopum,
1265 4930 1344 4989 tune
1359 4931 1557 5006 apostolice
1573 4929 1668 4991 Sedis
1682 4929 1734 4991 le-

938 5025 1062 5100 gatum,
1089 5024 1298 5102 postmodum
1320 5027 1546 5104 approbatam,
1575 5029 1673 5104 prout
1694 5027 1732 5087 in

939 5122 1112 5199 utriusque
1131 5121 1253 5184 litteris
1274 5124 1405 5200 plenius
1425 5125 1623 5193 continetur,
1645 5125 1733 5188 sicut

938 5219 1013 5290 rite,
1030 5220 1104 5280 sine
1123 5221 1286 5296 pravitate
1301 5221 1439 5297 provide
1456 5221 1543 5281 13313
1558 5222 1618 5292 331,
1638 5223 1673 5282 31
1691 5222 1733 5284 33

939 5318 1079 5392 utraque
1097 5318 1191 5393 parte
1207 5320 1324 5393 sponte
1339 5318 1482 5393 recepta,
1502 5318 1534 5378 31
1548 5316 1657 5378 31333
1671 5332 1729 5396 pa·

939 5410 1033 5473 311133
1044 5410 1230 5483 observata,
1242 5413 1439 5473 auctoritate
1453 5412 1643 5488 Apostolica
1657 5430 1733 5477 con-

940 5507 1121 5581 firmamus,
1149 5509 1182 5570 et
1205 5509 1381 5584 praesentis
1407 5508 1521 5586 scripti
1545 5509 1732 5587 patrocinio

940 5606 1192 5666 communimus.
1208 5602 1302 5666 Nulli
1316 5620 1395 5681 ergo
1408 5606 1542 5668 omnino
1559 5606 1732 5670 hominum

939 5699 1039 5762 liceat
1058 5700 1146 5762 banc
1160 5699 1315 5777 paginam
1329 5702 1454 5764 3331333
1471 5700 1732 5767 confirmationis
