3916 6204
191 288 251 350 555
804 288 980 350 HONORII
1002 288 1047 347 111
1069 287 1217 347 oritas.

1770 282 1821 343 556
1938 310 1939 347 i

192 448 349 527 ipsosque
384 448 550 511 interdum
589 449 734 526 spoliare
768 448 982 527 praesumunt.
1037 446 1202 522 deponere
1227 443 1415 520 diligenter,
1442 444 1509 505 alia
1532 458 1612 504 vero
1638 443 1681 504 ad
1710 439 1823 503 Sedent
1938 410 1939 499 Ῠ

194 546 275 605 Cum
288 560 367 621 ergo
378 547 514 607 sortitus
529 546 746 624 speculatoris
756 545 901 608 cilicium
911 545 983 606 liaec
1037 542 1258 619 Apostollcam
1283 541 1449 602 destinare
1474 541 1510 601 iu
1538 539 1686 601 archivis
1705 539 1823 601 nostris
1938 578 1939 617 p

193 658 260 703 non
277 642 398 704 debeas
413 642 474 703 sub
491 643 623 704 silentio
638 644 820 721 praeterire,
841 642 897 704 sed
917 658 982 702 an·
1038 638 1167 700 cautius
1202 638 1440 708 conservanda,
1471 638 1604 715 proviso
1635 636 1821 713 prudenter,
1938 622 1939 701 t

193 739 349 800 nuntiare
367 755 461 799 suam
490 740 697 817 iniquitatem
719 740 852 817 iniquis,
880 756 922 800 ne
952 740 984 800 et
1037 736 1122 812 quod
1134 735 1371 811 possessiones,
1390 736 1423 796 et
1437 734 1504 796 elia
1518 735 1623 811 ipsius
1634 734 1823 796 monasterii

193 834 256 911 ipsi
273 836 456 897 moriantur
468 837 503 896 in
519 836 588 908 illa,
605 839 638 899 et
649 838 786 911 sanguis
802 837 932 897 illorum
943 835 983 895 de
1036 831 1123 892 bona
1138 848 1198 909 per
1209 832 1443 903 venditionem,
1462 847 1521 892 seu
1541 831 1631 892 eliud
1647 831 1825 908 quodcum-

193 932 345 993 mauibus
357 932 424 994 tuis
441 949 461 994 a
480 935 619 994 Domino
631 935 831 1010 requiratur,
858 932 982 993 irater-

193 1029 428 1090 nitatemtuam
444 1031 686 1091 sollicitandam
702 1030 857 1091 duximus
867 1031 899 1091 et
909 1030 984 1090 bor·

192 1125 337 1198 tendam,
353 1143 412 1203 per
424 1128 612 1204 Apostolica
622 1128 683 1190 tibi
694 1128 817 1204 scripta
827 1125 983 1187 mandan-

192 1224 255 1294 tes,
277 1224 439 1301 quatenus
464 1241 563 1300 quum
594 1225 682 1297 illos,
698 1224 754 1301 qui
776 1222 984 1285 committunt

192 1321 274 1405 talia
287 1321 635 1394 faciantvecommitti,
651 1322 779 1383 constet
789 1320 938 1382 incidere
947 1320 982 1380 iu

192 1432 352 1478 canonem
375 1418 546 1479 sententiae
570 1419 799 1494 promulgatae,
815 1418 904 1479 circa
926 1432 983 1477 eos

192 1514 336 1575 debitum
354 1515 553 1590 pontificalis
573 1515 675 1576 cilicii
688 1516 801 1576 taliter
815 1530 981 1591 exsequa-

190 1610 249 1681 ris,
262 1611 418 1688 quodnec
433 1612 497 1687 ipsi
511 1627 571 1688 per
582 1611 881 1673 dissimulationem
892 1613 983 1672 tuam

189 1707 231 1767 ed
245 1723 401 1768 excessus
416 1708 605 1785 huiusmodi
626 1707 758 1769 facilius
778 1708 981 1781 dilabantur,

190 1818 253 1865 nec
265 1805 300 1865 tu
317 1821 431 1866 eorum
448 1805 576 1882 culpam
593 1821 652 1882 per
663 1805 811 1866 eamdem
826 1805 984 1866 dissimu-

189 1900 347 1963 lationem
372 1902 476 1965 sacias
499 1919 573 1963 esse
593 1903 697 1971 tuam,
727 1919 802 1964 cum
827 1918 923 1979 posse
951 1903 984 1963 et

190 1998 279 2059 nolle
299 1998 493 2075 perturbare
517 2014 691 2079 perversos
717 1998 802 2060 nihil
826 1999 869 2061 sit
892 1998 983 2059 aliud

190 2111 288 2171 quam
317 2096 440 2157 lovere.
471 2098 589 2157 Datum
623 2096 791 2167 Laterani,
822 2094 983 2157 kalendas

189 2192 313 2263 martii,
328 2191 538 2269 pontificatus
551 2193 654 2255 nostri
671 2208 758 2255 anno
774 2195 901 2254 octavo.

523 2519 658 2609 dxiv<

191 2689 244 2772 dd
274 2692 469 2764 episcopum
492 2693 743 2767 Lingonensern
769 2691 803 2752 et
830 2691 984 2752 abbatem

230 2787 491 2848 cisterciensem
505 2788 543 2848 et
548 2791 706 2861 priorem
728 2790 769 2849 de
787 2790 869 2849 Sine
880 2790 984 2849 Mnro

229 2885 461 2945 cabilonensis
472 2885 506 2945 et
520 2886 691 2945 descensis
704 2888 900 2947 dioecesum.

473 3033 487 3088 l
508 3032 603 3089 martii
620 3032 699 3103 itit,

222 3170 344 3235 [liegest.,
355 3171 400 3222 lib.
416 3172 480 3231 Vlll,
498 3186 538 3238 ep.
551 3172 606 3223 ets.
619 3174 676 3224 llss
682 3174 719 3226 La
728 3173 804 3224 Poste
814 3173 848 3224 du
859 3172 952 3237 insit]

190 3311 404 3383 ordinationem
420 3328 435 3370 a
452 3315 481 3372 G.
498 3315 648 3372 Portueusi
664 3314 799 3388 episcopo
815 3314 851 3372 de
866 3329 981 3372 mouss-

322 3404 395 3459 terto
409 3404 547 3459 Besueusi
562 3402 666 3461 lactem
681 3403 841 3461 confirmet.

230 3544 409 3615 Honorius,
425 3545 500 3615 etc,
515 3544 701 3606 venerabili
713 3544 809 3607 fratri
827 3547 983 3623 episcopo

190 3636 387 3717 Lingonen„
406 3642 438 3702 et
450 3641 580 3703 dilectis
592 3643 707 3704 tiliis...
725 3643 836 3705 abbati
854 3644 982 3705 Cister-

190 3739 276 3799 oien.
297 3740 331 3800 et
344 3738 450 3816 priori
473 3739 513 3801 de
529 3740 608 3802 Sine
627 3743 723 3802 Mure
739 3740 930 3802 cabilonen.
951 3742 985 3804 et

190 3834 315 3899 Eduen.
330 3836 519 3898 dioecesum.

230 3934 323 3995 Licet
350 3934 593 4013 ordinationem
622 3950 643 3996 a
673 3934 857 3997 venerabili
880 3934 984 3997 tratre

191 4033 305 4090 nostro
317 4032 364 4100 C„
378 4033 534 4092 Portuen.
544 4032 711 4109 episcopo,
723 4031 845 4093 factam
857 4032 898 4093 de
912 4047 985 4093 mo-

190 4127 338 4188 nasterio
350 4128 694 4189 Besuenduxerimus
711 4129 981 4200 confirmandam,

191 4225 279 4285 sicut
300 4224 431 4300 plenius
454 4225 643 4287 continetur
663 4226 698 4286 in
723 4228 846 4287 nostrae
861 4226 985 4287 contir-

190 4321 347 4382 mationis
356 4319 487 4395 litteris,
500 4337 582 4399 quas
592 4322 685 4384 vobis
699 4322 759 4383 sub
767 4322 858 4383 bulla
870 4324 984 4384 nostra

190 4418 394 4490 destinamus
408 4418 565 4491 inclusae,
579 4420 846 4483 volentestameu
856 4435 985 4496 praeca·

189 4532 269 4577 vere
284 4516 435 4592 diligenti
449 4517 673 4579 sollicitudine
687 4509 897 4588 infuturum,
914 4516 985 4578 dis-

190 4613 331 4676 cretioni
345 4615 464 4675 resirae
475 4631 535 4691 per
548 4615 738 4692 apostolica
750 4615 873 4691 scripta
888 4629 984 4675 man-

190 4711 318 4783 damus,
336 4713 499 4788 quatenus
521 4712 562 4774 ad
580 4715 721 4773 Besuen.
744 4712 982 4773 monasterium

1038 944 1100 1005 que
1115 928 1327 989 alienationis
1339 945 1444 1004 genus
1455 928 1596 989 alienari
1611 928 1822 1004 nonpossint,

1038 1026 1084 1093 ut,
1096 1026 1125 1085 si
1137 1025 1250 1086 forsan
1265 1030 1400 1102 propter
1410 1026 1581 1100 urgentem
1596 1025 1823 1086 necessitatem

1037 1124 1070 1183 et
1088 1123 1274 1185 evidentem
1296 1123 1471 1184 utilitatem
1498 1137 1656 1199 processu
1671 1122 1823 1198 temporis

1038 1218 1138 1281 fuerit
1162 1220 1203 1281 de
1222 1220 1423 1281 monasterio
1447 1220 1519 1297 ipso
1543 1219 1642 1281 aliter
1665 1219 1823 1280 ordinan-

1038 1315 1125 1388 dum,
1135 1318 1361 1394 possessiones
1374 1318 1406 1379 et
1416 1316 1570 1394 aliajma
1583 1331 1644 1377 sua
1659 1315 1769 1377 eidem
1780 1331 1824 1378 re·

1037 1413 1826 1491 maneantillibata.tdbaecquuuimonachiscu-

1037 1510 1218 1573 teutialiter
1232 1526 1252 1572 a
1268 1511 1470 1573 monasterio
1485 1511 1557 1587 ipso
1572 1511 1674 1572 amoti
1686 1510 1730 1571 ad
1749 1509 1825 1571 illud

1037 1609 1309 1684 praesumpserint
1335 1608 1468 1684 propria
1493 1607 1681 1669 temeritate
1702 1607 1824 1681 redire,

1037 1720 1077 1765 ac
1086 1705 1362 1766 excommunicati
1377 1705 1702 1766 excommunicatum
1717 1704 1825 1780 elege-

1037 1802 1105 1863 rint
1130 1802 1164 1862 in
1191 1801 1360 1873 abbatem,
1387 1801 1549 1877 infligatis
1575 1802 1625 1863 eis
1650 1817 1826 1876 congruam

1038 1914 1168 1976 poenam
1183 1915 1242 1977 pro
1267 1898 1456 1975 hujusmodi
1475 1899 1748 1976 presumptionis
1766 1915 1825 1960 ex·

1038 2011 1133 2057 cessu
1153 1997 1185 2057 et
1203 1998 1271 2057 tam
1291 2011 1360 2065 eos,
1384 1996 1580 2073 quamalios
1600 1996 1642 2057 ad
1668 1996 1744 2057 loca
1768 1995 1826 2057 sibi

1037 2092 1266 2170 deputata,vel
1280 2091 1380 2153 etiam
1401 2092 1588 2169 deputanda
1609 2092 1760 2168 migrare
1775 2109 1827 2154 ca·

1039 2189 1159 2250 nonica
1173 2189 1380 2251 districtione
1392 2191 1559 2269 cogentes,
1573 2189 1779 2251 denuntietis
1788 2190 1828 2250 ir·

1037 2285 1138 2346 ritum
1160 2287 1193 2347 et
1218 2285 1318 2347 inane
1345 2286 1500 2365 quicquid
1529 2287 1602 2363 post
1629 2287 1827 2349 amotionem

1038 2396 1152 2443 eorum
1166 2382 1207 2443 do
1226 2383 1364 2460 praelata
1380 2383 1552 2454 electione,
1568 2398 1609 2444 ac
1623 2383 1702 2444 aliis
1723 2398 1826 2459 nego-

1037 2479 1094 2540 tiis
1105 2479 1210 2555 ipsius
1220 2478 1425 2551 monasterii,
1446 2479 1497 2541 vel
1514 2479 1740 2542 membrorum
1759 2483 1826 2557 eius

1039 2576 1223 2638 factumest
1238 2592 1297 2652 per
1309 2577 1453 2651 eosdem,
1465 2592 1525 2637 seu
1537 2593 1597 2653 per
1609 2577 1719 2649 illum,
1735 2593 1827 2655 quem

1037 2674 1150 2735 taliter
1159 2673 1341 2749 elegerunt.
1358 2676 1392 2735 et
1402 2674 1435 2734 iu
1448 2676 1569 2737 statum
1580 2674 1728 2737 debitum
1738 2674 1828 2736 redu·

1038 2771 1122 2832 catis
1149 2771 1216 2832 tam
1238 2770 1394 2844 clericos,
1422 2786 1520 2848 quam
1545 2770 1661 2843 laicos,
1690 2773 1749 2849 qui
1774 2787 1826 2833 eos

1038 2869 1311 2945 praesumpserint
1334 2868 1367 2928 in
1383 2883 1443 2929 sua
1467 2869 1685 2944 perversitate
1705 2869 1825 2937 favere,

1038 2964 1090 3025 rel
1103 2965 1188 3025 aiios
1196 2964 1357 3042 impedire
1367 2966 1542 3042 quominus
1553 2965 1747 3026 mandatum
1757 2982 1825 3027 nos-

1037 3061 1124 3122 trum
1153 3062 1312 3124 sortiatur
1332 3060 1502 3134 effectum,
1528 3061 1713 3124 monitione
1741 3078 1825 3140 prae·

1038 3158 1153 3231 missa,
1168 3174 1227 3235 per
1241 3172 1417 3219 censuram
1431 3159 1704 3232 ecclesiasticam,
1723 3160 1827 3238 appel·

1037 3254 1162 3315 latione
1185 3255 1378 3332 postposita,
1402 3256 1656 3333 compescendo;
1676 3256 1828 3319 invocato

1037 3351 1150 3424 etiam,
1167 3352 1196 3412 si
1210 3368 1294 3428 opus
1311 3351 1420 3424 tuerit,
1446 3352 1584 3413 brachio
1608 3353 1768 3415 saeculari
1789 3353 1826 3415 ad

1037 3464 1152 3510 eorum
1167 3448 1327 3511 maiitiam
1350 3449 1606 3526 reprimendam.
1622 3450 1828 3512 caeterumsi

1038 3546 1167 3622 praefati
1199 3547 1353 3608 monachi
1385 3546 1425 3607 ad
1457 3549 1603 3607 animum
1632 3547 1828 3610 reducentes

1037 3642 1234 3704 beneficium
1249 3643 1467 3705 absolutionis
1481 3659 1555 3705 cum
1566 3643 1676 3706 debite
1693 3645 1830 3706 humili-

1037 3741 1105 3802 tate
1118 3740 1283 3817 petierint,
1299 3740 1378 3801 illud
1396 3740 1444 3802 eis
1455 3743 1552 3820 juxta
1567 3740 1710 3803 formam
1724 3743 1830 3804 Eccle-

1039 3837 1097 3898 siae
1112 3838 1381 3915 impendatisid
1406 3839 1477 3900 liaec
1495 3855 1569 3899 cum
1591 3840 1829 3902 monasterium

1037 3935 1145 4010 ipsum
1174 3934 1316 3996 diversis
1351 3935 1570 3997 creditoribus
1601 3940 1672 3998 tam
1696 3937 1828 4015 jndaeis,

1038 4047 1136 4109 quam
1149 4032 1341 4094 christianis
1362 4048 1482 4109 mares
1497 4049 1616 4094 usuras
1634 4034 1827 4105 exsolverit,

1038 4130 1071 4190 et
1085 4128 1193 4189 adhuc
1216 4144 1317 4206 super
1337 4129 1481 4190 aliorum
1502 4130 1669 4192 solutione
1682 4131 1830 4207 grauiter

1038 4225 1222 4294 infestetur,
1232 4226 1434 4302 provideatis
1443 4243 1543 4304 super
1550 4227 1616 4298 iiis,
1629 4229 1739 4304 prout,
1756 4243 1831 4305 pen·

1038 4323 1119 4383 satis
1134 4322 1286 4383 omnibus
1296 4323 1566 4395 circumstantiis,
1579 4325 1735 4387 videritis
1749 4340 1826 4402 pro·

1037 4419 1225 4492 videndum,
1246 4420 1293 4482 ita
1321 4421 1431 4482 tamen
1456 4422 1542 4498 quod
1566 4423 1825 4498 possessionum,

1037 4518 1090 4579 vel
1120 4517 1308 4580 reddituum
1342 4518 1511 4595 saepedicti
1536 4519 1744 4591 monasterii,
1777 4517 1827 4579 vel

1034 4615 1259 4676 membrorum
1284 4614 1375 4674 nulla
1390 4629 1527 4691 prorsus
1544 4614 1705 4677 alienatio
1726 4616 1828 4676 inter·

1037 4709 1143 4779 cedat,
1167 4723 1324 4769 concessa
1344 4707 1439 4770 vobis
1458 4709 1656 4770 auctoritate
1677 4723 1826 4786 praesen-

188 4810 411 4887 personaliter
424 4809 983 4885 accedentesdecmuibusposses-
1036 4806 1118 4868 tium
1142 4806 1293 4883 plenaria
1308 4806 1469 4882 potestate
1492 4805 1633 4881 cogendi
1655 4805 1825 4867 usurarios

190 4907 357 4978 sionibus,
383 4906 578 4978 redditibus,
593 4906 782 4975 mobilibus,
809 4908 843 4969 et
863 4906 982 4968 debitis
1035 4904 1126 4980 ipsos
1142 4903 1183 4964 ad
1199 4903 1440 4965 restituendum
1459 4904 1589 4965 extorta
1610 4905 1645 4965 et
1659 4903 1701 4965 ab
1716 4905 1826 4964 extor-

191 5007 264 5080 ejus
293 5008 361 5066 tam
386 5004 505 5080 capitis
538 5020 636 5082 quam
675 5003 896 5065 membrorum
925 5004 981 5064 in·
1036 5002 1365 5079 queudisdecaetero
1386 5000 1629 5077 compescendi,
1647 4999 1823 5062 secundum

187 5103 375 5164 tentorium
427 5101 569 5173 faciatis,
604 5104 638 5163 et
673 5102 809 5162 inventa
850 5100 981 5162 iacietis
1035 5099 1214 5160 canonicas
1243 5099 1442 5161 sanctiones.
1473 5098 1565 5169 Quod
1596 5098 1626 5158 si
1658 5114 1724 5159 non
1754 5110 1824 5156 om-

188 5200 355 5261 conscribi
369 5196 519 5277 pluribus
532 5199 733 5261 authenticis
746 5198 978 5267 monumentis,
1034 5212 1105 5268 nes,
1121 5197 1182 5257 eto.
1206 5196 1322 5257 Datum
1348 5196 1516 5268 Laterani,
1532 5194 1686 5256 kalendis
1702 5190 1820 5260 martii,

187 5312 327 5377 quorum
342 5298 492 5375 quaedam
512 5297 597 5374 apud
617 5312 730 5359 sacras
752 5296 841 5357 aedes
856 5295 980 5357 curetis
1035 5310 1123 5354 anno
1136 5295 1264 5355 octavo.
