3930 6206
175 362 235 421 779

176 523 375 599 appenditiis
391 524 472 595 suls,
485 524 577 586 salvo
591 525 817 589 moderamine
829 528 968 589 concilii

175 620 363 694 generatim
394 622 506 698 partes
539 622 695 684 villarum
727 623 767 684 dc
800 625 966 700 Salsigno,

175 718 362 789 Macbluco,
399 718 585 792 Flassiano,
625 723 759 794 Bazino,
799 724 965 795 Pomaric,

175 815 367 887 Vilaldrico‚
386 818 419 877 91
434 818 554 879 Sancto
573 818 729 880 Adriano.
749 822 836 881 Sane
857 835 966 881 nova-

174 912 255 972 lium
276 917 463 975 vestrorum
483 928 555 992 quaa
571 918 715 994 propriis
734 918 898 989 manibus,
913 917 965 979 191

176 1012 360 1087 sumptibus
376 1013 496 1084 colitis,
514 1015 584 1074 sive
595 1015 828 1077 devastrorum
842 1017 967 1077 auima-

174 1109 966 1182 liumnutrimentis,nullusavobisdecimasexl·

174 1222 253 1281 gere
264 1207 317 1267 191
332 1210 530 1285 extorquere
544 1212 733 1286 praesumat.
749 1213 860 1272 Liceat
871 1210 964 1272 vobis

172 1306 313 1365 clericos
329 1305 383 1365 191
409 1307 524 1378 laicos,
550 1308 673 1369 liberos
694 1309 728 1369 et
742 1308 922 1381 absolutos,
946 1325 965 1370 e

171 1403 961 1483 soeculoiugientes,adconversionemrecipere,

172 1502 283 1561 91999
310 1502 434 1578 absque
460 1502 724 1564 contradictione
746 1504 858 1581 aliqua
881 1505 963 1566 reti-

172 1614 262 1658 nere.
287 1599 504 1660 prohibemus
520 1601 657 1677 insuper
671 1603 707 1662 ut
726 1601 809 1662 nulli
825 1602 963 1664 fratrum

171 1698 367 1768 vestrorum,
380 1699 452 1773 post
463 1697 582 1759 iactam
594 1699 627 1758 in
641 1700 842 1761 monasterio
852 1702 963 1761 vestro

170 1794 421 1869 professionem,
431 1795 530 1857 liceat
545 1797 617 1857 sine
630 1796 757 1858 abbatis
766 1798 913 1869 licentia,
923 1798 963 1859 do

172 1892 286 1951 eodem
316 1893 400 1961 loco,
434 1894 499 1953 nisi
525 1895 679 1954 arctioris
707 1895 878 1971 religionis
904 1895 965 1956 ob-

169 1990 706 2052 19111119991919.1199191191]
730 2009 810 2053 1919
838 1992 963 2070 absque

68 2158 72 2171 .
170 2089 393 2149 communium
407 2089 592 2150 litterarum
608 2092 793 2151 vestrarum
810 2092 963 2152 cautione

170 2187 281 2246 nullus
295 2187 416 2247 audeat
431 2188 587 2248 retinere.
606 2192 711 2260 Quum
728 2190 838 2249 autem
860 2205 964 2264 gene-

169 2285 239 2345 rale
255 2284 468 2345 interdictum
488 2286 586 2345 terrae
614 2286 723 2357 suerit,
738 2285 837 2347 liceat
855 2285 959 2358 vobis,

169 2381 293 2442 clausis
311 2382 436 2457 januis,
453 2382 601 2442 exclusis
623 2385 917 2445 excommunicatis
930 2386 962 2446 et

168 2478 365 2546 interdictis,
398 2495 464 2538 191
497 2478 635 2555 pulsatis
667 2481 847 2556 campanis
883 2498 962 2557 sup-

167 2591 282 2653 pressa
298 2592 389 2646 1999,
407 2577 517 2637 omnia
533 2576 642 2637 officia
658 2577 837 2639 celebrare.
854 2580 962 2641 luter-

167 2675 308 2735 dicimus
332 2674 433 2735 etiam
456 2689 497 2735 ne
521 2676 685 2752 episcopo,
711 2676 764 2737 191
788 2677 962 2739 archidia-

168 2771 875 2846 991911999111199,1919991991991991199,
888 2777 960 2837 9119

167 2868 342 2931 manifesta
358 2871 391 2930 91
405 2868 596 2930 rationabili
612 2886 723 2941 causa,
739 2875 961 2935 excommuni-

167 2966 318 3038 cationis,
332 2966 384 3027 vel
395 2967 562 3028 interdicti
575 2968 772 3029 sententiam
788 2968 887 3042 serre,
900 2985 960 3031 seu

166 3080 224 3126 199
239 3065 335 3125 19119
350 3066 383 3126 91
396 3064 553 3126 indebitis
564 3065 793 3127 exactionibus
806 3066 957 3143 fatigare.

167 3164 203 3223 In
222 3162 469 3238 parochialibus
492 3178 571 3223 vero
591 3162 741 3223 ecclesiis
757 3178 837 3240 quas
852 3165 958 3226 babe-

166 3260 221 3330 119,
236 3260 402 3320 119991199
416 3259 605 3321 sacerdotes
620 3259 754 3335 eligere,
772 3262 959 3324 dioecesano

164 3357 320 3434 episcopo
335 3359 548 3433 praesentare,
565 3357 684 3435 quibus
699 3360 728 3418 si
752 3359 863 3420 idonei
884 3354 959 3420 sue-

163 3455 242 3524 rint,
253 3454 429 3529 episoopus
444 3468 557 3514 curam
573 3455 761 3516 animarum
777 3457 959 3519 committat

165 3554 201 3613 ut
215 3551 246 3612 ei
268 3551 308 3611 de
323 3549 563 3626 spiritualibus
578 3550 671 3612 vobis
687 3568 766 3613 1919
778 3554 818 3613 de
832 3556 960 3631 tempo-

164 3646 302 3719 ralibus,
320 3645 462 3708 debeant
473 3647 692 3723 respondere3
710 3648 855 3711 chrisma
865 3666 955 3725 1919,

164 3744 273 3805 oleum
306 3748 468 3817 sanctum,
506 3747 773 3807 consecrationes
801 3747 958 3809 altarium

163 3859 224 3904 seu
250 3843 477 3925 basilicarum,
508 3844 733 3905 ordinationes
760 3844 957 3907 clericorum

162 3941 218 4018 qui
234 3940 275 4000 ad
295 3956 408 4001 sacros
433 3941 566 4002 ordines
591 3941 714 4003 luerint
728 3943 955 4019 promovendi,

162 4042 198 4099 at
221 4038 408 4099 dioecesano
440 4038 629 4115 suscipietis
658 4040 956 4118 9119991991ᾳυί-

162 4136 235 4195 dem
251 4135 548 4197 9911911919119111
563 4137 596 4196 91
605 4137 749 4211 gratiam
760 4139 793 4198 et
805 4153 956 4198 commu·

161 4235 294 4293 utonem
307 4233 527 4295 sacrosanctae
550 4235 707 4294 Romanae
727 4234 821 4294 Sedis
834 4234 957 4296 habue-

161 4332 217 4402 rit,
234 4333 266 4392 et
284 4346 324 4391 99
346 4330 443 4391 vobis
454 4330 598 4390 voluerit
624 4330 696 4391 sine
716 4332 878 4408 pravitate
891 4333 956 4395 ali-

161 4444 226 4506 qua
253 4428 422 4489 exhibere.
454 4428 665 4503 sepulturam
696 4445 825 4507 quoque
848 4430 954 4506 ipsius

161 4527 225 4587 loci
254 4526 393 4587 liberam
425 4540 498 4586 esse
528 4525 748 4598 decernimus,
777 4529 812 4588 ut
839 4543 954 4588 eorum

160 4624 327 4686 devotioni
349 4627 381 4684 91
399 4624 548 4685 extrema
561 4624 732 4686 uoluntate
748 4624 805 4701 qui
821 4640 858 4685 se
883 4625 954 4687 illic

159 4722 296 4799 sepeliri
311 4720 591 4794 deliberaverunt,
615 4721 679 4782 nisi
709 4722 793 4783 sorte
819 4737 954 4783 excom-

158 4819 317 4879 municati
333 4819 385 4878 191
400 4818 567 4879 interdicti
583 4818 660 4885 sint,
675 4818 786 4878 nullus
802 4819 951 4886 obsistat,

159 4917 252 4977 salva
284 4920 394 4977 taines
425 4915 556 4990 justitia
585 4931 701 4976 earum
736 4916 952 4977 ecclesiarum

158 5015 278 5092 quibus
308 5014 511 5075 mortuorum
548 5028 687 5089 corpora
724 5017 948 5075 assumuntur.

159 5112 306 5174 Obeunte
320 5128 400 5172 1919
415 5113 447 5173 19
461 5127 548 5171 1119
570 5110 717 5188 ejusdem
732 5111 797 5172 loci
821 5110 950 5182 abbate,

157 5211 211 5271 191
240 5211 372 5270 tuorum
399 5208 544 5286 quolibet
574 5223 813 5279 successorum,
841 5208 951 5268 nullus

158 5307 204 5368 ibi
229 5306 374 5385 qualibet
401 5306 625 5383 subreptionis
651 5306 784 5376 astutia,
802 5306 951 5367 991119-

789 368 1030 431 uououlldll
1052 372 1199 432 OPERA.
1738 376 1787 438 'lto

1023 528 1125 591 lentis
1141 532 1363 608 praeponatur,
1380 532 1446 593 nisi
1458 544 1555 610 quem
1567 533 1691 606 1191199,
1705 550 1786 597 con·

1023 627 1114 687 muni
1129 643 1304 699 consensu,
1332 629 1386 689 191
1411 629 1549 691 fratrum
1574 644 1649 707 pars
1670 635 1788 709 majoris

1022 725 1054 785 91
1068 725 1212 787 99119119
1235 726 1366 787 consilii
1391 728 1572 788 secundum
1597 731 1694 789 boum
1714 732 1744 791 91
1756 734 1786 791 Β.

1021 822 1190 882 Benedicti
1204 823 1353 898 regulam
1377 823 1587 900 providerent
1610 825 1787 901 eligendum.

1020 918 1205 980 Libertates
1220 924 1396 997 quoquest
1419 922 1642 984 immunitates
1656 924 1789 999 antiquas

1020 1018 1053 1076 et
1066 1016 1284 1078 rationabiles
1301 1019 1556 1080 consuetudines
1570 1020 1791 1082 9991991919-

1019 1116 1080 1173 trae
1096 1130 1281 1187 concessas,
1305 1117 1339 1177 91
1359 1116 1519 1177 19919199
1533 1117 1727 1190 9199119199,
1740 1132 1790 1178 ra-

1018 1212 1070 1271 tas
1085 1210 1235 1273 19191119
1247 1214 1280 1273 91
1295 1228 1353 1274 999
1367 1214 1535 1291 perpetuis
1550 1214 1745 1290 temporibus
1756 1215 1793 1275 il·

1019 1306 1139 1368 libatas
1168 1325 1364 1384 permanere
1390 1311 1569 1371 sancimus.
1604 1311 1741 1388 Pacique
1766 1313 1793 1373 91

1018 1405 1252 1482 tranquillitati
1272 1410 1403 1479 restrae,
1430 1411 1567 1484 paterna
1581 1408 1618 1469 11
1643 1411 1793 1486 posterum

1019 1501 1242 1564 sollicitudine
1252 1504 1596 1581 providereroleutss,
1612 1505 1794 1567 auctoritate

1018 1600 1207 1675 apostolica
1219 1600 1443 1677 probibemus,
1463 1603 1501 1663 ut
1524 1601 1613 1663 inira
1637 1601 1794 1664 clausuras

1018 1697 1166 1758 iocorum
1192 1700 1388 1771 vestrorum,
1419 1699 1531 1759 nullus
1550 1700 1721 1775 rapinam,
1743 1714 1794 1761 sau

1018 1794 1141 1855 lurtum
1157 1795 1277 1867 199919,
1294 1796 1405 1870 ignem
1418 1810 1597 1872 apponere,
1611 1796 1796 1872 sanguinem

1018 1889 1166 1963 11111919,
1194 1892 1362 1953 hominem
1388 1894 1513 1955 temere
1541 1906 1674 1969 capere,
1689 1892 1796 1953 19111-

1016 1988 1179 2059 19119919,
1194 2004 1253 2050 991
1272 1989 1466 2052 riolentiam
1491 1984 1613 2052 911991
1639 2004 1794 2052 exercere.

1018 2086 1232 2147 Decernimus
1244 2103 1325 2162 ergo
1340 2091 1376 2148 ut
1394 2088 1478 2148 nulli
1489 2088 1625 2149 omniuo
1641 2088 1796 2149 bominum

1017 2181 1116 2243 liceat
1129 2183 1304 2259 praefatum
1324 2186 1560 2246 monasterium
1584 2189 1711 2246 temere
1732 2200 1798 2261 per·

1018 2280 1161 2351 turbare,
1177 2281 1735 2359 91191191999999191999119119...
1747 2296 1797 2341 991

1016 2377 1218 2454 quibuslibet
1243 2380 1476 2442 vexationibus
1500 2379 1681 2455 langare...
1695 2383 1797 2447 11191,

1016 2490 1124 2545 amen,
1141 2491 1249 2537 amen.
1281 2480 1339 2537 SS.
1370 2479 1499 2549 Petrus,
1529 2478 1668 2550 Paulus,
1693 2479 1797 2537 Hono·

1016 2573 1087 2632 rius
1104 2575 1187 2633 iil...

1054 2671 1173 2731 Datum
1188 2672 1357 2744 Laterani,
1383 2673 1428 2732 lii
1449 2685 1553 2733 19199
1568 2670 1739 2743 februarii,
1754 2670 1800 2730 in·

1015 2767 1161 2830 dictione
1210 2771 1298 2840 XIII,
1343 2769 1587 2833 incarnationis
1629 2767 1799 2830 Dominioae

1015 2880 1102 2925 anno
1128 2867 1312 2937 Mudxxv,
1340 2865 1551 2944 pontificatus
1579 2863 1799 2929 1919191111

1014 2963 1157 3023 lionorii-
1168 2979 1261 3040 papae
1277 2965 1323 3025 Ili
1337 2979 1425 3024 anuo
1442 2977 1542 3024 1919.

1331 3194 1489 3281 LXXVI

1034 3348 1086 3405 Ad
1106 3348 1311 3416 Romanum,
1334 3347 1453 3406 Soracti
1466 3348 1587 3421 Aopeli
1606 3349 1784 3407 diaconum

1052 3446 1274 3513 cardinalem,
1287 3446 1326 3503 A.
1339 3445 1537 3519 1199919919
1550 3446 1588 3504 tn
1601 3447 1763 3505 F'ranctu.

1261 3574 1294 3631 13
1313 3570 1447 3631 februarii
1467 3572 1545 3631 llas.

1041 3699 1160 3762 [liegest.,
1174 3696 1220 3747 lib.
1234 3697 1278 3756 lx,
1289 3696 1363 3761 epist.
1376 3696 1429 3746 180,
1442 3698 1633 3747 lissbaporte
1643 3695 1777 3760 1111911]

1047 3823 1080 3880 Ei
1095 3820 1212 3880 mandat
1226 3830 1256 3878 ut
1274 3823 1304 3878 iu
1320 3829 1396 3879 terra
1415 3821 1572 3879 Provinciae
1589 3822 1769 3894 prelatorum

1247 3910 1433 3968 electionibus
1449 3911 1568 3969 intersit.
1668 3982 1672 3991 ‚

1050 4036 1229 4107 Honorius,
1247 4037 1279 4098 et
1297 4036 1418 4098 dilecto
1433 4037 1503 4098 illio
1518 4039 1671 4099 Romano
1694 4035 1799 4098 Sancti

1010 4135 1129 4210 angeli
1146 4135 1286 4195 diacono
1301 4134 1475 4206 cardinali,
1491 4135 1694 4211 apostolicae
1710 4134 1800 4197 Sedis

1011 4232 1131 4308 legato,
1148 4232 1337 4293 salutemet
1355 4232 1579 4308 apostolicam
1597 4231 1801 4295 benedictio·

1010 4346 1097 4393 nem.

1050 4427 1132 4500 Quia
1148 4429 1271 4505 quanto
1286 4429 1474 4504 corruptior
1487 4428 1537 4489 est
1552 4427 1644 4489 terra
1660 4425 1800 4489 Provin-

1009 4525 1081 4595 ciae,
1102 4526 1196 4586 tanto
1216 4526 1267 4586 est
1286 4524 1466 4586 studiosius
1489 4524 1743 4602 providendum,
1768 4522 1800 4584 11

1009 4622 1138 4698 praelati
1151 4623 1234 4684 tales
1251 4623 1467 4683 instituantur
1481 4622 1616 4695 ibidem,
1628 4622 1687 4699 qui
1702 4620 1799 4683 19119

1009 4722 1041 4781 91
1062 4720 1214 4796 exemplo
1231 4720 1360 4797 possint
1378 4720 1420 4780 ad
1441 4719 1564 4781 bonum
1588 4721 1675 4781 alios
1698 4719 1802 4781 11191·

1008 4833 1119 4889 mare,
1153 4817 1327 4889 19111119,
1356 4818 1392 4879 91
1419 4817 1555 4878 intersis
1586 4817 1799 4895 praelatorum

1007 4914 1235 4988 electionibus,
1257 4931 1339 4992 quas
1357 4915 1392 4975 iu
1406 4915 1595 4986 Provincia,
1612 4917 1645 4977 19
1664 4914 1801 4976 111911-

1008 5014 1124 5085 919119,
1141 5013 1317 5088 contigcrit
1327 5011 1502 5079 celebrari,
1518 5015 1551 5074 et
1568 5014 1604 5073 ut
1619 5011 1799 5074 electiones

1006 5111 1087 5186 ipsae
1109 5126 1183 5170 cum
1197 5112 1254 5172 tuo
1270 5126 1402 5186 semper
1420 5109 1560 5171 consilio
1576 5109 1798 5171 celebrentur.

1007 5209 1126 5268 ilatum
1155 5208 1332 5279 Laterani,
1368 5206 1478 5268 idibus
1506 5206 1689 5278 februarii,
1713 5220 1798 5267 anno

1006 5321 1104 5367 nouo.
