3886 6214
199 364 260 424 299
377 318 383 329 s
817 367 993 431 HONORII
1014 367 1060 426 111
1081 366 1229 426 OPERA.
1780 363 1840 436 ΨΟ

240 523 446 603 Quapropter
473 528 669 603 provocatus
691 526 851 590 Dominus
872 526 992 589 dexte-
1045 522 1240 587 instantiam
1253 522 1453 602 patriarchae
1474 521 1623 600 predicti
1650 522 1685 584 61
1698 520 1837 584 allorum

199 634 271 682 ram
281 620 317 682 in
327 621 836 700 sinistrametgratiammutavit
845 623 880 685 ln
894 625 991 695 iram,
1047 623 1278 695 Orientalium,
1288 624 1323 684 in
1333 622 1487 683 nostrast
1499 620 1639 682 fratrum
1650 621 1838 681 nostrorum

200 718 370 794 cytharam
382 718 477 781 nobis
492 721 592 782 vertit
602 719 780 793 inluctum,
792 720 992 797 etgandium
1046 720 1236 798 praesentia,
1255 722 1289 782 et
1304 717 1525 780 multitudinis
1540 717 1711 779 hominum
1726 716 1782 793 qni
1797 715 1838 777 ad

198 814 369 876 transtulit
396 816 431 876 16
460 832 647 889 moerorem,
667 812 780 895 qunrn',
810 817 933 879 nostris
956 817 993 876 in
1046 816 1246 895 colloquium
1261 819 1432 887 venerant,
1448 831 1485 877 se
1501 815 1678 876 ducturum
1692 815 1728 874 in
1750 829 1838 875 uxo-

197 904 299 971 mann
317 911 429 974 hostili
445 913 621 986 conclusis,
635 915 669 976 et
681 914 810 991 perdita
822 913 989 987 Damiata,
1046 930 1116 977 rem
1132 915 1313 990 legitimam
1328 913 1430 975 filiam
1444 913 1533 989 regis
1544 912 1693 989 ejusdem
1703 911 1840 989 jurisju-

197 1007 292 1070 brevi
320 1010 449 1071 dierum
477 1026 616 1072 numero
644 1010 693 1073 sic
720 1011 886 1073 exinaniti
915 1013 992 1073 sunt
1046 1012 1142 1074 randi
1156 1012 1318 1087 religione
1332 1010 1487 1072 firmavit

197 1107 355 1183 temporis
381 1107 473 1184 longi
496 1107 639 1181 labores,
665 1108 751 1186 qnod
786 1124 853 1170 non
883 1108 992 1170 solum
1088 1110 1176 1170 Sane
1208 1108 1370 1186 probabili
1401 1107 1658 1185 praesumptione
1689 1106 1838 1168 tenemus

198 1201 467 1280 blasphemorum
490 1205 625 1283 injuriis
645 1221 766 1268 nomen
789 1206 840 1267 est
858 1205 993 1282 exposi·
1047 1206 1133 1282 quod
1148 1222 1168 1268 a
1183 1204 1461 1267 Dominnlactnm
1487 1205 1538 1267 est
1563 1204 1664 1275 istud,
1689 1203 1727 1265 ut
1753 1202 1840 1264 votis

199 1302 269 1363 tum
293 1300 524 1372 christianum,
551 1319 667 1364 verum
691 1303 791 1365 etiam
806 1302 913 1380 quoad
928 1302 994 1363 all·
1047 1303 1192 1364 fidelium
1202 1305 1322 1380 optatas
1333 1303 1383 1364 rei
1392 1317 1566 1363 successus
1576 1301 1740 1371 exsolvat,
1753 1298 1840 1377 quod

200 1414 282 1475 quos
295 1398 351 1474 661
367 1399 546 1475 aliquando
561 1400 889 1461 communicaverant
902 1399 990 1470 fidei,
1047 1402 1284 1477 praeconceptae
1296 1400 1367 1476 spei
1384 1398 1545 1477 praelndia
1559 1397 1785 1476 promiserunt
1798 1396 1840 1458 ad
1936 1403 1938 1412 '

199 1496 401 1572 contemptui
425 1495 520 1558 datus
542 1500 593 1559 est
614 1498 687 1574 ipse
711 1497 873 1559 Christus.
898 1496 992 1559 Unde
1047 1497 1098 1558 sui
1114 1497 1390 1559 restaurationem
1416 1496 1557 1573 negotii;
1579 1497 1673 1558 tunm
1695 1496 1731 1557 et
1750 1494 1839 1556 alio-

198 1591 287 1655 iacta
299 1594 349 1654 est
364 1593 479 1655 durior
490 1595 565 1671 post
590 1594 843 1671 prosperitatem
867 1594 991 1656 adver·
1046 1609 1122 1655 rum
1135 1609 1252 1670 regum
1264 1609 1305 1656 ac
1319 1593 1507 1671 principum
1520 1592 1650 1654 animos
1665 1592 1738 1668 ipss
1752 1591 1840 1654 filius

199 1689 301 1762 sitas,
333 1693 365 1754 61
393 1706 433 1753 eo
463 1691 572 1753 minus
605 1691 722 1754 habuit
756 1691 992 1753 consolationis
1047 1692 1167 1752 summi
1180 1691 1281 1767 Regis
1293 1690 1462 1761 accendet,
1474 1690 1531 1768 661
1542 1690 1583 1751 de
1593 1692 1722 1752 secreto
1731 1691 1841 1751 Patris

199 1787 350 1857 afflictio,
365 1804 430 1866 quo
445 1788 555 1849 minus
570 1789 766 1865 argumenta
783 1790 991 1866 prosperita·
1047 1788 1082 1850 in
1097 1789 1265 1866 publicum
1280 1788 1497 1865 egressus,ad
1510 1803 1625 1850 servos
1639 1788 1760 1850 adime
1772 1787 1843 1849 des·

197 1884 241 1946 tis
255 1887 432 1962 praeteritae
447 1886 632 1948 subsecutae
648 1888 790 1963 jacturae
806 1886 874 1963 pati
897 1885 993 1962 pote-
1046 1887 1167 1959 cendit,
1180 1887 1217 1948 nt
1224 1885 1377 1958 subditis,
1390 1886 1431 1947 ad
1442 1901 1570 1947 summa
1581 1887 1714 1963 pararet
1724 1900 1843 1947 ascen-

196 1983 274 2044 rant
302 1985 536 2059 conjecturam.
575 1983 650 2056 Sed,
684 1984 763 2045 licet
797 1982 992 2060 iniquitates
1047 2000 1132 2056 snm,
1148 1983 1210 2045 sub
1222 1984 1307 2046 testa
1320 1985 1443 2045 nostrae
1453 1982 1842 2059 mortalitatistigulusin
1933 2006 1938 2079 j

198 2083 321 2143 nostrae
340 2096 527 2158 quanquam
551 2078 598 2159 (1)
624 2079 798 2142 diviserint
816 2080 906 2141 inter
931 2094 992 2139 nos
1045 2082 1145 2144 terris
1163 2081 1257 2143 visus
1272 2083 1306 2142 et
1318 2079 1594 2142 cumbominibus
1612 2082 1841 2141 conversans.

200 2180 234 2251 61
245 2181 348 2240 Deum
364 2180 525 2249 nostrum,
543 2193 610 2239 non
623 2179 673 2239 est
686 2180 798 2239 tamen
810 2180 992 2252 aggravata
1046 2181 1152 2240 Tuum
1165 2178 1280 2256 procul
1294 2177 1392 2239 dublo
1407 2177 1534 2255 expetit
1545 2179 1579 2239 et
1591 2178 1763 2254 exspectat
1776 2193 1843 2239 an·
1931 2178 1937 2191 ¹

197 2278 271 2352 eius
283 2275 386 2344 auris,
401 2276 513 2335 utnon
526 2273 694 2346 exaudiat,
710 2288 773 2334 nec
785 2272 989 2344 abbreviata,
1046 2276 1164 2336 xilium
1190 2290 1292 2337 causa
1315 2275 1449 2346 Christi,
1473 2278 1507 2336 et
1525 2273 1699 2351 probatam
1726 2274 1844 2335 domus

197 2388 317 2435 manns
333 2375 416 2449 ejus,
435 2374 470 2433 61
484 2371 695 2433 salvarenon
716 2371 832 2447 possit.
857 2370 992 2431 Miseri·
1045 2374 1112 2435 tnae
1152 2373 1333 2451 potentiam
1367 2372 1535 2434 desiderat
1574 2374 1678 2432 Terra
1708 2373 1843 2433 Sancta.

196 2470 344 2531 cordiam
357 2470 477 2546 quippe
492 2485 559 2531 non
573 2468 755 2531 continebit
768 2468 803 2532 iu
824 2469 888 2540 ira,
910 2468 991 2545 quin
1046 2470 1212 2547 Numquid
1226 2469 1283 2547 qni
1306 2469 1423 2531 habuit
1437 2469 1478 2530 de
1486 2469 1673 2546 juventutis
1686 2471 1752 2531 tnae
1767 2469 1843 2545 pri-

198 2567 315 2629 saltem
339 2568 473 2644 propter
497 2582 618 2629 nomen
645 2582 752 2639 snum,
781 2582 823 2628 ue
847 2565 988 2627 ulterius
1045 2568 1159 2638 mitiis,
1178 2568 1211 2629 et
1229 2568 1270 2629 de
1284 2566 1422 2645 majoris
1437 2567 1545 2629 aetatis
1569 2566 1733 2643 reliqniis,
1747 2566 1845 2644 quasi
1932 2628 1938 2659 Ι

195 2662 443 2740 blasphemetur
466 2661 678 2739 ingentibus,
702 2662 853 2739 potenter
871 2678 992 2723 exsur·
1045 2666 1086 2727 de
1107 2665 1185 2726 vitae
1209 2664 1337 2726 decima
1361 2680 1428 2725 non
1458 2663 1610 2725 habebiti
1634 2666 1660 2725 O
1684 2667 1846 2741 quantum

196 2777 278 2837 gens
310 2760 437 2838 judicet
472 2776 607 2822 causam
633 2775 739 2833 snam,
769 2761 814 2828 et,
839 2759 991 2821 exaltans
1046 2764 1251 2825 accresceret
1274 2761 1423 2840 ejusdem
1437 2764 1548 2823 Terrae
1572 2760 1733 2833 subsidio,
1758 2762 1787 2822 si
1801 2761 1845 2823 de

197 2856 992 2935 11666166166616161616166666161661616666-
1046 2861 1228 2937 propagata
1256 2859 1431 2921 devotione
1466 2859 1572 2935 patris
1599 2859 1635 2919 in
1661 2859 1751 2921 illios
1782 2874 1844 2937 per

195 2956 436 3019 ternatelatos.
1046 2973 1149 3019 unum
1164 2972 1207 3019 ex
1227 2956 1308 3034 ipsis
1332 2956 1527 3018 subvenires
1549 2957 1701 3019 intantae
1721 2971 1845 3019 neces-
1937 3030 1938 3033 Ἴ

235 3056 320 3115 Ε666
334 3053 440 3130 166166
455 3053 686 3131 inspiratione,
714 3053 751 3115 ut
765 3051 905 3115 tirmiter
916 3067 992 3113 cre·
1045 3055 1154 3117 sitatis
1166 3054 1309 3117 articulo
1321 3054 1505 3116 Crucifixot
1522 3056 1654 3132 anarn
1666 3053 1845 3131 magnilica
1930 3096 1938 3131 ,

196 3149 315 3223 dimus,
330 3150 523 3212 carissimus
550 3152 585 3211 in
609 3151 739 3211 Christo
764 3150 854 3210 illius
877 3151 991 3210 noster
1045 3153 1087 3214 ad
1109 3167 1305 3213 succursum
1319 3151 1438 3213 devota
1453 3151 1562 3214 Gallia
1586 3168 1622 3213 se
1643 3153 1787 3228 pararet,
1804 3152 1846 3214 ut
1936 3144 1938 3227 t

197 3248 406 3320 Fredericns,
423 3248 563 3310 illustris
574 3251 799 3310 Romanorum
809 3247 992 3323 imperator
1022 3249 1188 3312 mittenti
1213 3249 1360 3326 placeret
1382 3253 1416 3311 et
1442 3249 1559 3311 missol
1586 3248 1684 3311 Absit
1708 3250 1744 3311 ut
1768 3250 1846 3326 post
1931 3286 1938 3335 t

197 3360 328 3421 semper
348 3348 508 3421 augustus
545 3346 580 3407 et
604 3361 666 3405 rex
688 3345 829 3413 Siciliae,
856 3344 991 3405 omissis
1044 3348 1136 3423 terga
1159 3347 1341 3418 remaneat,
1355 3363 1430 3423 quae
1449 3347 1637 3423 praecedere
1652 3347 1843 3409 consuevit!
1938 3428 1939 3431 Ἴ

196 3442 310 3504 multis
324 3442 503 3520 arduisque
514 3442 666 3518 negotiis,
684 3456 916 3519 quornmonus
928 3441 992 3503 ho·
1045 3442 1142 3504 Absit
1167 3444 1203 3504 ut
1222 3444 1290 3504 tam
1311 3442 1450 3504 salutari
1466 3442 1591 3503 Christi
1605 3442 1742 3504 servitio
1758 3457 1844 3518 gens
1935 3454 1939 3503 .’

196 3554 313 3601 norem
343 3537 527 3616 imperialis
555 3539 762 3602 celsitudinis
778 3537 988 3615 sequebatur,
1044 3542 1111 3602 tarn
1134 3540 1318 3602 christiana
1331 3555 1367 3600 se
1380 3538 1568 3601 subtrahati
1593 3539 1690 3602 Absit
1709 3541 1744 3602 ut
1767 3555 1846 3616 quae
1934 3540 1940 3599 -3

195 3637 289 3700 venit
303 3636 344 3698 ad
369 3653 430 3698 nos
450 3637 486 3697 in
503 3635 728 3713 Campaniam,
751 3635 924 3697 nobiscum
949 3635 991 3697 de
1045 3653 1104 3715 pro
1115 3637 1255 3698 Domino
1270 3636 1431 3698 hactenus
1445 3652 1551 3699 onera
1559 3637 1662 3698 multa
1671 3636 1842 3708 sustinuit,

196 3734 364 3814 praedictae
374 3737 485 3797 Terrae
495 3733 643 3795 subsidio
653 3733 866 3806 tractaturus,
879 3733 991 3810 ibique
1045 3737 1079 3796 in
1106 3735 1267 3812 peculiari
1292 3734 1379 3795 bello
1405 3734 1465 3796 Dei
1487 3735 1549 3794 tllil
1575 3735 1685 3796 solvat
1711 3734 1844 3795 militiae

196 3832 416 3912 praesentibus
436 3831 620 3893 venerabili
634 3830 738 3893 tratre
757 3833 870 3893 nostro
885 3831 992 3907 patri-
1044 3832 1225 3908 cingulum,
1239 3848 1333 3893 arma
1343 3832 1511 3909 relinquat
1525 3831 1683 3908 rubigini,
1695 3832 1844 3893 animum

1934 3608 1941 3937 t

196 3932 310 4003 archa,
332 3931 366 3992 61
385 3930 560 3991 carissimo
579 3929 615 3989 in
630 3929 761 3991 Christo
784 3929 853 3991 illio
876 3931 990 3991 nostro
1045 3933 1143 4005 neget
1175 3930 1337 4001 victoriae,
1373 3946 1475 4006 quum
1508 3945 1635 3991 corona
1662 3945 1729 3990 non
1756 3928 1846 3990 desit
1937 3940 1941 3997 1,

194 4026 359 4095 iohanne,
370 4026 494 4087 illustri
502 4041 582 4102 rege
591 4025 879 4102 ierosolymitano,
890 4026 991 4087 Beth·
1044 4026 1228 4089 victoribus
1241 4042 1301 4104 per
1314 4027 1457 4102 gratiam
1470 4027 1503 4087 et
1522 4027 1677 4088 meritum
1697 4028 1733 4088 in
1751 4041 1844 4103 prae-

194 4124 374 4186 leemitano
404 4123 572 4199 episcopo,
607 4123 766 4197 magistro
795 4122 987 4199 Hospitalis,
1044 4123 1784 4201 666116666166161661666616161616166661

195 4221 399 4300 praeceptore
433 4219 572 4296 Templi,
614 4220 647 4279 et
680 4219 840 4294 magistro
872 4220 989 4281 domus
1084 4220 1843 4298 llinoestqnodexcellentiamtuamaiiectnose

194 4318 486 4389 Theutonicornm,
513 4332 552 4379 ac
572 4316 647 4378 aliis
667 4332 749 4394 quos
773 4317 814 4377 ad
829 4318 989 4381 tractatus
1044 4334 1211 4395 rogamus
1224 4317 1438 4379 serenissime
1450 4333 1578 4393 regum,
1592 4321 1625 4380 et
1638 4333 1659 4379 a
1671 4318 1843 4379 teinstan-

194 4415 385 4491 hujusmodi
400 4414 543 4476 diversis
558 4414 674 4475 mundi
683 4413 832 4490 partibus
846 4414 989 4475 vidimus
1042 4417 1095 4479 ter
1109 4415 1331 4493 exposcimus,
1348 4415 1628 4476 christianissime
1640 4416 1840 4492 principum,

194 4512 411 4585 adhibendos,
437 4511 580 4588 singulis
609 4528 682 4588 quae
713 4512 833 4573 natura
864 4512 988 4587 negotii
1044 4513 1253 4574 obsecrantes
1268 4526 1327 4589 per
1343 4514 1475 4573 Patrem
1495 4512 1664 4573 etFilinm
1678 4516 1712 4574 et
1725 4512 1835 4589 Spiri-

193 4598 387 4689 reqnirebat
414 4609 565 4685 diligenti
588 4609 802 4670 meditatione
827 4610 986 4686 pensatis,
1042 4612 1111 4671 tum
1127 4610 1295 4681 Sanctum,
1310 4625 1370 4686 per
1391 4610 1588 4685 sanguinem
1606 4612 1689 4672 lesu
1704 4608 1838 4678 Christi,

193 4707 281 4770 idem
302 4708 494 4784 imperator,
511 4707 553 4768 ad
578 4710 729 4768 nostrum
744 4706 987 4783 beneplacitum
1043 4712 1079 4769 nt
1092 4722 1254 4783 exsurgas
1277 4707 1312 4768 in
1328 4707 1531 4783 adjutorium
1554 4706 1679 4769 Christi
1694 4710 1754 4781 tur,
1770 4704 1837 4784 qui,

193 4807 227 4868 et
237 4804 414 4868 consilinm
422 4803 914 4882 praedictornm,transfretandi
924 4807 989 4865 ter·
1043 4806 1185 4882 quodam
1201 4805 1297 4866 modo
1312 4804 1348 4865 in
1361 4820 1397 4866 66
1418 4804 1579 4881 prodigus
1600 4807 1634 4867 et
1657 4821 1778 4882 parcns
1803 4804 1838 4865 in

191 4904 320 4967 minum
332 4902 461 4964 1616616
476 4902 565 4963 beati
579 4902 989 4978 lobannisBaptistaepost
1042 4904 1160 4974 servis,
1176 4901 1352 4978 temporali
1371 4902 1470 4963 morti
1485 4918 1520 4962 se
1545 4902 1691 4974 tradidit,
1714 4905 1751 4965 ut
1771 4904 1803 4964 16
1815 4916 1837 4961 6

189 5002 362 5065 biennium
382 5001 533 5078 proximo
544 5001 700 5063 secuturo
709 5000 860 5076 prompta
873 5000 987 5060 volun·
1042 5000 1193 5061 lancibus
1208 4998 1323 5061 mortis
1332 4998 1477 5076 eriperet
1486 4999 1836 5076 sempiternaellxsur·

189 5102 258 5163 tate
272 5098 430 5175 suscepit,
447 5097 621 5174 corporale
633 5112 734 5174 super
745 5098 809 5158 hoc
823 5095 987 5158 exhibens
1041 5114 1101 5174 gas
1116 5100 1148 5159 et
1162 5096 1284 5157 liberes
1298 5099 1434 5158 Terram
1448 5096 1540 5156 illam
1554 5096 1590 5157 in
1614 5113 1680 5174 qua
1697 5098 1834 5159 salntem

189 5197 643 5276 spontaneusjnramentum.
660 5194 820 5270 Denique,
838 5196 875 5255 nt
892 5195 932 5255 ad
953 5195 986 5255 id
1043 5195 1181 5256 humani
1202 5195 1335 5271 generis
1358 5196 1513 5270 operatus
1539 5196 1590 5255 est
1617 5194 1836 5271 personaliter
1937 5190 1938 5277 ζ

189 5296 322 5373 plenius
340 5310 437 5356 snum
461 5291 691 5353 manifestaret
713 5292 881 5363 affectum,
898 5293 931 5353 et
952 5293 989 5353 ut
1041 5294 1115 5370 ipse
1141 5292 1308 5353 Salvatorl
1344 5294 1513 5367 Exsurgas
1536 5291 1578 5351 ad
1607 5292 1839 5357 contritionem
1937 5286 1938 5303 ²

188 5395 262 5470 plus
277 5393 354 5454 tldei
367 5392 505 5453 daretur
519 5389 663 5465 negotiu,
684 5403 724 5450 ac
750 5389 886 5451 omnino
906 5404 986 5449 sus·
1041 5390 1188 5451 nationis
1211 5405 1322 5466 pravae
1351 5390 1451 5466 atque
1479 5404 1658 5465 perversae,
1689 5405 1761 5467 quae
1781 5384 1839 5447 ubi

188 5490 331 5566 picionis
345 5489 523 5551 contrariae
545 5486 721 5564 scrupulus
736 5486 925 5559 tolleretur,
944 5486 986 5547 ad
1041 5487 1085 5550 sit
1099 5490 1186 5549 Deus
1199 5487 1465 5548 Christianorum
1481 5486 1697 5563 improperat,
1713 5488 1745 5549 61
1758 5481 1839 5546 mul·

223 5698 265 5770 (l)
280 5699 487 5769 1661666666
501 5699 654 5757 ltinutdom
670 5697 853 5771 quandoque.
872 5696 1036 5771 [bouquet]
