3930 6206
185 275 246 336 759
801 270 980 332 HONORII
1001 272 1047 331 111
1067 272 1217 334 OPERA.
1771 277 1827 337 tw

187 450 262 497 cum
276 429 629 508 seremiaepropheta,
646 429 703 506 qui
718 427 782 491 tuit
804 429 845 491 de
864 445 981 492 sacer·
1035 430 1122 508 quod
1138 446 1200 493 nec
1223 447 1285 493 nos
1308 447 1370 495 nec
1385 432 1456 511 ipse
1468 434 1587 496 contra
1601 432 1634 496 te
1649 432 1827 510 procedere

188 530 330 602 dotibus,
356 527 493 590 anatbnt
512 526 613 589 tuerit
633 526 756 587 dictum
775 543 795 588 a
814 527 979 588 Domino:
1036 526 1136 607 (qnod
1152 529 1287 591 omniuo
1302 530 1409 592 vitare
1422 529 1601 610 cupimus),
1617 533 1677 592 tua
1689 530 1828 592 faciente

185 632 273 690 Ecce
287 626 492 689 constituite
509 638 616 698 super
630 626 749 700 peotes
761 625 796 685 et
809 639 930 700 ropac,
943 624 982 685 at
1035 624 1170 697 duritia,
1196 627 1444 704 compellamur.
1470 629 1607 713 coetera
1636 628 1774 699 desunt,
1797 628 1828 689 et

186 731 310 787 caedas
319 724 354 785 et
363 724 548 792 distrahas,
558 722 817 795 oedttlcesctpuc
825 723 961 796 putates
969 739 981 793 ,·
1034 726 1190 785 mucimc
1205 724 1477 800 capparonem.

189 822 302 898 sicque
311 819 516 897 pateatquod
526 818 567 879 ad
577 821 763 880 Romanum
773 819 980 885 Pontificem,

189 918 245 995 qui
266 917 444 978 sacerdotii
459 916 584 978 obtinet
598 915 832 992 principatum,
857 916 983 992 spectat

186 1031 283 1077 omne
322 1014 461 1075 mortale
493 1016 665 1091 peccatum
703 1014 858 1085 evellere,
896 1014 982 1090 quod

188 1112 267 1188 quia
292 1111 457 1172 interdum
484 1110 557 1171 fleri
584 1111 657 1171 sine
681 1110 884 1172 coercitione
915 1125 981 1171 non

187 1210 305 1287 potest,
331 1210 435 1271 restat
463 1210 500 1270 ut
524 1210 557 1270 et
577 1208 720 1271 rebelles
744 1207 862 1269 debeat
886 1221 984 1268 coer-

190 1322 277 1367 cere.
820 1348 824 1355 -

229 1407 310 1464 Cum
323 1420 402 1479 ergo
414 1404 562 1466 credaris
583 1404 619 1465 in
638 1403 854 1481 sepedictum
871 1418 982 1478 regem

189 1501 319 1578 angliae
343 1502 517 1564 manifeste
552 1517 703 1579 peccare,
728 1517 800 1572 nos,
830 1500 872 1561 ad
901 1516 984 1577 quos

191 1599 299 1660 omnis
321 1615 461 1661 censura
481 1599 608 1676 peccati
629 1599 796 1676 pertinere
816 1598 985 1673 dignosci-

190 1697 255 1768 tur,
282 1712 346 1772 qua
376 1697 579 1757 conscientia
616 1686 793 1772 possumus
827 1694 984 1756 obturare

191 1809 292 1857 aures
307 1794 507 1856 clamoribus
519 1793 599 1855 dicti
611 1794 701 1870 regis
715 1792 914 1855 inculcantis
929 1808 985 1853 no·

191 1890 243 1950 bis
261 1891 387 1967 jugiter
411 1891 653 1968 querimoniam
679 1891 719 1951 de
742 1890 877 1967 peccato
898 1888 983 1965 quod

191 1988 369 2049 committis
388 1989 423 2048 in
446 1988 569 2062 ipsum,
591 1989 624 2049 et
643 1986 744 2049 otflcii
760 1987 866 2048 nostri
888 1985 984 2047 dehi-

191 2086 262 2145 tum
277 2085 410 2146 assidue
426 2085 635 2162 implorantis
651 2101 691 2146 ac
706 2084 924 2155 obsecrantis,
936 2086 982 2155 ut,

192 2182 221 2242 si
234 2198 294 2242 nos
310 2199 369 2243 sua
385 2198 451 2243 non
471 2186 602 2245 moveat
614 2183 752 2265 injuria,
769 2182 900 2243 moveat
914 2182 985 2242 sal-

59 2264 61 2281 '
116 2266 121 2271 ’
190 2278 257 2340 tem
272 2280 386 2341 statuti
402 2280 571 2356 saepedicti
584 2280 801 2355 contemptus,
813 2279 899 2356 quod
912 2279 987 2340 vio-

189 2375 241 2436 las
253 2377 287 2436 ot
299 2374 455 2450 infringis
467 2376 502 2436 iu
525 2392 627 2452 grave
646 2375 855 2451 dispendium
870 2373 984 2434 subsi-

191 2472 239 2532 dii
257 2474 368 2533 Terrae
392 2474 541 2533 Sauctael
556 2473 656 2533 Vides
671 2471 756 2548 quod
778 2474 986 2533 coarctamur

192 2570 341 2644 graviter
364 2586 407 2630 ex
428 2568 567 2643 duobus,
583 2569 672 2641 dum,
700 2584 761 2629 nec
784 2569 857 2629 sine
883 2569 985 2629 multa

191 2665 312 2725 mentis
327 2665 559 2735 amaritudine,
578 2682 754 2742 possumus
771 2666 806 2725 in
820 2669 862 2738 te,
877 2664 985 2726 dilec-

191 2761 357 2823 tissimum
387 2763 420 2823 et
456 2762 667 2823 carissimum
696 2762 814 2834 tilium,
838 2762 985 2839 gladium

192 2859 361 2920 canonicae
388 2859 577 2921 severitatis
602 2875 771 2932 exercere,
797 2875 859 2921 nec
880 2876 988 2937 saepe·

137 2954 145 2969 '
192 2954 272 3016 dicti
287 2956 376 3032 regis
389 2957 529 3017 alterius
544 2955 703 3018 obaudire
718 2958 892 3029 clamores
904 2973 986 3033 quos

191 3054 227 3113 in
261 3069 359 3114 aures
397 3053 528 3114 Domini
559 3053 704 3116 Sabaoth
738 3054 905 3116 credimus
933 3055 987 3117 in-

193 3149 308 3211 troire.
325 3153 444 3223 Quare,
460 3152 539 3213 licet
553 3167 573 3212 a
587 3155 620 3213 te
630 3152 751 3213 totiens
763 3155 834 3229 jam
848 3151 984 3229 repulsi,

192 3248 300 3309 adhuc
329 3249 439 3310 tamen
464 3249 637 3325 pulsamus
659 3248 700 3310 ad
725 3249 846 3309 ostium
875 3242 986 3310 cordis

190 3344 251 3416 tui,
268 3346 485 3407 serenitatem
500 3348 591 3406 tuam
612 3348 769 3421 rogantes
784 3346 942 3407 attentius
955 3346 987 3407 et

195 3440 351 3502 obnixius
366 3441 592 3514 obsecrantes,
613 3444 776 3519 quatenus
789 3458 849 3504 nos
865 3443 905 3504 de
924 3442 987 3504 hoc

194 3539 335 3600 articulo
357 3539 453 3615 qnasi
475 3540 646 3617 cujusdam
673 3539 904 3617 perplexitatis
919 3541 988 3602 eri-

193 3636 279 3713 pias,
296 3636 500 3698 restituendo
514 3636 672 3713 praedicto
680 3637 751 3713 regi
762 3641 886 3699 terram
902 3639 985 3714 ejus,

192 3735 266 3795 ate
283 3734 335 3795 vel
358 3734 436 3805 tuis,
453 3734 567 3796 contra
591 3734 639 3796 tot
667 3750 782 3810 preces
804 3736 936 3796 nostras
955 3734 988 3795 et

1388 972 1476 1060 LVI

1155 1124 1413 1197 Adeptscopum
1425 1126 1712 1185 Nemausemcm.

1308 1250 1466 1322 ajanuarii
1486 1250 1565 1308 ¹225.

1197 1372 1307 1437 [Notices
1316 1378 1343 1423 et
1354 1374 1469 1435 extruits,
1483 1373 1552 1433 xxi,
1563 1387 1593 1432 u,
1603 1374 1673 1436 m]

1038 1498 1070 1555 Ei
1086 1496 1203 1556 mandat
1220 1505 1251 1556 ut
1272 1500 1303 1556 Β.
1324 1499 1474 1556 sacristam
1496 1499 1663 1555 monasterii
1676 1498 1760 1557 lullae
1773 1500 1828 1556 Ha·

1073 1600 1150 1659 gnae,
1167 1601 1251 1658 quern
1266 1595 1424 1644 conventus
1437 1586 1603 1644 monasterii
1616 1585 1651 1644 de
1667 1588 1772 1644 Grassa
1787 1602 1829 1645 ca·

1073 1676 1176 1731 nenice
1191 1675 1313 1748 elegerit
1327 1678 1354 1731 in
1373 1674 1516 1743 abbatem,
1532 1676 1597 1732 vice
1611 1689 1664 1733 sua
1685 1676 1830 1732 confirmet

1075 1769 1103 1819 et
1118 1777 1222 1820 munus
1234 1762 1442 1820 benedictionis
1456 1764 1547 1821 electo
1560 1762 1718 1836 impendat

1079 1898 1246 1958 Honorius
1254 1898 1441 1975 episcopus,
1451 1914 1568 1959 servus
1577 1913 1753 1960 servornm
1763 1896 1828 1968 Dei,

1038 1995 1222 2056 venerabili
1241 1995 1336 2056 tratri
1354 1997 1508 2072 episcopo
1527 1996 1762 2066 Nemausensi,
1775 2010 1829 2055 sa-

1039 2092 1187 2153 tutemet
1201 2092 1426 2169 apostoticam
1441 2091 1721 2154 benedictionem.

1079 2189 1196 2251 Dilecti
1245 2190 1305 2249 tilii
1342 2192 1524 2252 conventus
1564 2190 1764 2250 monasterii
1795 2189 1831 2250 de

1040 2290 1174 2355 Grassa
1198 2286 1389 2348 immediate
1410 2287 1588 2348 adsedem
1610 2286 1832 2363 apostolicam

1040 2384 1248 2460 pertinentis,
1276 2384 1374 2446 nobis
1396 2384 1569 2445 humiliter
1592 2383 1829 2459 supplicarunt,

1040 2482 1086 2553 ut,
1103 2497 1177 2542 cum
1204 2481 1406 2543 monasterio
1429 2482 1502 2557 ipso
1526 2481 1662 2556 pastore
1683 2481 1828 2552 vacante,

1040 2577 1196 2641 dilectum
1227 2578 1333 2641 tilium
1356 2582 1406 2649 Β.,
1435 2577 1610 2639 sacristam
1640 2576 1831 2639 monasterii

1040 2675 1136 2736 Villae
1156 2676 1298 2749 Magnae,
1315 2674 1474 2737 canonice
1489 2690 1529 2735 ac
1543 2675 1756 2735 concorditer
1769 2674 1832 2735 ele·

1039 2772 1149 2848 gerint
1164 2772 1198 2832 in
1222 2772 1386 2844 abbatem,
1406 2773 1440 2833 et
1460 2771 1561 2843 idem,
1577 2773 1715 2848 propter
1733 2771 1832 2848 ipsius

1040 2870 1233 2930 monasterii
1245 2870 1471 2946 paupertatem
1481 2869 1522 2929 ad
1536 2869 1752 2945 praesentiam
1760 2883 1833 2928 nos·

1040 2968 1126 3028 tram
1143 2968 1315 3029 commode
1326 2968 1440 3028 venire
1453 2982 1520 3027 uon
1535 2966 1650 3043 possit,
1665 2966 1834 3027 conflrma-

1041 3065 1143 3126 tionis
1158 3065 1192 3125 et
1205 3064 1446 3125 benedictionis
1468 3064 1611 3139 gratiam
1630 3065 1832 3139 recepturus,

1041 3177 1142 3239 super
1161 3162 1224 3223 boc
1248 3161 1424 3238 providere
1439 3160 1703 3222 misericorditer
1720 3160 1834 3236 digna·

1040 3274 1165 3320 remur.
1182 3259 1361 3321 Parceutes
1384 3259 1487 3334 igitur
1508 3258 1681 3334 dispendio
1703 3272 1835 3318 monas-

1040 3357 1117 3418 terii
1132 3356 1316 3427 memorati,
1327 3356 1528 3417 fraternitati
1539 3355 1605 3416 tuoe
1620 3371 1681 3431 per
1691 3354 1833 3431 Aposto-

1041 3454 1106 3517 lica
1130 3454 1255 3530 scripta
1280 3453 1487 3524 mandamus,
1510 3453 1686 3530 quatenus,
1709 3451 1835 3513 exami-

1041 3554 1119 3613 nata
1130 3553 1293 3613 electione
1303 3550 1467 3627 pariteret
1475 3550 1629 3620 elocto,si
1640 3548 1834 3610 electionem

1041 3650 1147 3727 ipsam
1163 3648 1332 3710 inveneris
1348 3648 1389 3711 de
1399 3662 1541 3723 persona
1555 3645 1679 3707 idonea
1694 3644 1833 3706 canoni-

1041 3762 1080 3807 ce
1095 3745 1306 3817 celebratam,
1323 3761 1396 3806 eam
1418 3744 1491 3806 vice
1506 3743 1619 3805 nostra
1644 3742 1831 3811 confirmes,

192 3830 307 3893 contra
320 3832 478 3893 statutum
490 3832 714 3909 saepedictum,
729 3833 892 3904 invasam,
903 3833 935 3893 et
945 3831 986 3892 ab
1041 3845 1074 3905 et
1092 3842 1288 3918 impendens
1314 3857 1435 3903 munus
1458 3840 1700 3901 benedictionis
1720 3839 1831 3908 electo,

191 3930 263 4005 ejus
286 3928 411 4005 injuria
440 3929 652 4006 quiescessdb
671 3932 739 4006 jus,
761 3929 849 4006 *quod
871 3930 987 3990 00ΠὶΓᾶ
1041 3940 1194 4001 saciasei
1210 3939 1338 4015 abipso
1354 3940 1519 4000 conventu
1539 3938 1572 3998 et
1590 3936 1667 3998 aliis
1685 3936 1753 4013 ipsi
1766 3950 1833 3997 mo·

191 4041 267 4088 eum
288 4028 319 4088 ῑθ
341 4026 465 4088 hahet&
480 4027 649 4103 proponis,
667 4026 814 4102 legitime
829 4043 988 4104 Ρΐθὸθθῦ·
1041 4037 1189 4101 nasterio
1216 4036 1357 4098 subditis
1382 4035 1605 4098 reverentiam
1626 4035 1661 4096 et
1679 4032 1833 4096 obedien-

189 4127 285 4184 turus
325 4126 473 4200 tempore
510 4123 733 4199 competenti,
774 4140 838 4200 uuo
875 4126 987 4184 neae
1042 4136 1123 4195 uam
1154 4134 1297 4196 centnm
1323 4132 1486 4195 exbiberi.
1517 4132 1636 4193 natum
1667 4128 1829 4198 Laterani,

193 4222 322 4282 Sauctae
333 4236 542 4291 succursum,
554 4220 610 4297 qni
621 4235 681 4296 per
693 4235 789 4297 reges
804 4224 837 4283 et
848 4236 986 4296 regnum

192 4318 343 4379 Franciae
367 4318 541 4379 consuevit
559 4319 748 4394 promoveri
766 4318 985 4396 potissimum,

191 4431 259 4476 non
274 4414 452 4476 disturbes.

230 4511 398 4590 Alioquin,
427 4512 730 4590 quantumcumque
759 4514 822 4574 tuae
846 4514 987 4575 velimus

191 4608 388 4672 sublimitati
413 4609 555 4682 deterre,
577 4611 736 4689 tuumque
759 4611 867 4672 vitare
887 4627 988 4672 scan-

191 4707 305 4769 dalum
319 4708 505 4784 cupiamus,
523 4723 590 4767 non
603 4708 785 4784 poterimus
806 4710 917 4770 tamen
930 4708 986 4769 ul-

190 4804 295 4866 terius
308 4804 380 4880 regi
400 4803 516 4864 deesse
532 4804 701 4880 praedicto,
719 4820 796 4866 cum
815 4820 877 4865 nec
891 4804 987 4867 dese·

190 4902 331 4965 rendum
346 4902 390 4964 sit
401 4901 530 4963 homini
544 4904 660 4964 contra
675 4905 790 4973 Deum,
804 4918 866 4964 nec
884 4903 988 4980 iusti-

190 5000 265 5063 titia
275 5000 319 5062 sit
333 5000 467 5076 propter
488 4999 681 5061 scandalum
697 5000 892 5060 deserenda.
908 5003 988 5061 Cum

191 5112 271 5173 ergo
303 5097 408 5157 tilium
443 5099 593 5158 nostrum
621 5095 836 5175 Rtomanum)
876 5098 989 5159 Sancti

191 5195 311 5271 Augeli
338 5194 514 5256 diaconum
539 5194 755 5265 cardinalem,
782 5199 821 5255 A.
838 5197 873 5256 S.
895 5195 990 5270 lega-

189 5292 272 5361 tum,
289 5291 330 5350 ad
353 5305 494 5365 regnum
516 5291 610 5351 tuum
629 5291 764 5366 propter
778 5289 842 5351 hoc
856 5289 989 5367 aliaque

192 5387 326 5463 negotia
341 5387 555 5459 destinemus,
571 5387 664 5448 sicet
676 5387 813 5464 hisquae
827 5386 886 5449 tibi
900 5388 988 5449 scri-

192 5485 313 5555 bimus,
330 5486 363 5546 et
377 5484 430 5545 his
444 5501 518 5561 quae
532 5484 593 5545 tihi
608 5485 685 5545 viva
706 5500 788 5546 voce
814 5486 986 5563 proponet,

195 5595 292 5643 aures
305 5581 378 5643 tuas
398 5580 429 5642 ei
452 5583 599 5643 animum
624 5585 817 5645 reverenter
834 5582 987 5657 inclines,

1043 4234 1088 4294 ΙΙΙ
1102 4247 1210 4293 nonas
1220 4230 1382 4308 januarii,
1397 4244 1485 4292 anuo
1495 4244 1596 4291 nono.

1386 4478 1496 4566 LVII

1082 4635 1134 4694 Ad
1150 4624 1376 4693 Ltuobtenses
1394 4631 1429 4691 ct
1446 4629 1623 4691 Prntcncs
1636 4630 1682 4690 ad
1695 4628 1794 4701 fidem

1270 4729 1400 4791 Christi
1413 4740 1608 4788 conversos.

1318 4857 1468 4932 tjanuarii
1481 4856 1560 4915 1225.

1151 4982 1344 5048 [Turgenerius
1353 4980 1450 5033 Russiae
1461 4956 1629 5039 monimenta,
1640 4980 1660 5037 1,
1676 4978 1728 5042 ro]

1043 5108 1230 5166 Livonienses
1242 5114 1271 5164 et
1284 5104 1467 5165 Prutenosad
1476 5104 1560 5163 fidem
1568 5103 1673 5163 OErristi
1683 5112 1830 5161 conversos

1078 5196 1131 5255 sub
1145 5196 1224 5254 beati
1237 5196 1313 5253 Petri
1327 5202 1356 5252 et
1377 5210 1427 5252 sua
1448 5193 1624 5266 protectione
1638 5191 1765 5263 suscipit,
1778 5194 1828 5244 sta·

1077 5294 1162 5344 tuens
1171 5292 1202 5341 ut
1218 5284 1247 5340 in
1262 5283 1391 5341 libertate
1406 5297 1457 5339 sua
1474 5289 1625 5338 manentes
1638 5280 1708 5338 nulli
1724 5279 1768 5337 alii
1780 5276 1829 5332 sint

1078 5389 1164 5447 qnam
1183 5374 1236 5431 soli
1251 5372 1361 5431 Christo
1379 5378 1408 5429 et
1426 5369 1595 5428 obedientiae
1617 5368 1754 5426 Ecclesia
1776 5366 1826 5423 ilo·

1079 5478 1172 5520 maus
1187 5460 1316 5534 subjecti.

1086 5580 1252 5643 Honorius
1263 5578 1448 5656 episcopus,
1459 5590 1573 5638 servus
1582 5588 1753 5636 servorum
1763 5568 1825 5637 bel,
