4014 6224
236 300 293 366 iel
856 292 1031 366 nemean
1053 302 1099 365 iii
1119 304 1268 366 OPERA.
1814 306 1875 368 ise

233 461 385 525 crederet
409 461 608 534 evocandos,
629 458 873 524 communicato
895 460 1026 541 quodue
1051 440 1055 455 '
1119 460 1338 525 &armantia
1353 460 1503 525 Romana
1523 462 1671 525 Ecclesia
1690 462 1830 525 devotos
1843 465 1877 526 et

234 559 367 622 illorum
382 558 416 621 et
435 558 577 622 aliorum
600 557 798 643 prudentum
820 558 971 629 consilio,
996 556 1025 619 si
1080 556 1222 620 humiles
1246 558 1334 621 ditos
1360 564 1403 621 ex
1427 562 1588 622 consueto
1610 560 1745 637 pietatis
1764 559 1876 623 officio

234 656 401 718 constaret
414 656 532 727 eidem,
547 654 742 733 computatis
763 652 922 716 canonice
942 670 1025 732 gra-
1080 654 1278 732 propensius
1305 654 1444 733 diligere
1467 654 1649 725 consuevit,
1674 658 1707 719 et
1732 670 1776 719 ne
1796 672 1877 734 pra-

233 738 330 814 dibus
342 756 375 815 et
389 753 563 825 distinctis,
575 753 660 829 quod
669 750 818 829 praedicti
829 752 882 814 vir
893 754 927 813 et
939 762 1026 813 uxor
1060 756 1196 813 'rorum
1223 753 1393 814 hominum
1421 750 1584 815 molestiis
1609 752 1787 830 agitentur,
1817 768 1875 816 eos

232 851 269 913 in
283 851 388 927 gradu
403 848 641 928 sibiprchibito
651 846 840 923 attinerent,
852 849 1026 927 superduc
1079 851 1237 925 tanquam
1251 849 1307 926 pia
1322 850 1428 911 mater
1450 865 1520 910 suae
1534 851 1752 927 protectionis
1763 851 1875 911 muni-

232 944 367 1031 iaceret,
384 949 481 1025 prout
498 945 679 1008 secundum
695 944 797 1008 Deum
822 945 1027 1024 prospiceret
1080 945 1168 1005 mine
1183 945 1370 1007 morerere.
1395 948 1438 1007 da
1460 948 1605 1024 propter,
1629 947 1741 1010 dilecti
1754 948 1789 1008 in
1805 951 1876 1010 Do-

144 1032 153 1037 “
231 1043 399 1121 expedire.
418 1044 504 1105 Saue
517 1056 617 1123 quum
632 1042 827 1120 procurator
839 1043 944 1120 ipsius
959 1056 1025 1104 no·
1079 1041 1170 1103 mino
1191 1041 1264 1114 iiiii,
1280 1043 1401 1104 vestris
1416 1044 1516 1119 justis
1531 1043 1686 1119 precihus
1706 1044 1874 1113 inclinati,

215 1136 321 1215 tilis,
334 1140 593 1203 cumobtentisa
606 1139 813 1218 nohissuper
826 1140 890 1201 hoc
903 1139 1025 1202 litteris
1079 1153 1239 1213 personas
1252 1140 1380 1201 vestras
1404 1142 1438 1201 el
1463 1139 1584 1212 locum,
1612 1141 1647 1201 in
1672 1157 1736 1218 quo
1760 1141 1875 1203 dimne

230 1236 406 1310 remearet,
438 1236 594 1315 quoniam
620 1236 662 1298 ad
693 1238 839 1315 legatum
874 1235 1024 1298 eumdem
1079 1234 1160 1296 estis
1188 1234 1346 1313 obsequio
1373 1236 1574 1313 mancipati,
1615 1250 1690 1299 curn
1719 1238 1875 1300 omnibus
1907 1230 1913 1235 ”

229 1334 401 1412 applicuit,
413 1344 488 1396 cum
502 1334 538 1417 in
552 1334 673 1396 itinere
698 1333 784 1396 ieret
809 1332 850 1395 ad
876 1334 1024 1396 nostram
1077 1329 1184 1402 bonis,
1199 1348 1273 1408 quae
1297 1333 1606 1410 inpraesentiarum
1628 1334 1876 1398 rationabiliter

229 1430 442 1509 praesentiam
453 1428 624 1503 redeundi,
637 1430 679 1492 ad
688 1444 749 1492 nes
761 1424 883 1511 iniecto
891 1424 1024 1505 negotio
1078 1428 1265 1505 possidetis,
1289 1431 1347 1491 aut
1369 1431 1405 1490 iu
1426 1430 1782 1508 futurumapraeslante
1801 1435 1875 1493 De-

230 1527 351 1590 iteruin
374 1528 427 1590 est
446 1538 611 1600 mersus,
634 1527 829 1605 suppliciter
852 1526 1023 1607 postulans
1079 1524 1178 1596 mino,
1193 1525 1295 1601 justis
1319 1527 1425 1587 modis
1460 1527 1610 1605 poteritis
1636 1528 1789 1607 adipisci,
1812 1528 1875 1591 suh

230 1626 263 1688 et
276 1622 447 1687 huiniiitel
471 1637 510 1686 ao
531 1620 694 1687 instanter
716 1634 910 1702 exposcens,
931 1624 968 1685 ut
982 1628 1024 1685 n'e
1077 1620 1164 1683 beati
1174 1622 1264 1683 Petri
1277 1623 1310 1684 et
1319 1626 1432 1685 nostra
1445 1625 1651 1700 protectione
1659 1625 1873 1703 suscipimus

229 1716 842 1792 sustinuissetinraouumtotIabores,
855 1718 1023 1796 negotium
1077 1718 1266 1794 specialiter
1276 1716 1386 1781 autem
1397 1719 1437 1781 de
1448 1721 1631 1797 inningen,
1646 1721 1686 1783 de
1698 1722 1875 1799 synadae-

229 1818 337 1896 ipsum
361 1817 445 1880 viris
469 1817 621 1880 diseretis
636 1815 843 1879 committere
864 1816 1023 1893 dignare-
1078 1824 1136 1876 sen
1154 1816 1188 1876 ei
1211 1812 1251 1877 de
1265 1814 1506 1878 Purcklrausen
1520 1819 1553 1879 et
1581 1812 1622 1880 tle
1649 1816 1875 1896 catanenses

229 1922 314 1977 mur.
328 1916 398 1976 Nos
412 1915 521 1976 autem
534 1912 613 1976 lieet
622 1914 735 1976 ia'vore
748 1914 952 1996 matrimonii
960 1912 1023 1974 liae
1079 1911 1323 1974 ecclesiastem
1340 1920 1455 1975 earum
1476 1915 1696 1991 pertinentiis,
1713 1932 1797 1994 quas
1813 1935 1876 1979 re-
1985 1913 1986 1970 ἒ

228 2011 395 2073 amutalia
415 2013 489 2073 vice
512 2006 662 2072 difficiles
682 2010 877 2087 aliquandiu
903 2008 1025 2070 titisse-
1078 2008 1237 2093 uerahilis
1261 2009 1364 2071 irater
1391 2012 1508 2073 noster
1535 2012 1710 2089 episcopus
1736 2013 1874 2075 Frisiu-

228 2110 314 2180 inus‚
329 2110 372 2168 lie
383 2108 495 2169 tamen
510 2118 708 2183 negaremus
717 2102 896 2185 justitiam,
907 2106 942 2167 in
958 2118 1022 2183 qua
1077 2105 1201 2180 gensis,
1216 2105 1256 2168 de
1274 2106 1413 2184 capituli
1432 2107 1485 2169 sui
1503 2120 1680 2181 consensu,
1697 2109 1753 2186 pia
1775 2106 1875 2173 robis

229 2208 343 2267 suiuus
366 2203 518 2265 omnibus
548 2200 732 2276 debitores,
763 2196 797 2265 'et
825 2206 923 2280 quarn
949 2200 1023 2264 deri
1077 2203 1110 2263 et
1136 2202 1274 2278 provida
1299 2202 1500 2266 liberalitate
1521 2205 1698 2288 concessit,
1723 2220 1875 2270 necnon

227 2316 329 2378 super
343 2300 406 2386 hoc
425 2300 622 2377 procurator
641 2298 713 2378 ipse
738 2298 895 2362 almatius
909 2300 1023 2376 pestu-
1077 2297 1145 2358 alia
1164 2294 1251 2360 bona
1266 2301 1388 2371 restra,
1416 2300 1503 2362 sicut
1521 2316 1562 2362 ee
1587 2300 1699 2363 omnia
1718 2305 1811 2380 juste
1831 2320 1876 2367 ac

228 2388 329 2471 labat,
359 2392 560 2459 fraternitati
587 2398 711 2459 restra
733 2397 768 2457 in
795 2394 918 2458 virtute
943 2397 1024 2457 obe-
1076 2394 1214 2471 pacifice
1224 2396 1524 2472 possidetisvobis,
1536 2398 1569 2459 et
1578 2410 1706 2475 perros
1715 2398 1875 2481 ecclesiae

229 2493 363 2556 dientlae
391 2494 540 2556 dissueto
563 2492 787 2571 praecipiendo
813 2490 1020 2564 mandamus,
1075 2492 1606 2571 restrae,auctoritateilpostelica
1620 2496 1871 2569 confirmanius,

229 2589 551 2669 quatenus-habituri
572 2606 641 2666 prae
654 2588 760 2652 oculis
784 2586 891 2651 solum
905 2584 1019 2661 iteum,
1076 2588 1294 2665 etpraesentis
1302 2592 1415 2667 scripti
1423 2592 1608 2668 patrocinio
1617 2594 1874 2657 communimus.

228 2687 263 2749 et
271 2686 433 2750 reddituri
446 2687 486 2749 de
506 2687 569 2748 hoc
583 2686 619 2748 in
633 2684 686 2749 die
700 2686 842 2749 districti
857 2685 1021 2748 examinis
1075 2680 1166 2743 Nulli
1191 2699 1270 2761 ergo
1295 2686 1431 2747 omnino
1459 2687 1631 2748 hominum
1655 2688 1756 2750 liceat
1782 2688 1876 2752 hanc

227 2784 405 2856 rationem,
425 2783 791 2861 convocatisepis‘copis
805 2781 925 2845 etaills
938 2782 1021 2845 viris
1074 2781 1230 2856 paginam
1256 2783 1378 2844 nostrae
1398 2783 1612 2859 protectionis
1629 2787 1663 2846 et
1687 2786 1875 2848 conflrma-

227 2880 388 2953 hnnestis,
403 2896 486 2958 quos
500 2880 651 2942 videritis
669 2879 865 2952 evocandos,
877 2879 1021 2942 audiatis
1075 2876 1174 2937 donis
1189 2877 1447 2954 infringereve]
1462 2879 1494 2941 ei
1504 2890 1588 2940 ausu
1599 2881 1777 2944 temerario
1789 2892 1877 2945 con-

227 2993 361 3040 causam
371 2978 405 3038 in
418 2993 482 3055 qua
491 2978 663 3039 cumomni
676 2977 973 3055 circumspectione
980 2992 1021 3037 ac
1074 2973 1187 3034 iraire.
1198 2974 1316 3051 Siquis
1327 2975 1507 3036 autemhoc
1518 2977 1878 3057 auenarepraesnmp-

195 3064 200 3071 ’
228 3073 400 3152 diligentia
416 3072 616 3151 processuri,
633 3070 718 3134 nihil
733 3090 877 3151 unquam
890 3072 931 3135 de
945 3089 1021 3135 con·
1074 3070 1169 3142 serit,
1197 3070 1460 3146 indignationem
1489 3074 1724 3149 omnipotentis
1751 3075 1812 3136 Dei
1840 3078 1876 3140 et

226 3171 429 3249 tingentibus
444 3171 636 3244 omittendo,
662 3172 699 3233 ut
726 3170 960 3232 circumveniri
988 3172 1020 3232 et
1073 3166 1246 3228 beatorum
1264 3168 1356 3229 Petri
1371 3170 1404 3230 et
1426 3168 1523 3230 Pauii
1549 3169 1773 3246 apostolorum
1797 3174 1876 3249 ejus

226 3264 359 3329 modern
374 3264 531 3342 redargui
545 3283 611 3328 non
637 3264 780 3342 possitis.
801 3269 881 3327 dum
899 3266 1019 3344 hujus·
1074 3277 1110 3323 se
1135 3263 1271 3326 aaran
1300 3265 1522 3326 incursurum.
1548 3266 1678 3327 Datum,
1694 3270 1873 3344 Anagnia,

194 3376 199 3384 ’
227 3363 317 3425 modi
340 3363 461 3425 iactum
491 3378 534 3423 ex
565 3362 675 3423 causis
700 3359 909 3440 quibusdam,
937 3379 1019 3440 quas
1074 3360 1105 3420 II
1119 3359 1279 3423 kalendas
1294 3361 1422 3439 aprilis,
1438 3361 1650 3439 pontificatus
1661 3364 1769 3425 nostri
1779 3380 1873 3428 anno

227 3459 426 3532 audivimus,
441 3475 508 3520 non
531 3459 702 3520 valeamus
717 3474 784 3520 non
800 3458 924 3521 habere
945 3476 1021 3521 sus-
1074 3456 1179 3518 sexto.

226 3557 457 3633 pectendum
472 3571 523 3628 ea,
538 3570 602 3633 qua
617 3556 721 3628 decet,
738 3556 928 3618 maturitate
939 3572 1020 3618 con·
1051 3558 1052 3561 ’

226 3653 305 3726 silli,
317 3653 539 3732 appellatione
553 3653 748 3731 postposita,
769 3652 912 3725 faciatis,
933 3654 1019 3732 quod

226 3742 407 3812 'secundum
417 3753 520 3813 Deum
531 3752 565 3812 et
574 3750 761 3811 animarum
771 3750 912 3812 salutem
920 3749 1020 3814 tuerit
1389 3772 1549 3863 CLVIII

226 3846 425 3909 iaciendum.
442 3846 578 3920 Quodsi
604 3861 670 3907 non
696 3861 812 3907 omnes
835 3846 889 3908 his
917 3862 1018 3909 exse-

227 3943 365 4021 quendis
378 3940 553 4020 potueritis
579 3942 754 4016 interesse,
781 3942 818 4004 tu
842 3958 893 4016 ea,
916 3943 1020 4005 irater
1073 3923 1528 3986 AdMablliamabbauifflm
1536 3927 1875 3995 mwlei'li'Saucll

226 4016 485 4116 antiepiscopo,
493 4052 566 4101 oum
575 4036 816 4111 commutare,
827 4040 890 4101 ete.
900 4040 1018 4103 uatum
1113 4020 1243 4079 ⁰0⁸moe
1256 4021 1828 4098 daduliscensalterutrare·

224 4128 396 4211 anagniae,
414 4137 460 4195 111
481 4132 641 4197 kalendas
660 4136 789 4213 aprilis,
806 4135 1018 4214 pontincatus
1357 4158 1484 4231 :caprina
1499 4161 1577 4219 itia.

227 4232 334 4296 nostri
349 4245 436 4294 anno
455 4235 560 4293 sexto.
1196 4277 1395 4342 [catinarum.
1410 4280 1496 4332 assat.
1512 4282 1620 4345 osia,
1633 4285 1664 4343 n,
1674 4285 1742 4349 soa]

1073 4401 1276 4460 nonasterium
1289 4402 1358 4460 iilud
1378 4402 1432 4461 sub
1445 4403 1521 4462 beati
1536 4408 1611 4465 Petri
1632 4416 1661 4466 et
1683 4424 1735 4468 sua
1762 4420 1879 4484 protec-

555 4528 693 4620 CLVII
1363 4486 1440 4548 tione
1450 4494 1577 4566 suscipit.

1050 4676 1054 4685 ‚
1113 4613 1786 4692 Honoriusepiscopus,servusservorum
1797 4625 1876 4699 Dei,

228 4685 280 4746 Ad
304 4683 529 4757 amatium
553 4683 794 4756 occaecatum
813 4682 934 4743 sanat
953 4682 1020 4745 Vm
1074 4709 1878 4795 arrectissncnseosiranusuasruaeannanssae

499 4781 744 4854 mmm·
1051 4876 1052 4879 Ἴ
1074 4807 1313 4868 monasteriis.
1333 4809 1457 4870 cosmae
1473 4810 1514 4871 de
1536 4810 1743 4887 Tailiacotic,
1774 4819 1878 4893 ejus-

505 4914 538 4974 31
554 4917 648 4974 marcii
661 4910 739 4975 1222,
1051 4902 1054 4963 ζ
1074 4919 1137 4981 que
1151 4902 1320 4964 sororibus
1335 4904 1401 4965 tem
1424 4908 1643 4981 presentibus
1658 4926 1757 4987 quam
1777 4912 1881 4977 iutu-

304 5039 492 5107 [uaaeuaa
507 5037 941 5104 notoriasrsingenais,111,nto.]
1074 5001 1133 5068 ris,
1164 4996 1351 5075 regularem
1377 5000 1480 5063 vitam
1505 5003 1663 5080 Pr⁰f0⁸³i⁸
1687 5006 1722 5068 in
1744 5024 1879 5088 Pereo-

227 5166 285 5227 dub
297 5164 460 5224 heudPeir'l
473 5168 502 5221 0⁸
512 5163 1019 5234 ⁸¹1⁸P¹⁰²⁶⁰¹¹⁰⁰0000¹³⁸¹⁸ffl⁸⁰⁰⁰²¹
1051 5178 1052 5181 '
1073 5098 1274 5263 tmili'lirlotiens
1290 5193 1372 5254 illud
1387 5209 1407 5255 a
1422 5194 1516 5255 nohis
1530 5198 1663 5272 petitur,
1685 5201 1771 5277 qued
1787 5205 1882 5267 reii-

265 5254 396 5315 vilicum
410 5250 543 5308 mibi*
559 5250 652 5319 b⁰⁰i⁸⁹
664 5264 727 5322 (ΙΨ
742 5249 877 5323 9039Ῑάοῧ
888 5251 1017 5324 'mim
1073 5284 1165 5363 gioni
1194 5286 1227 5349 et
1257 5282 1422 5352 honestati
1448 5293 1625 5355 convenire
1648 5295 1878 5377 dignoscitdr,

266 5386 434 5448 Honorius
470 5382 661 5462 episcopus,
696 5394 811 5446 servus
846 5392 1018 5447 sertorum
1073 5384 1184 5445 animo
1200 5396 1261 5446 nos
1275 5385 1492 5449 decetiihenli
1503 5388 1694 5465 concedere,
1708 5394 1741 5455 el
1750 5397 1881 5472 peten-

227 5482 298 5553 Dei,
328 5480 466 5557 dilectis,
489 5476 569 5541 tiliis
601 5478 778 5557 praeposito
808 5480 843 5542 et
873 5479 1018 5557 capitulo
1072 5482 1153 5544 tium
1174 5480 1348 5543 desideriis
1376 5496 1557 5560 congruum
1579 5485 1777 5564 suffragium
1798 5494 1878 5557 im-

229 5576 342 5639 sanati
356 5577 424 5638 viti
441 5575 675 5653 Frisingensis,
694 5574 845 5648 salutem,
861 5577 923 5638 etc.
1072 5577 1199 5655 pertin.
1220 5580 1412 5655 Eapropter,
1427 5579 1554 5642 dilectae
1569 5581 1602 5641 in
1618 5584 1759 5649 Domino
1774 5588 1875 5668 iliiae,
1986 5606 1987 5621 ,
