3972 6204
83 251 145 315 ufir

704 248 932 313 EPISTOLAE.
955 249 1034 313 nia.
1055 250 1097 311 X.
1140 334 1150 353 .

1666 254 1727 319 958

126 408 348 473 sacrosancte
362 410 513 471 Romana
526 406 678 470 Ecclesia
691 406 827 471 derotos
848 409 881 470 et
934 423 975 470 ac
991 424 1051 486 per
1064 408 1128 470 hoc
1142 408 1333 484 provisione
1346 408 1484 487 speciali
1497 424 1565 473 non
1577 425 1676 488 egeas
1689 413 1727 477 in

86 506 231 569 humiles
254 506 343 567 lilios
372 521 415 567 ex
442 505 584 566 assuetae
617 504 750 580 pietatis
771 504 880 566 officio
935 504 1727 582 hecparteadabundantioremtamencautelam

85 604 286 682 propensius
301 602 441 678 diligere
453 602 637 673 consuerit,
655 603 688 663 et
702 616 745 662 ne
760 617 882 678 praro-
935 600 996 663 tibi
1014 602 1210 666 auctoritate
1224 604 1437 680 presentium
1451 604 1672 681 indulgemus,
1689 610 1728 669 ut

86 717 163 762 rum
177 700 350 762 hominum
365 699 528 760 molestiis
540 698 719 774 agitentur,
734 713 791 760 eos
806 699 882 759 tan·
937 714 996 776 per
1011 700 1168 762 statutum
1181 701 1290 777 ipsum
1311 702 1518 780 nullumjuri
1539 705 1596 765 tuo
1608 708 1729 781 praeju-

88 798 251 876 quampia
265 800 451 859 matersuae
463 796 680 872 protectionis
698 796 881 856 munimine
936 796 1060 857 dicium
1079 798 1269 872 generetur.
1294 799 1385 861 Nulli
1405 815 1495 876 ergo,
1513 801 1588 870 etc„
1604 803 1727 864 nostrae

88 895 278 957 confovere.
305 897 350 955 Ea
372 898 518 971 propter,
541 892 653 954 dilecti
676 893 712 953 in
742 893 881 954 Domino
936 893 1172 966 concessionis
1197 897 1259 957 etc.
1288 897 1415 974 Siquis
1439 899 1561 969 autem,
1578 899 1640 959 etc.
1661 901 1729 962 Da-

88 989 681 1068 filii,vestrisJustispostulationibus
696 989 791 1066 grato
807 1004 882 1051 con·
935 989 1004 1050 tum
1020 990 1134 1065 Reate,
1164 992 1209 1054 IV
1232 991 1393 1055 kalendas
1415 993 1612 1068 decembris,
1639 1011 1727 1059 anno

89 1090 263 1151 eumentes
280 1103 431 1159 assensu,
448 1103 609 1164 personas
633 1091 762 1149 vestras
779 1089 811 1147 et
831 1086 883 1147 io-

90 1202 176 1258 cum,
204 1186 241 1246 in
266 1201 331 1262 quo
356 1184 469 1247 divino
497 1184 578 1245 estis
604 1183 762 1261 obsequio
787 1199 883 1245 man-

90 1284 203 1361 cipati,
231 1298 306 1344 cum
328 1281 481 1343 omnibus
503 1281 610 1353 bonis,
636 1297 711 1358 quae
741 1281 778 1341 in
801 1296 884 1357 prae·

90 1378 274 1440 sentiarum
298 1375 542 1438 rationabiliter
563 1375 749 1453 possidetis,
766 1376 824 1437 aut
847 1375 882 1437 in

89 1474 239 1536 futurum
250 1472 574 1550 praestantadomino
586 1471 803 1549 justismodis
818 1488 882 1548 po-

90 1571 199 1633 teritis
225 1571 377 1647 adipisci,
403 1568 465 1630 sub
488 1569 577 1631 beati
596 1569 687 1631 Petri
713 1569 746 1631 et
769 1570 884 1630 nostra

91 1669 297 1746 protectione
320 1667 531 1743 suscipimus.
555 1666 750 1743 specialiter
772 1667 884 1731 autern

91 1764 269 1828 ecclesiam
301 1765 414 1826 Sancti
436 1762 610 1824 Michaelis
634 1763 785 1825 Paduani
809 1780 885 1824 curn

91 1864 302 1942 pertinentiis
318 1864 389 1923 suis
408 1877 428 1924 a
444 1861 629 1923 venerabili
646 1861 750 1923 fratre
769 1864 884 1924 nostro

91 1961 247 2039 episcopo
275 1960 448 2028 Paduano,
469 1959 521 2020 sui
546 1958 683 2035 capituli
708 1959 885 2023 accedente

92 2073 272 2129 consensu,
294 2058 350 2133 pia
373 2056 468 2118 vobis
491 2055 692 2117 iiberalitate
716 2054 883 2124 collatam,

92 2154 179 2216 sicut
197 2170 237 2216 ea
259 2154 370 2214 omnia
387 2155 489 2231 juste,
506 2153 669 2214 canonice
688 2169 727 2214 ac
747 2153 886 2229 pacifice

92 2251 292 2329 possidetis,
328 2252 362 2313 et
398 2251 433 2312 in
469 2251 690 2312 instrumento
736 2249 886 2311 coniecto

93 2347 217 2411 exinde
232 2349 361 2425 plenius
380 2348 579 2419 continetur,
594 2347 689 2409 vobis
703 2350 737 2408 at
753 2363 812 2425 per
826 2363 886 2409 vos

92 2446 245 2508 ecclesiae
257 2447 376 2507 vestrae
390 2446 589 2507 auctoritate
600 2445 792 2522 apostolica
806 2461 888 2506 con-

94 2543 277 2614 firmamus,
299 2543 332 2604 et
352 2544 526 2619 praesentis
554 2544 669 2620 scripti
701 2542 886 2620 patrocinio

92 2640 349 2702 communimus.
375 2640 469 2702 Nulli
502 2656 582 2717 ergo
616 2641 752 2703 ornnino
784 2639 887 2701 homi·

91 2754 185 2812 num,
200 2739 263 2799 eto.
278 2737 313 2798 Si
327 2738 412 2816 quis,
424 2738 487 2800 etc.
503 2740 621 2800 Datum
635 2738 750 2809 Reate,
766 2740 810 2799 Vi
825 2737 889 2798 ka-

91 2834 213 2897 lendas
232 2834 428 2908 decembris,
451 2835 662 2913 pontificatus
679 2835 785 2898 nostri
800 2850 888 2896 anno

93 2931 236 2994 decimo.

450 3154 538 3242 LIX

237 3307 290 3366 Ad
314 3307 509 3381 episcopum
538 3309 749 3367 Trecerraem.

355 3434 534 3494 iinovenrb.
551 3435 630 3493 ilie.

137 3561 260 3626 magunt,
270 3558 315 3608 fib.
326 3558 358 3618 X,
368 3558 442 3624 epist.
453 3556 508 3607 fit).
519 3558 576 3607 ilss.
587 3558 624 3608 La
635 3557 710 3607 Porta
719 3557 754 3607 du
763 3556 857 3622 rhein]

94 3683 232 3756 indulget
245 3684 271 3740 ei
283 3682 453 3755 specialiter,
463 3688 493 3739 ut
502 3682 617 3741 Conciiii
629 3682 773 3755 generalis
788 3688 892 3738 statuto

936 1086 1075 1149 decimo.

1296 1277 1364 1364 LX

936 1414 989 1475 Ad
1012 1417 1285 1493 archiepiscopos
1310 1419 1344 1481 et
1370 1422 1555 1497 ερῑεεεροε,
1581 1422 1614 1483 et
1642 1424 1729 1485 citos
1789 1424 1795 1435 ⁴

977 1515 1201 1576 cremiorum
1213 1516 1380 1591 praeces
1398 1532 1467 1590 per
1487 1518 1629 1581 ltaliam
1649 1533 1733 1581 oon-

976 1609 1127 1671 staturos.
1533 1668 1546 1675 -

1211 1690 1225 1745 l
1237 1688 1366 1747 decemb.
1381 1691 1460 1749 tiit.

1044 1810 1183 1872 [Sbareiea,
1195 1812 1290 1863 Bullar.
1301 1814 1436 1873 Francius,
1446 1815 1466 1874 1,
1480 1815 1518 1875 ra,
1532 1830 1557 1867 n.
1570 1817 1623 1883 aa]

939 1934 1054 1993 ifandat
1067 1935 1200 2008 pontifex,
1214 1944 1246 1995 ut
1262 1935 1364 1997 fratres
1375 1939 1411 1997 de
1423 1942 1590 2001 Poeuitentia
1602 1950 1733 2017 tempore

974 2023 1115 2082 interdicti
1139 2024 1323 2085 admittantur
1337 2027 1374 2085 ad
1394 2028 1490 2088 divina
1510 2029 1614 2102 officia,
1633 2032 1669 2090 ed
1685 2048 1731 2091 sa·

974 2120 1121 2170 eramenta
1133 2115 1339 2185 ecclesiastica,
1350 2124 1378 2174 et
1392 2119 1568 2190 sepulturam
1582 2122 1732 2180 ecciesias-

976 2201 1074 2260 ticam.

979 2328 1147 2389 Honorius
1158 2331 1469 2406 episcopusservus
1478 2350 1649 2396 servorum
1659 2337 1732 2409 bei,

941 2424 1188 2487 uenerabilibus
1197 2426 1357 2489 fratribus
1367 2430 1638 2509 archiepiscopis,
1650 2434 1733 2509 epis·

941 2523 1045 2598 copis,
1060 2525 1092 2584 et
1106 2523 1184 2585 aliis
1198 2524 1415 2591 ecclesiarum
1430 2527 1579 2603 praelatis
1596 2546 1656 2606 per
1669 2532 1736 2592 lta-

942 2618 1021 2678 liam
1048 2620 1247 2694 constitutis,
1277 2621 1419 2684 salutern
1450 2623 1483 2684 et
1510 2625 1737 2700 apostolicam

941 2714 1215 2778 benedictionem.
1318 2792 1322 2803 .
1422 2788 1429 2804 ⁸

982 2814 1063 2872 Cum
1082 2813 1228 2885 illorum,
1248 2815 1304 2892 qui
1323 2831 1383 2875 sua
1402 2817 1596 2891 novissima,
1613 2836 1741 2881 memo·

942 2910 1047 2970 raudo
1069 2926 1136 2971 non
1164 2911 1238 2988 post
1253 2913 1418 2974 vanitates
1436 2915 1563 2987 saeculi,
1584 2916 1640 2977 sed
1664 2918 1739 2995 post

943 3007 1110 3069 Christum
1118 3009 1245 3080 euntes,
1254 3008 1483 3085 poenitentiam
1494 3011 1528 3071 in
1540 3012 1738 3075 humilitatis

945 3105 1066 3180 spiritu
1086 3107 1200 3181 agunt,
1222 3108 1255 3167 et
1273 3107 1373 3168 corde
1388 3108 1530 3170 contrito
1545 3111 1738 3186 castigando

945 3202 1036 3263 etin
1061 3202 1254 3264 servitutem
1278 3220 1375 3265 suum
1397 3221 1518 3282 corpus
1543 3207 1736 3284 redigendo,

944 3300 1013 3361 tota
1023 3299 1177 3361 videatur
1194 3301 1336 3364 intentio
1350 3302 1440 3364 circa
1451 3304 1625 3366 servitium
1637 3308 1740 3367 Crea-

944 3396 1038 3470 toris,
1054 3397 1228 3474 indignum
1247 3398 1387 3460 forsitan
1411 3401 1613 3475 crederetur,
1633 3404 1663 3463 si
1677 3419 1739 3480 pro

946 3494 1057 3557 aliena
1077 3494 1173 3572 culpa
1199 3510 1219 3556 a
1240 3495 1363 3557 divinis
1380 3497 1558 3576 obsequiis,
1576 3501 1609 3562 et
1622 3517 1740 3563 sacra-

946 3592 1066 3654 mentis
1092 3593 1329 3656 ecclesiasticis
1357 3596 1563 3672 contingeret
1590 3597 1651 3658 hos
1675 3614 1741 3660 ex-

947 3689 1035 3751 cludi
1045 3707 1053 3763 ;
1065 3707 1165 3769 quum
1176 3690 1211 3751 in
1221 3691 1275 3763 iis,
1284 3692 1316 3752 et
1328 3692 1415 3764 aliis,
1428 3710 1500 3770 quae
1511 3694 1553 3754 ad
1566 3696 1740 3757 seruitium

129 3771 290 3847 jurisdictio
300 3786 351 3828 sua
363 3771 391 3827 in
403 3769 520 3828 abbates
530 3768 661 3827 dioecesis
674 3784 733 3827 sua
743 3771 892 3828 imminuta
947 3788 1006 3849 Dei
1035 3788 1212 3864 pertinent,
1244 3787 1391 3850 savorem
1427 3792 1618 3852 mereantur
1645 3793 1740 3854 sedis

133 3867 292 3933 reputetur.
949 3884 1145 3962 apostolicae
1158 3885 1352 3961 specialem3
1365 3903 1465 3963 quum
1482 3888 1586 3963 igitur
1599 3905 1658 3965 per
1672 3892 1742 3951 Ita·

139 3986 322 4058 Honorius,
346 3986 422 4057 etc,
444 3983 628 4045 venerabili
651 3982 783 4048 fratri...
805 3984 894 4062 epis·
948 3982 1027 4043 iiam
1037 3981 1122 4043 tales
1134 3997 1208 4042 esse
1219 3983 1372 4043 nonnulli
1386 3984 1550 4053 dicantur,
1570 4001 1590 4047 a
1609 3986 1742 4063 quibus·

98 4099 184 4161 copo
199 4081 367 4153 Trecensi,
384 4082 536 4152 salutern,
551 4083 614 4142 etc.
948 4079 1024 4139 dam
1039 4077 1157 4139 fratres
1173 4079 1213 4140 de
1227 4081 1426 4142 poenitentia
1451 4084 1646 4160 nuncupati,
1670 4084 1741 4145 dis-

140 4183 212 4242 Tua
227 4179 322 4241 nobis
336 4179 530 4242 fraternitas
545 4178 754 4263 supplicavit,
770 4181 808 4241 ut
819 4195 894 4241 curn
949 4176 1090 4237 crationi
1101 4178 1220 4238 vestrae
1235 4193 1295 4255 per
1304 4179 1494 4265 apostolica
1505 4181 1630 4258 scripta
1644 4199 1742 4243 man-

98 4278 236 4357 quidam
247 4276 382 4339 abbates
395 4278 428 4338 et
441 4275 607 4348 monachi,
626 4277 659 4340 et
673 4276 825 4337 canonici
840 4292 896 4338 re·
949 4274 1075 4346 damus,
1093 4275 1429 4350 quatenusvoseosin
1440 4277 1591 4339 ecclesiis
1603 4281 1737 4353 restris,

96 4376 237 4454 gulares
270 4376 336 4438 tuae
378 4374 529 4439 dioecesis
565 4375 741 4436 occasione
780 4374 895 4437 statuti
949 4372 985 4432 in
1007 4370 1125 4448 quibus
1140 4386 1160 4431 a
1176 4371 1259 4432 Sede
1273 4372 1461 4448 Apostolica
1479 4375 1529 4435 est
1546 4391 1740 4439 concessum

99 4473 244 4537 concilii
262 4473 430 4549 generalis
445 4472 485 4534 de
505 4471 659 4548 capitulis
669 4456 816 4549 ipsorum
831 4471 894 4533 ab·
949 4467 1150 4545 generaliter
1173 4468 1320 4545 tempore
1348 4469 1515 4535 interdicti
1540 4472 1741 4549 huJ'usmodi,

98 4572 228 4644 batum,
245 4572 278 4632 et
298 4571 440 4632 aliorum
455 4569 660 4646 regularium
675 4569 894 4640 celebrandis,
950 4558 1127 4627 dummodo
1140 4565 1205 4642 ipsi
1220 4582 1354 4628 causam
1367 4567 1544 4631 interdicto
1556 4587 1623 4631 non
1639 4570 1742 4633 dede-

100 4671 138 4733 et
152 4668 358 4743 corrigendis
373 4666 566 4729 excessibus
581 4665 784 4740 eorumdem,
797 4666 897 4743 juris·
950 4664 1029 4735 rint,
1046 4663 1087 4724 ad
1101 4662 1215 4724 divina
1229 4663 1350 4736 officia,
1365 4681 1439 4741 quaa
1455 4682 1633 4743 suppressa
1647 4685 1740 4742 uoce,

101 4768 282 4829 dictionem
307 4766 399 4827 tuam
424 4764 577 4839 reputent
610 4764 829 4835 imminutam,
857 4779 897 4826 ac
950 4760 1135 4823 interdictis
1149 4761 1182 4821 et
1194 4762 1490 4824 excommunicatis
1504 4765 1661 4839 exclusis,
1676 4782 1743 4827 non

101 4879 165 4942 per
179 4863 242 4923 hoc
256 4869 372 4923 contra
386 4860 555 4922 tatemere
568 4859 781 4934 insolescant,
798 4875 898 4937 super
952 4858 1091 4935 pulsatis
1114 4859 1295 4933 campanis,
1320 4859 1353 4920 et
1374 4858 1497 4922 clausis
1517 4863 1630 4939 januis
1654 4862 1745 4925 cele-

101 4962 169 5023 hoc
183 4961 322 5037 paterna
344 4958 519 5035 providere
532 4956 757 5019 sollicitudine
775 4956 896 5034 digna·
951 4955 1153 5027 brentenol
1178 4954 1407 5018 ecclesiastica
1430 4961 1648 5033 sacramenta,
1670 4976 1745 5022 nec·

101 5073 228 5122 remur.
245 5057 338 5117 Licet
356 5055 459 5131 igitur
472 5056 631 5118 statutum
651 5056 760 5132 ipsum
775 5054 898 5116 factum
951 5068 1018 5113 non
1039 5051 1245 5129 sepulturam
1265 5053 1526 5117 ecclesiasticam
1549 5055 1741 5118 admittatis.

102 5154 216 5226 fuerit,
242 5153 336 5215 salvo
357 5153 435 5229 jnre
466 5151 729 5214 dioecesanorum
760 5151 896 5230 pontifi·
951 5152 1070 5212 Datum
1091 5150 1206 5222 Reate,
1225 5149 1386 5213 kalendas
1399 5151 1593 5223 decembris,
1605 5154 1744 5232 pontifi-
1852 5222 1861 5232 ,

101 5268 191 5326 cum,
208 5250 296 5312 sicut
309 5248 481 5325 signanter
509 5247 706 5329 exprimitur
728 5248 763 5310 in
783 5249 899 5311 eodem
954 5248 1048 5309 catus
1060 5260 1148 5309 anno
1157 5261 1258 5309 nono.
