3930 6206
80 319 143 379 637
693 323 919 384 EPISTOLAE.
943 324 1021 384 LIB.
1046 326 1131 387 VIII.

1673 332 1735 393 138

78 476 192 539 tribus
213 477 385 540 milliariis
402 493 423 539 a
438 478 511 540 loco
527 478 583 539 ubi
598 478 699 541 fuerit
712 482 880 544 Romanus
936 483 1121 546 indictione
1157 484 1234 555 XII,
1272 484 1533 549 incarnationis·
1553 486 1735 552 Dominicae

79 574 254 651 pontifex,
292 590 424 637 crucem
458 578 491 638 61
522 576 779 639 tintinnabulum
807 578 880 643 sine
935 596 1023 641 anno
1042 581 1241 652 MCCXXIV,
1268 580 1482 657 pontificatus
1504 584 1734 645 1616166161

80 671 349 735 contradictione
359 672 506 749 qualibet
520 674 561 734 16
575 674 880 751 sedisapostolicae

79 769 220 830 licentia
245 769 414 842 deferatis,
436 771 470 832 et
488 771 633 847 signare,
652 787 692 832 ac
718 772 880 848 signando

77 865 292 939 benedIcere,
309 867 508 945 ubicumque
520 884 595 929 666
608 869 775 945 praedictIs
795 870 881 930 insi·

76 962 204 1039 gnibus
229 964 370 1037 fueritis,
400 965 475 1027 sine
496 966 766 1042 praesumptionis
788 968 877 1039 nota,

76 1060 230 1138 possitis,
254 1062 451 1124 auctoritate
484 1064 674 1138 Apostonea
696 1064 879 1125 conflrma-

75 1174 166 1225 mus,
185 1158 403 1220 salvatamen
418 1160 645 1221 moderatione
660 1161 800 1222 Consilii
814 1177 878 1237 ge-

74 1255 220 1316 neralis.
235 1256 419 1318 libertates
443 1273 585 1334 quoque,
607 1259 641 1319 61
661 1258 879 1321 rationabiles

75 1369 116 1414 ac
138 1353 342 1430 approbatas
364 1355 622 1416 consuetudines
639 1357 790 1417 ecclesiae
807 1357 879 1418 ,1666

73 1450 110 1509 16
124 1449 277 1522 61111616,
294 1450 431 1513 dioecesi
448 1452 502 1513 161
519 1453 695 1529 metropoli
714 1455 786 1530 ejus
811 1455 879 1515 tam

74 1548 169 1607 circa
198 1547 399 1623 spiritualia,
428 1565 527 1626 quam
553 1550 760 1626 temporalia,
794 1552 881 1612 sicut

72 1659 135 1705 eas
149 1645 244 1721 juste
263 1660 303 1704 ac
318 1645 457 1721 pacifice
475 1645 612 1719 obtinet,
630 1647 876 1708 confirmamus.

71 1741 122 1801 Ad
139 1740 216 1801 haec
238 1740 422 1803 districtius
446 1742 649 1812 inhibemus,
664 1744 793 1822 nequis
810 1745 880 1806 ter-

71 1853 145 1910 166,
167 1838 230 1900 661
250 1838 402 1900 homines
426 1841 532 1918 ipsius
552 1841 704 1903 ecclesiae
727 1842 880 1903 ubicum-

72 1951 141 2012 que
160 1936 359 2008 conststant,
377 1937 533 2000 indebitis
553 1939 587 1999 et
610 1938 755 2001 insolitis
769 1940 878 2000 servi-

72 2032 147 2104 tiis,
163 2032 220 2095 vel
232 2033 464 2095 exactionibus
479 2051 665 2111 aggravare
685 2036 875 2113 praesumat.

113 2132 286 2192 Praeterea
315 2131 393 2207 quia
418 2133 560 2194 ecclesia
589 2134 645 2194 tua
673 2133 790 2209 gravia
804 2133 876 2194 fre-

69 2228 218 2304 quenter
245 2227 368 2291 dicitur
399 2229 583 2291 incurrisse
611 2231 800 2306 dispendia,
834 2247 878 2292 ex

68 2338 111 2385 eo
139 2323 230 2400 quod
255 2324 519 2402 praedecessores
545 2326 595 2388 tui
621 2342 690 2387 non
718 2327 877 2389 adhibitis

68 2419 218 2482 testibus
239 2425 483 2485 consueverunt
504 2439 582 2484 suos
604 2424 777 2486 celebrare
791 2440 876 2486 con·

68 2518 203 2580 tractus
235 2539 244 2578 :
281 2520 432 2582 volentes
469 2520 680 2583 indemnitati
725 2523 797 2599 eius
840 2523 877 2582 in

69 2615 247 2692 posterum
261 2631 463 2692 praecavere,
477 2618 658 2681 districtius
673 2619 874 2692 inhibemus,

70 2727 115 2774 ne
141 2714 334 2774 contractus
357 2713 463 2790 ipsius
485 2716 634 2777 ecclesiae
655 2716 727 2778 sine
741 2717 876 2778 adhibi-

68 2810 165 2871 tione
189 2810 324 2871 testium
347 2811 531 2874 decaetero
553 2813 774 2886 celebrentur,
795 2816 829 2875 et
847 2814 876 2874 si

70 2908 132 2984 qui
161 2907 283 2968 amodo
310 2906 390 2970 facti
422 2907 548 2971 fuerint
570 2910 698 2972 viribus
724 2912 876 2980 careant,

69 3006 247 3081 tamquam
265 3007 382 3066 contra
396 3005 630 3069 inhibitionem
651 3009 876 3085 Apostolicam

69 3102 242 3165 attentati.
259 3103 474 3164 Decernimus
487 3120 579 3180 ergo,
594 3106 631 3166 ut
642 3105 727 3166 nulli
740 3106 876 3167 omnino

69 3199 251 3261 hominnm
265 3199 365 3261 116661
377 3200 548 3276 praefatam
562 3202 738 3263 ecclesiam
752 3205 877 3264 166616

70 3295 284 3374 perturbare,
301 3300 359 3359 aut
380 3299 453 3373 ejus
474 3300 707 3375 possessiones
731 3301 874 3372 auferre,

69 3393 128 3456 161
146 3392 279 3455 ablatas
299 3395 457 3466 retinere,
473 3395 637 3469 minuere,
659 3412 719 3458 seu
734 3397 876 3474 quibus·

70 3490 158 3553 libet
171 3490 415 3553 vexati0nibus
428 3491 586 3569 fatigare3
609 3494 669 3554 sed
692 3495 805 3556 omnia
822 3496 878 3556 in-

71 3587 170 3662 tegra
206 3590 448 3649 conserventur
482 3602 609 3660 eorum,
640 3605 700 3665 pro
736 3606 876 3667 quorum

71 3682 320 3760 gubernatione
331 3698 372 3745 66
381 3685 622 3747 sustentatione
633 3702 792 3749 concessa
800 3690 878 3751 sunt

71 3779 193 3843 usibus
223 3780 423 3842 omnimodis
451 3782 641 3858 profutura,
664 3784 757 3846 66116
782 3784 877 3846 Sedis

71 3876 279 3955 apostolice
293 3879 503 3940 auctoritate.
521 3881 557 3941 si
572 3895 637 3957 qua
657 3881 879 3956 1111611616-

73 3978 192 4038 turum
223 3974 463 4048 ecclesiastica,
492 3977 706 4040 saecularisve
734 3994 877 4055 persona

71 4073 164 4134 hanc
176 4074 301 4134 nostrae
317 4073 564 4135 constitutionis
583 4076 740 4151 paginam
754 4076 875 4147 sciens,

71 4170 194 4231 666116
218 4185 293 4231 eam
317 4172 443 4232 temere
464 4171 580 4233 venire
605 4173 793 4244 tentaverit,
818 4188 875 4234 se-

72 4267 878 4340 666161611616666666116,61611661666666

73 4379 226 4440 congrua
243 4362 687 4440 66116166116666611616111;
707 4368 878 4444 potestatis

72 4460 281 4537 honorisque
293 4461 346 4521 sui
359 4464 473 4523 careat
486 4462 658 4538 dignitate,
669 4480 827 4541 reamque
841 4480 878 4526 se

72 4558 190 4619 111166
207 4557 338 4635 judicio
358 4558 515 4630 existere,
534 4560 576 4621 de
597 4563 786 4637 perpetrata
810 4562 879 4622 ini·

74 4654 203 4732 quitata
218 4657 407 4730 cognoscat,
421 4657 454 4717 et
465 4671 486 4716 6
498 4657 728 4719 sacratissimo
739 4674 878 4736 corpore

73 4754 109 4813 et
132 4751 300 4827 sanguine
327 4752 397 4824 Dei,
426 4768 466 4814 ao
491 4754 623 4815 Domini
648 4756 879 4833 Redemptoris

74 4848 185 4910 nostri
200 4852 282 4912 Jesu
304 4849 427 4911 Christi
441 4849 552 4912 aliena
573 4850 640 4924 flat,
657 4853 756 4929 atque
768 4853 803 4913 in
818 4868 879 4913 ex-

73 4948 184 5008 tremo
200 4946 358 5007 examine
382 4946 541 5009 districtae
557 4948 729 5024 subjaceat
747 4950 876 5023 ultioni,

74 5042 211 5105 Cunctis
229 5043 340 5104 autem
353 5043 461 5105 61166
476 5045 549 5106 1666
564 5061 624 5106 666
637 5050 718 5123 jura
738 5062 879 5109 servan-

73 5138 166 5202 tibus
194 5140 240 5201 sit
263 5156 331 5217 pax
359 5141 491 5203 Domini
518 5142 875 5216 66661166601111611,

74 5238 242 5314 66616666
254 5238 289 5299 61
299 5237 356 5299 hic
369 5237 512 5300 fructum
527 5238 624 5302 bonae
641 5240 782 5301 actionis
794 5257 875 5318 per·

74 5334 216 5409 ciplant,
230 5334 264 5396 et
278 5333 365 5410 apud
380 5335 567 5397 districtum
576 5336 724 5413 jndicem
739 5339 877 5414 praemia

935 677 1074 741 Honorii
1089 693 1184 754 papae
1197 680 1242 739 111
1255 693 1344 740 anno
1364 679 1491 741 octavo.

1246 982 1418 1068 CCXVII

934 1133 986 1190 Ad
1000 1134 1197 1205 episcopam
1212 1132 1245 1192 et
1260 1135 1542 1195 archidiaconum
1558 1136 1731 1196 aretinos.

1227 1262 1260 1319 11
1275 1262 1343 1319 6611
1358 1263 1436 1321 1111.

1016 1384 1165 1449 illitterati,
1177 1384 1272 1436 Annei.
1292 1386 1443 1446 Concidet,
1457 1386 1501 1446 tv,
1513 1400 1574 1452 app.
1586 1386 1653 1450 1111]

934 1511 1051 1570 Mandat
1061 1519 1090 1569 ut
1099 1526 1215 1569 causam
1228 1510 1302 1569 inter
1310 1510 1411 1571 fratres
1417 1512 1533 1570 1161661
1541 1510 1735 1572 camaldulen·

969 1598 1735 1673 61661116666611661616661116,16166661611666666

969 1688 1105 1746 Senensis
1127 1696 1157 1745 et
1177 1688 1299 1747 clusinae
1318 1687 1475 1745 dioecesum
1494 1702 1580 1760 super
1596 1687 1733 1746 reforma·

969 1776 1046 1833 tione
1061 1777 1228 1834 monasterii
1248 1777 1284 1834 de
1297 1777 1370 1835 Vivo
1384 1777 1553 1834 existentem
1569 1775 1711 1834 decidant.

974 1902 1142 1964 Honorius
1178 1902 1371 1981 episcopus,
1407 1918 1526 1964 servus
1561 1918 1733 1964 servorum

933 2000 1008 2071 Dei,
1033 1999 1218 2062 venerabili
1245 1999 1342 2061 fratri
1368 2000 1524 2076 episcopo
1551 2000 1584 2061 et
1610 1999 1732 2062 dilecto

933 2096 1001 2157 tilio
1012 2097 1248 2158 archidiacono
1258 2096 1416 2169 Aretinis,
1429 2097 1570 2157 salutem
1583 2097 1616 2158 et
1629 2101 1735 2175 Apos-

932 2194 1066 2255 tolicam
1081 2193 1359 2255 benedictionem.

971 2291 1090 2353 Dilecti
1115 2290 1176 2351 tilii
1200 2292 1293 2368 prior
1315 2291 1349 2353 et
1374 2289 1494 2351 fratres
1510 2290 1644 2351 Heremi
1668 2292 1732 2352 Ga·

932 2388 1151 2449 maldulensis
1189 2403 1283 2449 suam
1316 2387 1359 2448 ad
1393 2402 1454 2447 nos
1481 2386 1732 2463 quaerimoniam

932 2485 1154 2557 desciuerunt,
1172 2485 1298 2561 quod...
1313 2484 1501 2546 116666666
1516 2483 1744 2569 1616661116ι

931 2585 964 2646 et
986 2584 1120 2661 quidam
1148 2582 1208 2643 alii
1234 2582 1347 2643 clerici
1371 2582 1405 2643 et
1427 2580 1507 2643 laidi
1527 2582 1685 2642 Senensis
1700 2584 1733 2643 et

932 2681 1075 2742 Clusinae
1089 2680 1267 2741 dioecesum
1283 2693 1384 2754 super
1396 2677 1634 2767 reformatione
1647 2678 1733 2756 ipso·

931 2794 1005 2838 166
1020 2776 1214 2838 6666616111
1229 2777 1269 2837 16
1282 2776 1366 2838 Vivo
1383 2789 1503 2851 graves
1518 2776 1567 2836 eis
1583 2775 1733 2836 existunt

931 2875 1110 2952 plurimum
1135 2874 1168 2934 et
1190 2873 1333 2934 6616611.
1359 2872 1502 2949 ideoque
1524 2870 1732 2933 fraternitati

930 2973 997 3034 tuae
1035 2985 1095 3049 per
1128 2969 1319 3048 apostolica
1358 2970 1482 3044 scripta
1521 2968 1730 3040 mandamus,

931 3068 1094 3146 quatenus
1109 3066 1260 3144 partibus
1281 3066 1471 3128 convocatis
1490 3065 1635 3125 audiatis
1650 3080 1734 3125 cau-

931 3182 1014 3235 sam,
1026 3166 1059 3228 61
1070 3165 1293 3243 appellatione
1305 3163 1444 3234 remota,
1457 3162 1522 3222 fine
1537 3161 1647 3223 debito
1661 3162 1733 3224 ter·

931 3264 1079 3335 minatis,
1113 3262 1274 3324 facientes
1307 3261 1393 3338 quod
1426 3258 1642 3321 decreveritis
1670 3273 1732 3335 per

932 3376 1106 3422 censuram
1119 3359 1380 3422 ecclesiasticam
1391 3357 1532 3418 tirmiter
1545 3355 1716 3418 observari

931 3458 1044 3519 Testes
1060 3459 1186 3529 autem,
1207 3458 1270 3519 etc.
1287 3455 1405 3517 Datum
1420 3453 1588 3525 Laterani,
1605 3454 1635 3514 ll
1652 3453 1730 3513 idus

932 3555 1024 3628 maii,
1042 3554 1254 3633 pontificatus
1269 3554 1374 3616 nostri
1387 3568 1475 3615 anno
1490 3551 1618 3614 octavo.

1197 3788 1200 3799 ’
1234 3838 1428 3926 corvin

1019 3992 1072 4052 Ad
1090 3989 1318 4064 praepositum
1339 3989 1373 4050 et
1390 3989 1579 4062 capitutum
1600 3989 1640 4047 de

1194 4088 1446 4162 Berperdorpe.

1228 4215 1340 4272 116611
1356 4214 1435 4273 1111.

963 4331 1148 4398 ceppenberg,
1158 4329 1295 4393 hamburg.
1305 4304 1522 4389 urkundenbuch,
1533 4328 1553 4388 1,
1563 4326 1696 4392 6116]

932 4461 989 4517 lios
1011 4472 1076 4515 666
1100 4454 1232 4514 omnibus
1253 4454 1336 4511 bonis
1355 4452 1407 4510 sub
1428 4452 1505 4510 beati
1528 4453 1602 4511 Petri
1626 4459 1656 4510 61
1677 4467 1729 4511 sua

1171 4543 1346 4615 protectione
1361 4541 1488 4613 suscipit.

972 4660 1645 4737 Honoriasepisoopus,servusservorum
1653 4658 1725 4729 Dei,

933 4760 1062 4821 dilectis
1082 4758 1160 4819 tiliis
1175 4756 1353 4834 praeposito
1368 4756 1401 4816 et
1413 4755 1559 4831 capitulo
1581 4754 1622 4815 de
1646 4758 1731 4815 Ber-

932 4857 1105 4933 gerdorpe,
1119 4855 1261 4916 salutem
1276 4855 1309 4915 et
1322 4852 1546 4929 Apostolioam
1565 4850 1725 4912 benedic-

932 4955 1069 5015 tionem.

971 5050 1075 5114 fustis
1105 5048 1286 5126 petentium
1315 5045 1491 5107 desideriis
1516 5044 1652 5119 dignum
1678 5044 1729 5107 est

932 5164 992 5209 666
1005 5147 1137 5208 facilem
1152 5144 1300 5221 praebere
1319 5158 1493 5204 assensum
1512 5140 1545 5202 et
1563 5140 1640 5201 1616
1655 5154 1729 5215 quae

932 5244 1111 5307 arationis
1134 5241 1267 5303 tramite
1288 5256 1355 5303 non
1379 5237 1581 5308 discordant,
1607 5236 1730 5298 effectu

932 5341 1151 5419 prosequente
1166 5338 1343 5415 complere.
1355 5334 1549 5411 Eapropter,
1565 5332 1677 5394 dilecti
1691 5333 1729 5395 16

75 5432 213 5493 aeternae
231 5430 325 5509 pacis
340 5431 525 5496 inueniant.
541 5437 659 5495 Amen.
676 5436 877 5497 11616616-
932 5439 1062 5499 Christo
1073 5437 1146 5509 tilii,
1157 5432 1385 5511 restrisjustis
1396 5430 1549 5508 precibus
1560 5428 1726 5502 inclinati,

74 5527 208 5600 ierani,
245 5543 305 5605 per
345 5544 480 5591 manum
524 5531 676 5606 magistri
716 5532 879 5594 cuidonis
932 5551 1093 5614 personas
1116 5533 1238 5596 vestris
1258 5530 1358 5608 justis
1383 5526 1536 5605 precibus
1562 5526 1728 5595 inclinati,

76 5623 206 5685 domini
233 5636 327 5700 papas
353 5627 487 5698 notarii,
513 5628 659 5689 secundo
683 5628 758 5689 idus
784 5630 875 5701 maii,
932 5616 1730 5705 66116616666166666166116666661116616-
