3886 6214
227 248 291 313 387

579 416 677 504 clx

254 569 320 630 Act
333 560 487 630 sebaim
501 567 536 628 et
550 567 758 630 manentum
777 569 985 633 monastero

393 667 428 727 S.
450 664 596 727 Victoris
616 666 854 728 massilensis.

528 794 560 852 ti
578 794 636 853 ‘ulii
649 794 729 853 iiie.

127 866 134 877 «
226 909 370 975 [Belsunce
383 906 515 973 mucules
524 909 555 959 ds
564 810 657 973 :eguus
669 909 700 960 de
709 909 842 969 llarscille,
857 906 920 970 cli,
934 925 961 977 p.
969 911 1022 977 Ut]

291 1024 317 1084 A
335 1023 533 1098 suspensionis
549 1024 691 1082 sententia
706 1023 743 1081 ab
757 1024 954 1083 Ebreduneusi

348 1112 566 1185 archiepiscopo
578 1113 688 1185 prolate
703 1128 755 1170 eos
766 1112 897 1171 sbsdnt.

262 1229 627 1306 Honoriusepiscopus,
643 1231 718 1302 etc,
731 1228 1021 1294 dilectistiliisab-

222 1326 292 1390 bati
316 1327 349 1390 et
374 1327 552 1389 conventui
588 1328 784 1389 monasterii
811 1329 844 1389 S.
874 1326 1020 1390 Victoris

223 1422 457 1496 Massiliensis,
476 1423 631 1495 salutem,
645 1422 709 1485 etc.

262 1520 393 1583 Auditis
407 1536 481 1598 quae
498 1520 591 1582 inere
602 1518 770 1599 proposita
784 1534 895 1583 coram
910 1520 1018 1598 nobis,

222 1633 324 1696 super
342 1630 502 1695 processu
526 1617 730 1680 visitationis
746 1628 845 1694 quam
866 1619 1019 1681 auctori-

220 1717 289 1779 tate
310 1714 479 1777 nostruin
502 1714 707 1777 monasterie
730 1716 853 1788 uestro,
873 1730 1019 1778 venera-

221 1813 301 1889 hilis
335 1812 441 1874 irater
471 1811 747 1889 archiepiscopus
773 1810 1021 1875 Ebredunensls

222 1908 398 1987 impendis
415 1908 648 1983 consideratis,
661 1910 736 1975 etc..
752 1909 884 1971 sternes
899 1910 1018 1987 prori-

221 2007 333 2069 dentia
352 2002 463 2083 potius
478 2021 576 2083 quam
593 2004 717 2081 rigore,
731 2005 925 2067 relaxamus
939 2021 1018 2068 sns-

221 2104 392 2182 pensionis
418 2100 618 2165 sententiam
637 2102 674 2162 in
694 2103 741 2171 te,
768 2100 817 2164 iili
838 2100 953 2175 abbas,
976 2100 1019 2165 al)

218 2202 336 2263 eodem
372 2198 625 2277 archiepiscopo
652 2198 910 2279 promulgatam,
940 2201 1017 2273 etc,

221 2298 271 2359 sic
286 2299 319 2359 at
331 2294 369 2359 tu
383 2312 458 2359 cum
473 2295 615 2359 consilio
635 2295 776 2358 fratrum
798 2296 833 2358 in
849 2300 1020 2360 monaste-

221 2396 274 2457 rio
289 2392 518 2465 residentium,
539 2390 596 2469 qul
618 2392 799 2454 secundum
814 2394 965 2470 regulam
979 2396 1017 2455 B.

222 2490 393 2553 Benedicti
411 2488 535 2552 luerint
549 2488 712 2552 evocandi
731 2490 801 2552 tres
820 2490 937 2566 eligas,
954 2492 1017 2553 etc.

222 2587 384 2651 Volumus
406 2588 443 2649 ut
462 2586 499 2650 tn
527 2584 630 2649 abbas
657 2584 840 2649 secundum
868 2584 1018 2666 regulam

222 2686 343 2763 punias
366 2683 608 2762 delinquentes,
629 2685 691 2746 etc.
716 2684 803 2745 Sane
824 2685 1017 2747 concessio-

223 2794 300 2844 nem
325 2780 570 2859 archiepiscopi
589 2779 711 2842 lactmn
735 2779 776 2842 de
800 2780 950 2858 prioratu
977 2781 1019 2843 de

222 2878 325 2941 'initis
352 2878 531 2941 conventui
562 2876 871 2939 sanctimonialium
901 2876 1018 2939 domus

224 2975 338 3039 Sancti
347 2973 1018 3053 zachariaesicvclumusobserrari,qnod

223 3073 374 3152 ejusdem
397 3072 526 3144 domus,
555 3069 676 3132 debitis
703 3071 893 3148 persolutis,
909 3071 1018 3133 dictus

223 3171 391 3249 prioratus
405 3169 447 3231 ad
463 3169 703 3231 monasterinm
728 3168 841 3231 Sancti
860 3169 1017 3242 Victoris,

224 3268 321 3346 prout
334 3267 409 3329 erat
421 3266 532 3336 antea,
548 3264 748 3327 revertatur.
764 3264 901 3342 Adtento
915 3265 1020 3326 nihil·

223 3361 511 3440 ominus,quodad
522 3361 818 3425 revocationemde
830 3361 1017 3435 sexfurnis,

224 3461 266 3522 de
284 3461 385 3533 Nant,
403 3459 444 3519 de
463 3459 587 3520 Pennis
602 3458 638 3520 et
656 3458 698 3520 de
716 3460 748 3518 8.
767 3458 958 3532 Satumlno,
978 3459 1019 3521 de

221 3559 337 3619 dasiro
351 3554 479 3631 Regali,
496 3557 571 3626 etc,
588 3555 752 3617 sidonius
766 3554 808 3616 de
823 3554 913 3627 Sela,
938 3556 1016 3629 etc,

221 3652 314 3716 dabit
324 3669 420 3731 opem
432 3653 466 3714 et
476 3664 622 3729 operam.
633 3653 752 3713 ilatum
763 3651 934 3727 Signiaev
942 3652 1019 3716 idus

221 3744 542 3831 juill,'poutltlcatus
553 3748 660 3811 nostri
674 3762 763 3810 anno
783 3748 937 3826 septimo.

846 252 1024 318 nonnuli
1043 254 1091 317 lli
1110 254 1261 319 nem.
1803 264 1868 327 m

1078 413 1112 475 et
1123 413 1328 491 protectione
1339 428 1489 478 manne.
1504 415 1598 480 Licet
1620 418 1733 481 antem
1753 419 1854 484 dien·

1077 511 1130 572 ter
1143 509 1597 586 ausurasmnsmomnlins,
1613 518 1855 597 perqnaeimps·

1078 606 1172 671 rator
1191 609 1349 684 rapuisse
1372 622 1411 671 se
1433 610 1547 685 possm
1568 609 1693 673 otiandi
1716 615 1851 689 unciis

1078 703 1155 780 qnia
1170 706 1282 767 tumen
1294 703 1338 767 als
1352 719 1443 769 anuo
1458 707 1638 783 praeterito,
1655 710 1774 785 quoad
1786 728 1855 788 para

1076 800 1127 863 tes
1142 800 1224 865 istus
1249 801 1336 865 idem
1358 818 1472 867 comes
1495 805 1637 869 acceoeit
1660 821 1720 883 per
1732 823 1813 881 eum,
1823 812 1854 874 et

1077 897 1162 959 alios
1173 898 1411 972 intelleximus,
1427 900 1513 977 quod
1528 900 1570 963 sb
1588 901 1709 965 eodem
1723 903 1853 982 inspers-

1075 996 1147 1057 tore
1158 995 1852 1068 liuersssecuriutisusueontievouonen

1075 1094 1221 1156 vestram
1236 1108 1419 1166 monemus.
1435 1096 1469 1161 et
1484 1095 1659 1161 hortemur
1668 1099 1791 1163 suein
1802 1114 1853 1177 per

1075 1190 1264 1266 Apostolicu
1278 1187 1373 1257 voirs
1390 1192 1517 1269 scripta
1530 1194 1739 1268 modestes
1753 1200 1852 1273 quan-

1075 1302 1138 1348 nus
1164 1301 1241 1351 cum
1266 1290 1425 1366 unquam
1453 1290 1573 1353 secuse
1598 1293 1805 1368 protectioni,
1825 1296 1852 1358 st

1075 1386 1250 1449 securitati
1272 1388 1480 1464 suppositum
1498 1404 1574 1451 cum
1589 1389 1730 1462 inmitis,
1744 1392 1777 1456 et
1787 1407 1851 1454 on·

1075 1481 1173 1545 uibus
1206 1482 1284 1544 aliis
1312 1482 1409 1547 boum
1433 1485 1505 1545 suis
1539 1484 1693 1551 habeatis
1721 1502 1850 1564 propen-

1074 1579 1145 1640 sius
1170 1581 1450 1654 commendstum,
1475 1585 1510 1647 et
1536 1582 1676 1660 insuper
1699 1584 1849 1649 honoram

1074 1677 1218 1753 wratis,
1234 1693 1309 1743 cum
1323 1679 1357 1741 et
1369 1679 1442 1757 ipse
1458 1680 1504 1743 sit
1519 1679 1610 1753 tuiis,
1626 1681 1668 1743 de
1678 1697 1745 1759 quo
1756 1681 1848 1754 vein,

1074 1776 1108 1841 et
1119 1774 1250 1839 ciuitati
1264 1777 1385 1841 vestre
1403 1778 1512 1853 potest
1526 1778 1655 1843 utilitas
1676 1780 1848 1855 provenire

1113 1872 1232 1937 Datum
1247 1872 1384 1949 Signis,
1400 1875 1444 1935 iv
1454 1873 1532 1939 idus
1544 1874 1636 1952 julii,
1652 1875 1849 1953 pontificatus

1074 1967 1181 2035 uestri
1193 1981 1282 2035 suno
1306 1970 1458 2047 septime

1183 2392 1235 2455 Ae
1259 2396 1455 2471 episcopum
1476 2398 1510 2458 et
1527 2396 1757 2474 meantem

1339 2496 1604 2568 foroiulienses.
1691 2572 1696 2579 ὑ

1357 2618 1390 2680 {3
1401 2622 1465 2697 iulii
1481 2622 1561 2682 2223.

1087 2742 1233 2809 [Βοίιηηω.
1240 2744 1379 2810 Antiquitct
1387 2747 1420 2798 de
1431 2746 1527 2811 lucino
1534 2747 1706 2811 consmilis,
1716 2749 1748 2807 ii,
1760 2763 1784 2814 p.
1792 2746 1837 2813 it]

1073 2869 1109 2926 tlt
1123 2875 1250 2942 poncias
1263 2876 1292 2926 et
1305 2882 1460 2928 commune
1471 2871 1668 2930 liaditanscs
1680 2881 1846 2945 missaper·

1157 2964 1215 3015 nm
1229 2958 1316 3015 carisa
1329 2956 1424 3017 abbati
1436 2960 1466 3017 s.
1482 2960 1606 3019 viciens
1618 2961 1778 3019 minant

1112 3092 1292 3164 Honorius,
1305 3095 1381 3165 etc,
1391 3090 1576 3155 venerabili
1588 3092 1686 3159 iiatrl
1697 3094 1846 3172 episcopo,

1073 3187 1106 3257 et
1118 3186 1239 3249 dilecto
1254 3187 1323 3250 nilo
1338 3191 1517 3268 praeposito
1530 3191 1763 3270 Foroiuliensi,
1777 3189 1850 3251 salu·

1072 3285 1227 3357 temeto.
1664 3282 1668 3289 '

1112 3380 1259 3444 Dilectus
1274 3379 1363 3444 lilius
1378 3380 1480 3445 abhas
1492 3382 1605 3447 Sancti
1617 3384 1761 3447 Victoris
1771 3384 1849 3444 llas·

1073 3477 1219 3540 siliensis
1233 3477 1388 3556 exposuit
1401 3494 1512 3541 coram
1523 3479 1630 3552 nobis,
1648 3476 1732 3559 qnod
1747 3482 1847 3558 potes·

1075 3576 1124 3636 tas
1137 3578 1170 3637 et
1183 3590 1356 3638 commune
1368 3576 1578 3638 Massiliense
1593 3580 1720 3640 sextam
1735 3576 1847 3655 partem

1073 3671 1176 3733 cnriae
1186 3672 1469 3748 etjurisdlctlonis
1484 3672 1631 3735 civitatis
1642 3669 1847 3735 Massiliensis

1074 3768 1115 3829 ad
1131 3784 1227 3830 sunm
1242 3770 1480 3832 monasterium
1502 3769 1542 3832 dc
1559 3772 1638 3849 jure
1660 3770 1846 3849 spectantem

1074 3862 1209 3938 detinet,
1239 3866 1301 3928 etc.
1331 3865 1492 3940 Quocirca
1521 3865 1717 3930 discretioni
1743 3867 1847 3928 vestre
1913 3841 1914 3918 I

1074 3977 1134 4039 lter
1147 3962 1337 4040 Apostolica
1363 3962 1487 4040 scripta
1507 3963 1715 4034 mandamns,
1743 3960 1847 4041 qnate-

1073 4074 1149 4128 nus,
1164 4061 1227 4121 etc.
1245 4060 1362 4122 Datum
1379 4056 1515 4136 Signiae,
1527 4060 1575 4122 111
1584 4059 1661 4123 idus
1671 4060 1761 4141 julii,
1773 4070 1846 4137 pou·

563 4057 679 4146 clxi
1910 4080 1912 4197 l

366 4211 878 4275 Ademmslesreccaciseuses.
1908 4206 1911 4335 1

524 4336 727 4411 essuries.
1907 4350 1910 4487 l

374 4461 516 4527 [conrasi.
533 4459 626 4511 anor.
642 4458 782 4521 semen„
802 4460 869 4528 resp
996 4478 999 4481 ¹
1390 4444 1549 4537 CLXIII

191 4594 195 4611 .
228 4572 286 4630 Eos
304 4574 451 4668 monetet
469 4566 598 4625 hortatur
616 4573 647 4623 ut
669 4566 802 4669 comitem
817 4566 1019 4638 Alemannum,
1076 4616 1080 4623 .
1128 4599 1807 4674 Adarcmepmopos‚ep1300posetaitos

262 4673 329 4717 cum
344 4654 451 4714 ismrlls
464 4662 493 4713 et
503 4653 637 4714 omnibus
645 4652 727 4712 bouis
739 4669 800 4712 suus
809 4654 935 4714 habeant
943 4671 1020 4713 com·
1250 4696 1415 4769 proemtos
1448 4699 1685 4761 emnam,

262 4744 439 4804 mandatum.

1365 4824 1400 4881 ll
1413 4824 1476 4898 iulii
1492 4825 1572 4884 itit.

1193 4946 1271 5013 [suu.
1283 4946 1368 5007 Rom,
1390 4946 1430 4998 ed.
1444 4948 1519 4998 Taur.
1534 4948 1577 5008 lli,
1590 4948 1646 5007 389,
1658 4964 1684 4999 n.
1694 4947 1746 5014 os]

1073 4155 1219 4219 tiilcatus
1233 4156 1338 4219 nonni
1352 4170 1441 4219 anno
1458 4156 1610 4234 septimo.

265 4870 434 4934 Honorius
443 4867 758 4946 episcopusservus
769 4868 1018 4942 mavorumDei,

227 4966 356 5031 dilectis
372 4966 451 5027 tiliis
463 4964 658 5027 consulibus
671 4965 855 5039 Terraciu„
876 4966 1020 5029 salutem

226 5069 261 5129 et
271 5063 494 5142 Apostolicam
506 5060 783 5125 benedictionem.
1074 5058 1207 5120 mndata
1219 5061 1269 5119 dat
1281 5069 1379 5120 contra
1394 5062 1458 5120 illos
1469 5063 1517 5135 qui
1532 5061 1620 5121 salsas
1629 5064 1760 5137 reliquias
1772 5066 1797 5118 et
1808 5056 1842 5114 lii·

267 5164 317 5225 lix
330 5160 452 5222 litteris
466 5158 587 5223 vestris
597 5158 798 5235 accepimus,
815 5158 901 5235 quod
915 5158 1018 5221 nobi·
1108 5158 1185 5207 toras
1199 5150 1316 5207 ”Omine
1330 5151 1358 5209 S·
1374 5150 1490 5209 Antonii
1515 5151 1700 5229 preferentes
1713 5151 1846 5216 eleeffloet'·

229 5262 272 5322 lis
295 5259 347 5321 uir
362 5272 472 5319 comes
493 5254 696 5317 Alamannus
715 5269 790 5316 cum
812 5254 964 5327 nauibus,
988 5258 1021 5320 ct
1109 5250 1162 5338 ΜΡ
1174 5236 1209 5295 ³⁶
1222 5252 1463 5338 ⁰9⁰⁸13⁸¹190f¹¹¹¹¹
1477 5247 1525 5297 aut
1537 5240 1632 5297 verius
1647 5240 1843 5308 sdlcxumpro·

229 5357 305 5422 aliis
314 5354 406 5419 unsis
420 5353 491 5414 suis
505 5366 612 5431 nuper
620 5349 781 5428 applicuit
790 5351 1018 5428 Terracinam3
1110 5340 1202 5398 ΡΜ
1217 5340 1233 5383 ³
1249 5324 1379 5384 flde¹¹b¹¹³
1394 5333 1573 5400 ⁰x¹⁰fq¹¹⁸¹¹t

229 5453 286 5530 qui
300 5467 376 5514 cnm
384 5449 432 5512 ibi
442 5446 810 5528 proponataliquandiu
821 5448 1019 5511 commorari
1114 5450 1283 5513 Honorius
1311 5451 1500 5530 episcopus,
1536 5468 1656 5515 sersus
1696 5457 1844 5514 servorum

230 5548 316 5625 apud
331 5561 402 5619 uos,
423 5542 591 5608 desiderat
615 5541 677 5606 sub
703 5546 819 5606 nostra
842 5544 1020 5608 securitate
1075 5546 1405 5620 Dei,senerahilibns
1421 5547 1578 5610 iratribus
1593 5540 1841 5627 archiepiscopis,
