<?xml version="1.0" encoding="UTF-8"?>
<!DOCTYPE html PUBLIC "-//W3C//DTD XHTML 1.0 Transitional//EN"
    "http://www.w3.org/TR/xhtml1/DTD/xhtml1-transitional.dtd">
<html xmlns="http://www.w3.org/1999/xhtml" xml:lang="en" lang="en">
 <head>
  <title>
</title>
<meta http-equiv="Content-Type" content="text/html;charset=utf-8" />
  <meta name='ocr-system' content='tesseract 3.04.00' />
  <meta name='ocr-capabilities' content='ocr_page ocr_carea ocr_par ocr_line ocrx_word'/>
</head>
<body>
  <div class='ocr_page' id='page_1' title='image "./mediiaevibiblio04bottgoog_0335.png"; bbox 0 0 3930 6206; ppageno 0'>
   <div class='ocr_carea' id='block_1_1' title="bbox 833 306 1866 369">
    <p class='ocr_par' dir='ltr' id='par_1_1' title="bbox 833 306 1866 369">
     <span class='ocr_line' id='line_1_1' title="bbox 833 306 1866 369; baseline 0.003 -3"><span class='ocrx_word' id='word_1_1' title='bbox 833 306 1007 368; x_wconf 88' lang='lat' dir='ltr'>HONORII</span> <span class='ocrx_word' id='word_1_2' title='bbox 1029 306 1073 367; x_wconf 90' lang='lat' dir='ltr'>ill</span> <span class='ocrx_word' id='word_1_3' title='bbox 1095 308 1243 369; x_wconf 80' lang='lat' dir='ltr'>OPERA.</span> <span class='ocrx_word' id='word_1_4' title='bbox 1808 310 1866 369; x_wconf 71' lang='lat'>640</span> 
     </span>
    </p>
   </div>
   <div class='ocr_carea' id='block_1_2' title="bbox 215 312 279 377">
    <p class='ocr_par' dir='ltr' id='par_1_2' title="bbox 215 312 279 377">
     <span class='ocr_line' id='line_1_2' title="bbox 215 312 279 377; baseline -0.016 0"><span class='ocrx_word' id='word_1_5' title='bbox 215 312 279 377; x_wconf 77' lang='grc'>639</span> 
     </span>
    </p>
   </div>
   <div class='ocr_carea' id='block_1_3' title="bbox 215 464 1867 950">
    <p class='ocr_par' dir='ltr' id='par_1_3' title="bbox 215 464 1867 950">
     <span class='ocr_line' id='line_1_3' title="bbox 216 464 1863 548; baseline -0.005 -14"><span class='ocrx_word' id='word_1_6' title='bbox 216 473 281 544; x_wconf 89' lang='lat' dir='ltr'>nis,</span> <span class='ocrx_word' id='word_1_7' title='bbox 309 484 383 548; x_wconf 73' lang='grc'>333</span> <span class='ocrx_word' id='word_1_8' title='bbox 410 470 446 529; x_wconf 90' lang='lat' dir='ltr'>in</span> <span class='ocrx_word' id='word_1_9' title='bbox 480 464 732 545; x_wconf 73' lang='lat' dir='ltr'><strong>praesentiarum</strong></span> <span class='ocrx_word' id='word_1_10' title='bbox 767 464 1012 527; x_wconf 79' lang='lat' dir='ltr'>rationabiliter</span> <span class='ocrx_word' id='word_1_11' title='bbox 1067 466 1141 541; x_wconf 86' lang='lat' dir='ltr'>quis</span> <span class='ocrx_word' id='word_1_12' title='bbox 1175 468 1287 527; x_wconf 87' lang='lat' dir='ltr'>eutem</span> <span class='ocrx_word' id='word_1_13' title='bbox 1314 466 1377 527; x_wconf 86' lang='lat' dir='ltr'>hoo</span> <span class='ocrx_word' id='word_1_14' title='bbox 1405 467 1571 527; x_wconf 71' lang='lat' dir='ltr'>edentme</span> <span class='ocrx_word' id='word_1_15' title='bbox 1599 467 1863 542; x_wconf 80' lang='lat' dir='ltr'>praesumpserit,</span> 
     </span>
     <span class='ocr_line' id='line_1_4' title="bbox 216 552 1866 648; baseline -0.005 -16"><span class='ocrx_word' id='word_1_16' title='bbox 216 568 373 648; x_wconf 82' lang='lat' dir='ltr'>possidet,</span> <span class='ocrx_word' id='word_1_17' title='bbox 391 567 495 628; x_wconf 88' lang='lat' dir='ltr'>autin</span> <span class='ocrx_word' id='word_1_18' title='bbox 511 563 768 640; x_wconf 77' lang='lat' dir='ltr'>luturumJustis</span> <span class='ocrx_word' id='word_1_19' title='bbox 785 562 904 634; x_wconf 90' lang='lat' dir='ltr'>modis,</span> <span class='ocrx_word' id='word_1_20' title='bbox 921 578 1011 639; x_wconf 82' lang='lat' dir='ltr'>prae-</span> <span class='ocrx_word' id='word_1_21' title='bbox 1065 562 1327 638; x_wconf 87' lang='lat' dir='ltr'>indignationem</span> <span class='ocrx_word' id='word_1_22' title='bbox 1336 552 1571 638; x_wconf 80' lang='lat' dir='ltr'>omnipotentis</span> <span class='ocrx_word' id='word_1_23' title='bbox 1580 563 1640 623; x_wconf 87' lang='lat' dir='ltr'>Dei</span> <span class='ocrx_word' id='word_1_24' title='bbox 1648 564 1683 623; x_wconf 90' lang='lat' dir='ltr'>et</span> <span class='ocrx_word' id='word_1_25' title='bbox 1691 562 1866 623; x_wconf 86' lang='lat' dir='ltr'>beatorum</span> 
     </span>
     <span class='ocr_line' id='line_1_5' title="bbox 216 658 1867 738; baseline -0.005 -8"><span class='ocrx_word' id='word_1_26' title='bbox 216 668 323 730; x_wconf 85' lang='lat' dir='ltr'>stante</span> <span class='ocrx_word' id='word_1_27' title='bbox 347 663 497 733; x_wconf 87' lang='lat' dir='ltr'>Domino,</span> <span class='ocrx_word' id='word_1_28' title='bbox 525 662 646 738; x_wconf 88' lang='lat' dir='ltr'>poterit</span> <span class='ocrx_word' id='word_1_29' title='bbox 669 660 821 736; x_wconf 83' lang='lat' dir='ltr'>adipisci,</span> <span class='ocrx_word' id='word_1_30' title='bbox 838 659 899 720; x_wconf 88' lang='lat' dir='ltr'>sub</span> <span class='ocrx_word' id='word_1_31' title='bbox 921 658 1012 720; x_wconf 88' lang='lat' dir='ltr'>beati</span> <span class='ocrx_word' id='word_1_32' title='bbox 1066 660 1156 720; x_wconf 89' lang='lat' dir='ltr'>Petri</span> <span class='ocrx_word' id='word_1_33' title='bbox 1170 662 1204 720; x_wconf 91' lang='lat' dir='ltr'>et</span> <span class='ocrx_word' id='word_1_34' title='bbox 1217 659 1324 729; x_wconf 88' lang='lat' dir='ltr'>Pauli,</span> <span class='ocrx_word' id='word_1_35' title='bbox 1340 660 1563 735; x_wconf 89' lang='lat' dir='ltr'>apostolorum</span> <span class='ocrx_word' id='word_1_36' title='bbox 1576 662 1661 735; x_wconf 81' lang='lat' dir='ltr'>eJ&#39;us,</span> <span class='ocrx_word' id='word_1_37' title='bbox 1677 675 1716 719; x_wconf 90' lang='lat' dir='ltr'>se</span> <span class='ocrx_word' id='word_1_38' title='bbox 1736 660 1867 721; x_wconf 75' lang='lat' dir='ltr'>noverit</span> 
     </span>
     <span class='ocr_line' id='line_1_6' title="bbox 215 756 1865 834; baseline -0.007 -7"><span class='ocrx_word' id='word_1_39' title='bbox 215 762 306 827; x_wconf 91' lang='lat' dir='ltr'>Petri</span> <span class='ocrx_word' id='word_1_40' title='bbox 339 763 371 823; x_wconf 92' lang='lat' dir='ltr'>et</span> <span class='ocrx_word' id='word_1_41' title='bbox 405 760 519 821; x_wconf 87' lang='lat' dir='ltr'>nostra</span> <span class='ocrx_word' id='word_1_42' title='bbox 558 757 763 834; x_wconf 89' lang='lat' dir='ltr'>protectione</span> <span class='ocrx_word' id='word_1_43' title='bbox 799 757 1010 833; x_wconf 71' lang='lat' dir='ltr'>suscipimus,</span> <span class='ocrx_word' id='word_1_44' title='bbox 1065 756 1289 821; x_wconf 85' lang='lat' dir='ltr'>incursurum,</span> <span class='ocrx_word' id='word_1_45' title='bbox 1306 759 1424 817; x_wconf 86' lang='lat' dir='ltr'>Datum</span> <span class='ocrx_word' id='word_1_46' title='bbox 1440 757 1610 826; x_wconf 74' lang='lat' dir='ltr'>Laterani,</span> <span class='ocrx_word' id='word_1_47' title='bbox 1629 759 1661 816; x_wconf 93' lang='grc' dir='ltr'>ΙΙ</span> <span class='ocrx_word' id='word_1_48' title='bbox 1680 756 1759 816; x_wconf 88' lang='lat' dir='ltr'>idus</span> <span class='ocrx_word' id='word_1_49' title='bbox 1773 757 1865 824; x_wconf 87' lang='lat' dir='ltr'>maii,</span> 
     </span>
     <span class='ocr_line' id='line_1_7' title="bbox 216 853 1640 950; baseline -0.008 -26"><span class='ocrx_word' id='word_1_50' title='bbox 216 859 411 939; x_wconf 86' lang='lat' dir='ltr'>Specialiter</span> <span class='ocrx_word' id='word_1_51' title='bbox 434 856 549 917; x_wconf 87' lang='lat' dir='ltr'>&#39;autem</span> <span class='ocrx_word' id='word_1_52' title='bbox 577 854 818 932; x_wconf 84' lang='lat' dir='ltr'>possessiones,</span> <span class='ocrx_word' id='word_1_53' title='bbox 844 856 953 916; x_wconf 90' lang='lat' dir='ltr'>terras</span> <span class='ocrx_word' id='word_1_54' title='bbox 980 854 1013 914; x_wconf 89' lang='lat' dir='ltr'>et</span> <span class='ocrx_word' id='word_1_55' title='bbox 1066 853 1276 950; x_wconf 48' lang='lat' dir='ltr'>pontificatus</span> <span class='ocrx_word' id='word_1_56' title='bbox 1290 854 1640 915; x_wconf 82' lang='lat' dir='ltr'>nostriannooctaro.</span> 
     </span>
    </p>
   </div>
   <div class='ocr_carea' id='block_1_4' title="bbox 213 952 1013 2183">
    <p class='ocr_par' dir='ltr' id='par_1_4' title="bbox 213 952 1013 2183">
     <span class='ocr_line' id='line_1_8' title="bbox 215 952 1013 1028; baseline -0.011 -9"><span class='ocrx_word' id='word_1_57' title='bbox 215 960 283 1020; x_wconf 88' lang='lat' dir='ltr'>alia</span> <span class='ocrx_word' id='word_1_58' title='bbox 306 957 393 1018; x_wconf 87' lang='lat' dir='ltr'>bona</span> <span class='ocrx_word' id='word_1_59' title='bbox 408 955 530 1025; x_wconf 89' lang='lat' dir='ltr'>vestra,</span> <span class='ocrx_word' id='word_1_60' title='bbox 547 954 633 1014; x_wconf 90' lang='lat' dir='ltr'>sicut</span> <span class='ocrx_word' id='word_1_61' title='bbox 652 967 691 1014; x_wconf 88' lang='lat' dir='ltr'>ea</span> <span class='ocrx_word' id='word_1_62' title='bbox 714 952 824 1012; x_wconf 91' lang='lat' dir='ltr'>omnia</span> <span class='ocrx_word' id='word_1_63' title='bbox 837 954 939 1028; x_wconf 91' lang='lat' dir='ltr'>juste,</span> <span class='ocrx_word' id='word_1_64' title='bbox 954 966 1013 1011; x_wconf 91' lang='lat' dir='ltr'>ca-</span> 
     </span>
     <span class='ocr_line' id='line_1_9' title="bbox 214 1047 1012 1129; baseline -0.01 -13"><span class='ocrx_word' id='word_1_65' title='bbox 214 1055 334 1116; x_wconf 87' lang='lat' dir='ltr'>nonice</span> <span class='ocrx_word' id='word_1_66' title='bbox 356 1069 394 1114; x_wconf 87' lang='lat' dir='ltr'>ac</span> <span class='ocrx_word' id='word_1_67' title='bbox 414 1051 551 1129; x_wconf 87' lang='lat' dir='ltr'>pacifice</span> <span class='ocrx_word' id='word_1_68' title='bbox 570 1049 758 1126; x_wconf 89' lang='lat' dir='ltr'>possidetis,</span> <span class='ocrx_word' id='word_1_69' title='bbox 777 1047 871 1111; x_wconf 82' lang='lat' dir='ltr'>robis</span> <span class='ocrx_word' id='word_1_70' title='bbox 894 1050 927 1109; x_wconf 91' lang='lat' dir='ltr'>et</span> <span class='ocrx_word' id='word_1_71' title='bbox 940 1064 1012 1124; x_wconf 79' lang='lat' dir='ltr'>-per</span> 
     </span>
     <span class='ocr_line' id='line_1_10' title="bbox 214 1146 1011 1222; baseline -0.011 -7"><span class='ocrx_word' id='word_1_72' title='bbox 214 1169 273 1216; x_wconf 86' lang='lat' dir='ltr'>vos</span> <span class='ocrx_word' id='word_1_73' title='bbox 296 1149 446 1213; x_wconf 89' lang='lat' dir='ltr'>eeclesiae</span> <span class='ocrx_word' id='word_1_74' title='bbox 469 1150 587 1209; x_wconf 86' lang='lat' dir='ltr'>vestrae</span> <span class='ocrx_word' id='word_1_75' title='bbox 603 1147 801 1208; x_wconf 88' lang='lat' dir='ltr'>auctoritate</span> <span class='ocrx_word' id='word_1_76' title='bbox 820 1146 1011 1222; x_wconf 77' lang='lat' dir='ltr'>apostolica</span> 
     </span>
     <span class='ocr_line' id='line_1_11' title="bbox 214 1242 1010 1321; baseline -0.01 -10"><span class='ocrx_word' id='word_1_77' title='bbox 214 1248 458 1317; x_wconf 89' lang='lat' dir='ltr'>confirmamus,</span> <span class='ocrx_word' id='word_1_78' title='bbox 469 1247 501 1306; x_wconf 91' lang='lat' dir='ltr'>et</span> <span class='ocrx_word' id='word_1_79' title='bbox 511 1243 685 1321; x_wconf 86' lang='lat' dir='ltr'>praesentis</span> <span class='ocrx_word' id='word_1_80' title='bbox 696 1244 811 1320; x_wconf 86' lang='lat' dir='ltr'>scripti</span> <span class='ocrx_word' id='word_1_81' title='bbox 824 1242 1010 1320; x_wconf 91' lang='lat' dir='ltr'>patrocinio</span> 
     </span>
     <span class='ocr_line' id='line_1_12' title="bbox 215 1340 1010 1416; baseline -0.013 -8"><span class='ocrx_word' id='word_1_82' title='bbox 215 1345 468 1408; x_wconf 89' lang='lat' dir='ltr'>communimus.</span> <span class='ocrx_word' id='word_1_83' title='bbox 484 1341 575 1402; x_wconf 91' lang='lat' dir='ltr'>Nulli</span> <span class='ocrx_word' id='word_1_84' title='bbox 593 1356 673 1416; x_wconf 88' lang='lat' dir='ltr'>ergo</span> <span class='ocrx_word' id='word_1_85' title='bbox 688 1340 822 1402; x_wconf 92' lang='lat' dir='ltr'>omnino</span> <span class='ocrx_word' id='word_1_86' title='bbox 838 1341 1010 1403; x_wconf 85' lang='lat' dir='ltr'>bominum</span> 
     </span>
     <span class='ocr_line' id='line_1_13' title="bbox 214 1437 1012 1517; baseline -0.005 -13"><span class='ocrx_word' id='word_1_87' title='bbox 214 1443 315 1504; x_wconf 92' lang='lat' dir='ltr'>liceat</span> <span class='ocrx_word' id='word_1_88' title='bbox 335 1441 422 1502; x_wconf 87' lang='lat' dir='ltr'>hanc</span> <span class='ocrx_word' id='word_1_89' title='bbox 434 1439 589 1517; x_wconf 82' lang='lat' dir='ltr'>paginam</span> <span class='ocrx_word' id='word_1_90' title='bbox 605 1440 727 1499; x_wconf 86' lang='lat' dir='ltr'>nostrae</span> <span class='ocrx_word' id='word_1_91' title='bbox 747 1437 962 1513; x_wconf 89' lang='lat' dir='ltr'>protectionis</span> <span class='ocrx_word' id='word_1_92' title='bbox 978 1440 1012 1500; x_wconf 90' lang='lat' dir='ltr'>et</span> 
     </span>
     <span class='ocr_line' id='line_1_14' title="bbox 215 1533 1011 1609; baseline -0.008 -9"><span class='ocrx_word' id='word_1_93' title='bbox 215 1536 477 1601; x_wconf 77' lang='lat' dir='ltr'>confirmationis</span> <span class='ocrx_word' id='word_1_94' title='bbox 492 1534 684 1609; x_wconf 87' lang='lat' dir='ltr'>infringere,</span> <span class='ocrx_word' id='word_1_95' title='bbox 699 1533 751 1594; x_wconf 86' lang='lat' dir='ltr'>rei</span> <span class='ocrx_word' id='word_1_96' title='bbox 762 1534 793 1594; x_wconf 90' lang='lat' dir='ltr'>ei</span> <span class='ocrx_word' id='word_1_97' title='bbox 807 1551 891 1594; x_wconf 86' lang='lat' dir='ltr'>ausu</span> <span class='ocrx_word' id='word_1_98' title='bbox 906 1534 1011 1594; x_wconf 89' lang='lat' dir='ltr'>teme-</span> 
     </span>
     <span class='ocr_line' id='line_1_15' title="bbox 214 1631 1010 1707; baseline -0.006 -10"><span class='ocrx_word' id='word_1_99' title='bbox 214 1636 305 1697; x_wconf 86' lang='lat' dir='ltr'>rario</span> <span class='ocrx_word' id='word_1_100' title='bbox 320 1634 497 1695; x_wconf 88' lang='lat' dir='ltr'>contraire.</span> <span class='ocrx_word' id='word_1_101' title='bbox 507 1632 542 1691; x_wconf 86' lang='lat' dir='ltr'>Si</span> <span class='ocrx_word' id='word_1_102' title='bbox 558 1632 631 1707; x_wconf 86' lang='lat' dir='ltr'>quis</span> <span class='ocrx_word' id='word_1_103' title='bbox 643 1633 754 1691; x_wconf 89' lang='lat' dir='ltr'>autem</span> <span class='ocrx_word' id='word_1_104' title='bbox 769 1631 832 1692; x_wconf 84' lang='grc'>333</span> <span class='ocrx_word' id='word_1_105' title='bbox 847 1632 1010 1692; x_wconf 85' lang='lat' dir='ltr'>attentare</span> 
     </span>
     <span class='ocr_line' id='line_1_16' title="bbox 214 1728 1009 1810; baseline -0.006 -17"><span class='ocrx_word' id='word_1_106' title='bbox 214 1730 473 1810; x_wconf 79' lang='lat' dir='ltr'>praesumpserit,</span> <span class='ocrx_word' id='word_1_107' title='bbox 495 1728 756 1803; x_wconf 79' lang='lat' dir='ltr'>indignationem</span> <span class='ocrx_word' id='word_1_108' title='bbox 776 1728 1009 1805; x_wconf 90' lang='lat' dir='ltr'>omnipotentis</span> 
     </span>
     <span class='ocr_line' id='line_1_17' title="bbox 214 1825 1009 1901; baseline -0.005 -10"><span class='ocrx_word' id='word_1_109' title='bbox 214 1829 274 1891; x_wconf 88' lang='lat' dir='ltr'>Dei</span> <span class='ocrx_word' id='word_1_110' title='bbox 288 1829 501 1890; x_wconf 87' lang='lat' dir='ltr'>etheatorum</span> <span class='ocrx_word' id='word_1_111' title='bbox 512 1825 602 1886; x_wconf 90' lang='lat' dir='ltr'>Petri</span> <span class='ocrx_word' id='word_1_112' title='bbox 619 1827 652 1886; x_wconf 91' lang='lat' dir='ltr'>et</span> <span class='ocrx_word' id='word_1_113' title='bbox 662 1826 769 1896; x_wconf 91' lang='lat' dir='ltr'>Pauli,</span> <span class='ocrx_word' id='word_1_114' title='bbox 783 1826 1009 1901; x_wconf 85' lang='lat' dir='ltr'>apostolorum</span> 
     </span>
     <span class='ocr_line' id='line_1_18' title="bbox 214 1922 1010 2004; baseline -0.008 -15"><span class='ocrx_word' id='word_1_115' title='bbox 214 1929 298 2004; x_wconf 88' lang='lat' dir='ltr'>ejus,</span> <span class='ocrx_word' id='word_1_116' title='bbox 319 1942 356 1987; x_wconf 91' lang='lat' dir='ltr'>se</span> <span class='ocrx_word' id='word_1_117' title='bbox 378 1924 508 1986; x_wconf 82' lang='lat' dir='ltr'>noverit</span> <span class='ocrx_word' id='word_1_118' title='bbox 532 1923 755 1985; x_wconf 89' lang='lat' dir='ltr'>incursurum.</span> <span class='ocrx_word' id='word_1_119' title='bbox 777 1922 896 1984; x_wconf 88' lang='lat' dir='ltr'>Datum</span> <span class='ocrx_word' id='word_1_120' title='bbox 911 1925 1010 1984; x_wconf 88' lang='lat' dir='ltr'>Late-</span> 
     </span>
     <span class='ocr_line' id='line_1_19' title="bbox 213 2019 1009 2097; baseline -0.001 -13"><span class='ocrx_word' id='word_1_121' title='bbox 213 2024 299 2092; x_wconf 89' lang='lat' dir='ltr'>rani,</span> <span class='ocrx_word' id='word_1_122' title='bbox 323 2026 352 2084; x_wconf 90' lang='lat'>11</span> <span class='ocrx_word' id='word_1_123' title='bbox 373 2023 447 2083; x_wconf 89' lang='lat' dir='ltr'>idus</span> <span class='ocrx_word' id='word_1_124' title='bbox 470 2020 561 2093; x_wconf 89' lang='lat' dir='ltr'>maii,</span> <span class='ocrx_word' id='word_1_125' title='bbox 577 2020 788 2097; x_wconf 88' lang='lat' dir='ltr'>pontificatus</span> <span class='ocrx_word' id='word_1_126' title='bbox 802 2019 907 2082; x_wconf 90' lang='lat' dir='ltr'>nostri</span> <span class='ocrx_word' id='word_1_127' title='bbox 920 2036 1009 2083; x_wconf 89' lang='grc'>3333</span> 
     </span>
     <span class='ocr_line' id='line_1_20' title="bbox 214 2123 342 2183; baseline -0.016 -1"><span class='ocrx_word' id='word_1_128' title='bbox 214 2123 342 2183; x_wconf 82' lang='lat' dir='ltr'>octavo.</span> 
     </span>
    </p>
   </div>
   <div class='ocr_carea' id='block_1_5' title="bbox 534 2322 688 2409">
    <p class='ocr_par' dir='ltr' id='par_1_5' title="bbox 534 2322 688 2409">
     <span class='ocr_line' id='line_1_21' title="bbox 534 2322 688 2409; baseline -0.006 0"><span class='ocrx_word' id='word_1_129' title='bbox 534 2322 688 2409; x_wconf 85' lang='lat' dir='ltr'>CCXIX</span> 
     </span>
    </p>
   </div>
   <div class='ocr_carea' id='block_1_6' title="bbox 272 2473 947 2633">
    <p class='ocr_par' dir='ltr' id='par_1_6' title="bbox 272 2473 947 2633">
     <span class='ocr_line' id='line_1_22' title="bbox 272 2473 947 2549; baseline -0.006 -12"><span class='ocrx_word' id='word_1_130' title='bbox 272 2477 324 2537; x_wconf 81' lang='lat' dir='ltr'>Ad</span> <span class='ocrx_word' id='word_1_131' title='bbox 332 2476 543 2549; x_wconf 74' lang='lat' dir='ltr'>priorissam</span> <span class='ocrx_word' id='word_1_132' title='bbox 556 2488 597 2534; x_wconf 88' lang='lat' dir='ltr'>oc</span> <span class='ocrx_word' id='word_1_133' title='bbox 614 2486 753 2533; x_wconf 82' lang='lat' dir='ltr'>sorores</span> <span class='ocrx_word' id='word_1_134' title='bbox 771 2473 947 2546; x_wconf 83' lang='lat' dir='ltr'>bospiiolis</span> 
     </span>
     <span class='ocr_line' id='line_1_23' title="bbox 410 2570 806 2633; baseline -0.01 0"><span class='ocrx_word' id='word_1_135' title='bbox 410 2574 445 2632; x_wconf 75' lang='lat' dir='ltr'>s.</span> <span class='ocrx_word' id='word_1_136' title='bbox 462 2572 648 2633; x_wconf 72' lang='lat' dir='ltr'>Nicolaitis</span> <span class='ocrx_word' id='word_1_137' title='bbox 662 2570 806 2630; x_wconf 86' lang='lat' dir='ltr'>Dttiaco.</span> 
     </span>
    </p>
   </div>
   <div class='ocr_carea' id='block_1_7' title="bbox 382 2708 834 2900">
    <p class='ocr_par' dir='ltr' id='par_1_7' title="bbox 382 2708 834 2900">
     <span class='ocr_line' id='line_1_24' title="bbox 504 2708 712 2767; baseline -0.019 0"><span class='ocrx_word' id='word_1_138' title='bbox 504 2710 538 2767; x_wconf 82' lang='lat' dir='ltr'>ll</span> <span class='ocrx_word' id='word_1_139' title='bbox 550 2710 618 2766; x_wconf 85' lang='lat' dir='ltr'>maii</span> <span class='ocrx_word' id='word_1_140' title='bbox 634 2708 712 2767; x_wconf 74' lang='lat' dir='ltr'>itii.</span> 
     </span>
     <span class='ocr_line' id='line_1_25' title="bbox 382 2832 834 2900; baseline -0.009 -14"><span class='ocrx_word' id='word_1_141' title='bbox 382 2835 477 2900; x_wconf 82' lang='lat' dir='ltr'>[Gallia</span> <span class='ocrx_word' id='word_1_142' title='bbox 488 2832 639 2893; x_wconf 85' lang='lat' dir='ltr'>Christiana,</span> <span class='ocrx_word' id='word_1_143' title='bbox 654 2833 697 2891; x_wconf 86' lang='grc' dir='ltr'><strong>ΙΙΙ,</strong></span> <span class='ocrx_word' id='word_1_144' title='bbox 710 2833 768 2882; x_wconf 89' lang='lat' dir='ltr'>inst.</span> <span class='ocrx_word' id='word_1_145' title='bbox 783 2833 834 2896; x_wconf 78' lang='lat' dir='ltr'>lli]</span> 
     </span>
    </p>
   </div>
   <div class='ocr_carea' id='block_1_8' title="bbox 212 2956 1003 3116">
    <p class='ocr_par' dir='ltr' id='par_1_8' title="bbox 212 2956 1003 3116">
     <span class='ocr_line' id='line_1_26' title="bbox 212 2956 1003 3029; baseline -0.01 -7"><span class='ocrx_word' id='word_1_146' title='bbox 212 2964 262 3022; x_wconf 88' lang='lat' dir='ltr'>Eis</span> <span class='ocrx_word' id='word_1_147' title='bbox 284 2967 419 3019; x_wconf 86' lang='lat' dir='ltr'>statutum</span> <span class='ocrx_word' id='word_1_148' title='bbox 441 2962 471 3017; x_wconf 90' lang='lat' dir='ltr'>P.</span> <span class='ocrx_word' id='word_1_149' title='bbox 494 2957 689 3016; x_wconf 69' lang='lat' dir='ltr'>atrebatensis</span> <span class='ocrx_word' id='word_1_150' title='bbox 712 2958 848 3029; x_wconf 87' lang='lat' dir='ltr'>episcopi,</span> <span class='ocrx_word' id='word_1_151' title='bbox 864 2957 918 3015; x_wconf 91' lang='lat' dir='ltr'>loci</span> <span class='ocrx_word' id='word_1_152' title='bbox 933 2956 1003 3015; x_wconf 83' lang='lat' dir='ltr'>dim·</span> 
     </span>
     <span class='ocr_line' id='line_1_27' title="bbox 464 3045 747 3116; baseline -0.014 -10"><span class='ocrx_word' id='word_1_153' title='bbox 464 3048 572 3116; x_wconf 81' lang='lat' dir='ltr'>cesam,</span> <span class='ocrx_word' id='word_1_154' title='bbox 587 3045 747 3104; x_wconf 78' lang='lat' dir='ltr'>coufirmat.</span> 
     </span>
    </p>
   </div>
   <div class='ocr_carea' id='block_1_9' title="bbox 210 3174 1006 3445">
    <p class='ocr_par' dir='ltr' id='par_1_9' title="bbox 210 3174 1006 3445">
     <span class='ocr_line' id='line_1_28' title="bbox 251 3174 1002 3251; baseline -0.008 -13"><span class='ocrx_word' id='word_1_155' title='bbox 251 3176 418 3238; x_wconf 88' lang='lat' dir='ltr'>Honorius</span> <span class='ocrx_word' id='word_1_156' title='bbox 429 3175 614 3251; x_wconf 89' lang='lat' dir='ltr'>episcopus,</span> <span class='ocrx_word' id='word_1_157' title='bbox 625 3188 741 3233; x_wconf 81' lang='lat' dir='ltr'>servus</span> <span class='ocrx_word' id='word_1_158' title='bbox 752 3187 923 3234; x_wconf 84' lang='lat' dir='ltr'>serrorum</span> <span class='ocrx_word' id='word_1_159' title='bbox 932 3174 1002 3245; x_wconf 87' lang='lat' dir='ltr'>Dei,</span> 
     </span>
     <span class='ocr_line' id='line_1_29' title="bbox 211 3269 1005 3345; baseline -0.008 -10"><span class='ocrx_word' id='word_1_160' title='bbox 211 3274 340 3335; x_wconf 88' lang='lat' dir='ltr'>dilectis</span> <span class='ocrx_word' id='word_1_161' title='bbox 352 3274 388 3333; x_wconf 90' lang='lat' dir='ltr'>iu</span> <span class='ocrx_word' id='word_1_162' title='bbox 404 3271 534 3331; x_wconf 85' lang='lat' dir='ltr'>Christo</span> <span class='ocrx_word' id='word_1_163' title='bbox 550 3269 681 3329; x_wconf 88' lang='lat' dir='ltr'>filiabus</span> <span class='ocrx_word' id='word_1_164' title='bbox 695 3269 875 3345; x_wconf 88' lang='lat' dir='ltr'>priorissae,</span> <span class='ocrx_word' id='word_1_165' title='bbox 891 3285 930 3329; x_wconf 89' lang='lat' dir='ltr'>ac</span> <span class='ocrx_word' id='word_1_166' title='bbox 950 3284 1005 3330; x_wconf 90' lang='lat' dir='ltr'>so-</span> 
     </span>
     <span class='ocr_line' id='line_1_30' title="bbox 210 3366 1006 3445; baseline -0.009 -11"><span class='ocrx_word' id='word_1_167' title='bbox 210 3371 341 3434; x_wconf 88' lang='lat' dir='ltr'>roribus</span> <span class='ocrx_word' id='word_1_168' title='bbox 356 3368 530 3445; x_wconf 88' lang='lat' dir='ltr'>hospitalis</span> <span class='ocrx_word' id='word_1_169' title='bbox 546 3370 579 3426; x_wconf 81' lang='lat' dir='ltr'>S.</span> <span class='ocrx_word' id='word_1_170' title='bbox 593 3366 724 3427; x_wconf 89' lang='lat' dir='ltr'>Nicolai</span> <span class='ocrx_word' id='word_1_171' title='bbox 740 3366 780 3427; x_wconf 91' lang='lat' dir='ltr'>de</span> <span class='ocrx_word' id='word_1_172' title='bbox 794 3366 932 3437; x_wconf 79' lang='lat' dir='ltr'>DitiacO,</span> <span class='ocrx_word' id='word_1_173' title='bbox 950 3384 1006 3428; x_wconf 91' lang='lat' dir='ltr'>sa-</span> 
     </span>
    </p>
   </div>
   <div class='ocr_carea' id='block_1_10' title="bbox 1398 1103 1528 1190">
    <p class='ocr_par' dir='ltr' id='par_1_10' title="bbox 1398 1103 1528 1190">
     <span class='ocr_line' id='line_1_31' title="bbox 1398 1103 1528 1190; baseline 0 -1"><span class='ocrx_word' id='word_1_174' title='bbox 1398 1103 1528 1190; x_wconf 83' lang='lat' dir='ltr'>CCXX</span> 
     </span>
    </p>
   </div>
   <div class='ocr_carea' id='block_1_11' title="bbox 1065 1252 1866 1506">
    <p class='ocr_par' dir='ltr' id='par_1_11' title="bbox 1065 1252 1866 1506">
     <span class='ocr_line' id='line_1_32' title="bbox 1065 1252 1866 1329; baseline 0.001 -18"><span class='ocrx_word' id='word_1_175' title='bbox 1065 1252 1116 1311; x_wconf 83' lang='lat' dir='ltr'>Ad</span> <span class='ocrx_word' id='word_1_176' title='bbox 1130 1253 1165 1312; x_wconf 83' lang='lat' dir='ltr'>S.</span> <span class='ocrx_word' id='word_1_177' title='bbox 1175 1253 1297 1313; x_wconf 73' lang='lat' dir='ltr'>Socim·</span> <span class='ocrx_word' id='word_1_178' title='bbox 1307 1255 1431 1314; x_wconf 81' lang='lat' dir='ltr'>Pisani</span> <span class='ocrx_word' id='word_1_179' title='bbox 1443 1254 1477 1314; x_wconf 86' lang='lat' dir='ltr'>ei</span> <span class='ocrx_word' id='word_1_180' title='bbox 1486 1256 1520 1314; x_wconf 87' lang='lat' dir='ltr'>S.</span> <span class='ocrx_word' id='word_1_181' title='bbox 1533 1254 1713 1329; x_wconf 77' lang='lat' dir='ltr'>Hippolyti</span> <span class='ocrx_word' id='word_1_182' title='bbox 1725 1258 1866 1314; x_wconf 82' lang='lat' dir='ltr'>Foren-</span> 
     </span>
     <span class='ocr_line' id='line_1_33' title="bbox 1105 1349 1865 1424; baseline 0.004 -17"><span class='ocrx_word' id='word_1_183' title='bbox 1105 1349 1170 1409; x_wconf 83' lang='lat' dir='ltr'>iini</span> <span class='ocrx_word' id='word_1_184' title='bbox 1201 1351 1338 1411; x_wconf 81' lang='lat' dir='ltr'>abbates</span> <span class='ocrx_word' id='word_1_185' title='bbox 1373 1351 1408 1411; x_wconf 86' lang='lat' dir='ltr'>ci</span> <span class='ocrx_word' id='word_1_186' title='bbox 1434 1353 1592 1424; x_wconf 76' lang='lat' dir='ltr'>priorem</span> <span class='ocrx_word' id='word_1_187' title='bbox 1619 1354 1655 1411; x_wconf 86' lang='lat' dir='ltr'>S.</span> <span class='ocrx_word' id='word_1_188' title='bbox 1687 1354 1865 1413; x_wconf 75' lang='lat' dir='ltr'>Michaelis</span> 
     </span>
     <span class='ocr_line' id='line_1_34' title="bbox 1105 1447 1227 1506; baseline -0.008 0"><span class='ocrx_word' id='word_1_189' title='bbox 1105 1447 1227 1506; x_wconf 83' lang='lat' dir='ltr'>Areiii.</span> 
     </span>
    </p>
   </div>
   <div class='ocr_carea' id='block_1_12' title="bbox 1130 1569 1796 1759">
    <p class='ocr_par' dir='ltr' id='par_1_12' title="bbox 1130 1569 1796 1759">
     <span class='ocr_line' id='line_1_35' title="bbox 1361 1569 1566 1627; baseline -0.005 -2"><span class='ocrx_word' id='word_1_190' title='bbox 1361 1569 1395 1625; x_wconf 78' lang='lat'>15</span> <span class='ocrx_word' id='word_1_191' title='bbox 1407 1570 1474 1626; x_wconf 88' lang='lat' dir='ltr'>mail</span> <span class='ocrx_word' id='word_1_192' title='bbox 1488 1569 1566 1627; x_wconf 74' lang='lat'>1223.</span> 
     </span>
     <span class='ocr_line' id='line_1_36' title="bbox 1130 1690 1796 1759; baseline 0.003 -18"><span class='ocrx_word' id='word_1_193' title='bbox 1130 1690 1280 1756; x_wconf 61' lang='lat' dir='ltr'>[Maurique</span> <span class='ocrx_word' id='word_1_194' title='bbox 1294 1692 1406 1742; x_wconf 80' lang='lat' dir='ltr'>Annales</span> <span class='ocrx_word' id='word_1_195' title='bbox 1417 1693 1575 1755; x_wconf 66' lang='lat' dir='ltr'>Gamaldul,</span> <span class='ocrx_word' id='word_1_196' title='bbox 1588 1694 1634 1751; x_wconf 87' lang='grc' dir='ltr'><strong>ΙΙΙ,</strong></span> <span class='ocrx_word' id='word_1_197' title='bbox 1648 1708 1711 1759; x_wconf 80' lang='lat' dir='ltr'>app.</span> <span class='ocrx_word' id='word_1_198' title='bbox 1724 1694 1796 1759; x_wconf 64' lang='lat' dir='ltr'>uti]</span> 
     </span>
    </p>
   </div>
   <div class='ocr_carea' id='block_1_13' title="bbox 1063 1802 1867 1951">
    <p class='ocr_par' dir='ltr' id='par_1_13' title="bbox 1063 1802 1867 1951">
     <span class='ocr_line' id='line_1_37' title="bbox 1063 1802 1867 1864; baseline 0.002 -2"><span class='ocrx_word' id='word_1_199' title='bbox 1063 1802 1178 1862; x_wconf 82' lang='lat' dir='ltr'>blandai</span> <span class='ocrx_word' id='word_1_200' title='bbox 1192 1810 1224 1861; x_wconf 90' lang='lat' dir='ltr'>ut</span> <span class='ocrx_word' id='word_1_201' title='bbox 1238 1807 1361 1862; x_wconf 86' lang='lat' dir='ltr'>Heremo</span> <span class='ocrx_word' id='word_1_202' title='bbox 1376 1805 1585 1864; x_wconf 78' lang='lat' dir='ltr'>camaldulensi</span> <span class='ocrx_word' id='word_1_203' title='bbox 1600 1807 1741 1863; x_wconf 82' lang='lat' dir='ltr'>auxillum</span> <span class='ocrx_word' id='word_1_204' title='bbox 1760 1807 1867 1864; x_wconf 81' lang='lat' dir='ltr'>iibera-</span> 
     </span>
     <span class='ocr_line' id='line_1_38' title="bbox 1363 1892 1560 1951; baseline 0.01 -2"><span class='ocrx_word' id='word_1_205' title='bbox 1363 1894 1427 1951; x_wconf 88' lang='lat' dir='ltr'>liter</span> <span class='ocrx_word' id='word_1_206' title='bbox 1442 1892 1560 1951; x_wconf 87' lang='lat' dir='ltr'>ieratur.</span> 
     </span>
    </p>
   </div>
   <div class='ocr_carea' id='block_1_14' title="bbox 1062 2010 1867 2177">
    <p class='ocr_par' dir='ltr' id='par_1_14' title="bbox 1062 2010 1867 2177">
     <span class='ocr_line' id='line_1_39' title="bbox 1101 2010 1865 2087; baseline 0.005 -17"><span class='ocrx_word' id='word_1_207' title='bbox 1101 2010 1268 2070; x_wconf 90' lang='lat' dir='ltr'>Honorius</span> <span class='ocrx_word' id='word_1_208' title='bbox 1279 2010 1464 2087; x_wconf 88' lang='lat' dir='ltr'>episcopus,</span> <span class='ocrx_word' id='word_1_209' title='bbox 1475 2026 1593 2071; x_wconf 80' lang='lat' dir='ltr'>servus</span> <span class='ocrx_word' id='word_1_210' title='bbox 1604 2027 1779 2073; x_wconf 84' lang='lat' dir='ltr'>serrorum</span> <span class='ocrx_word' id='word_1_211' title='bbox 1791 2014 1865 2084; x_wconf 87' lang='lat' dir='ltr'>Dei,</span> 
     </span>
     <span class='ocr_line' id='line_1_40' title="bbox 1062 2108 1867 2177; baseline 0.007 -10"><span class='ocrx_word' id='word_1_212' title='bbox 1062 2108 1191 2169; x_wconf 90' lang='lat' dir='ltr'>dilectis</span> <span class='ocrx_word' id='word_1_213' title='bbox 1226 2109 1342 2177; x_wconf 71' lang='lat' dir='ltr'>liliis„</span> <span class='ocrx_word' id='word_1_214' title='bbox 1380 2109 1493 2170; x_wconf 87' lang='lat' dir='ltr'>Sancti</span> <span class='ocrx_word' id='word_1_215' title='bbox 1530 2110 1644 2170; x_wconf 83' lang='lat' dir='ltr'>savini</span> <span class='ocrx_word' id='word_1_216' title='bbox 1682 2112 1801 2172; x_wconf 88' lang='lat' dir='ltr'>Pisani</span> <span class='ocrx_word' id='word_1_217' title='bbox 1832 2113 1867 2173; x_wconf 87' lang='lat' dir='ltr'>et</span> 
     </span>
    </p>
   </div>
   <div class='ocr_carea' id='block_1_15' title="bbox 1038 2205 1869 2282">
    <p class='ocr_par' dir='ltr' id='par_1_15' title="bbox 1038 2205 1869 2282">
     <span class='ocr_line' id='line_1_41' title="bbox 1038 2205 1869 2282; baseline 0.006 -18"><span class='ocrx_word' id='word_1_218' title='bbox 1038 2206 1177 2266; x_wconf 62' lang='lat' dir='ltr'>,Sancti</span> <span class='ocrx_word' id='word_1_219' title='bbox 1209 2205 1379 2282; x_wconf 84' lang='lat' dir='ltr'>Hippolyti</span> <span class='ocrx_word' id='word_1_220' title='bbox 1413 2206 1589 2267; x_wconf 77' lang='lat' dir='ltr'>Ferentini</span> <span class='ocrx_word' id='word_1_221' title='bbox 1621 2206 1802 2268; x_wconf 84' lang='lat' dir='ltr'>abbatibus</span> <span class='ocrx_word' id='word_1_222' title='bbox 1831 2214 1869 2270; x_wconf 90' lang='lat' dir='ltr'>et</span> 
     </span>
    </p>
   </div>
   <div class='ocr_carea' id='block_1_16' title="bbox 1058 2303 1874 3436">
    <p class='ocr_par' dir='ltr' id='par_1_16' title="bbox 1061 2303 1866 2475">
     <span class='ocr_line' id='line_1_42' title="bbox 1062 2303 1866 2378; baseline 0.007 -17"><span class='ocrx_word' id='word_1_223' title='bbox 1062 2303 1202 2378; x_wconf 87' lang='lat' dir='ltr'>priori...</span> <span class='ocrx_word' id='word_1_224' title='bbox 1219 2303 1332 2364; x_wconf 87' lang='lat' dir='ltr'>Sancti</span> <span class='ocrx_word' id='word_1_225' title='bbox 1349 2303 1522 2363; x_wconf 89' lang='lat' dir='ltr'>Michaelis</span> <span class='ocrx_word' id='word_1_226' title='bbox 1536 2305 1653 2375; x_wconf 80' lang='lat' dir='ltr'>Aretii,</span> <span class='ocrx_word' id='word_1_227' title='bbox 1671 2306 1866 2367; x_wconf 88' lang='lat' dir='ltr'>salutemet</span> 
     </span>
     <span class='ocr_line' id='line_1_43' title="bbox 1061 2399 1572 2475; baseline 0.002 -16"><span class='ocrx_word' id='word_1_228' title='bbox 1061 2400 1285 2475; x_wconf 86' lang='lat' dir='ltr'>Apostolicam</span> <span class='ocrx_word' id='word_1_229' title='bbox 1296 2399 1572 2461; x_wconf 84' lang='lat' dir='ltr'>benedictionem.</span> 
     </span>
    </p>

    <p class='ocr_par' dir='ltr' id='par_1_17' title="bbox 1058 2496 1874 3436">
     <span class='ocr_line' id='line_1_44' title="bbox 1100 2496 1870 2574; baseline 0.005 -19"><span class='ocrx_word' id='word_1_230' title='bbox 1100 2496 1255 2557; x_wconf 80' lang='lat' dir='ltr'>Exhibita</span> <span class='ocrx_word' id='word_1_231' title='bbox 1274 2496 1369 2557; x_wconf 87' lang='lat' dir='ltr'>nobis</span> <span class='ocrx_word' id='word_1_232' title='bbox 1384 2497 1506 2574; x_wconf 89' lang='lat' dir='ltr'>prioris</span> <span class='ocrx_word' id='word_1_233' title='bbox 1521 2499 1554 2559; x_wconf 89' lang='lat' dir='ltr'>et</span> <span class='ocrx_word' id='word_1_234' title='bbox 1571 2497 1713 2559; x_wconf 80' lang='lat' dir='ltr'>fratrum</span> <span class='ocrx_word' id='word_1_235' title='bbox 1728 2501 1870 2561; x_wconf 86' lang='lat' dir='ltr'>Camal-</span> 
     </span>
     <span class='ocr_line' id='line_1_45' title="bbox 1060 2593 1871 2673; baseline 0.007 -22"><span class='ocrx_word' id='word_1_236' title='bbox 1060 2593 1209 2653; x_wconf 88' lang='lat' dir='ltr'>dulensis</span> <span class='ocrx_word' id='word_1_237' title='bbox 1242 2594 1377 2655; x_wconf 89' lang='lat' dir='ltr'>Heremi</span> <span class='ocrx_word' id='word_1_238' title='bbox 1400 2594 1516 2670; x_wconf 88' lang='lat' dir='ltr'>petilio</span> <span class='ocrx_word' id='word_1_239' title='bbox 1544 2596 1746 2665; x_wconf 87' lang='lat' dir='ltr'>continebat,</span> <span class='ocrx_word' id='word_1_240' title='bbox 1773 2598 1871 2673; x_wconf 89' lang='lat' dir='ltr'>quod</span> 
     </span>
     <span class='ocr_line' id='line_1_46' title="bbox 1060 2676 1871 2766; baseline 0.006 -18"><span class='ocrx_word' id='word_1_241' title='bbox 1060 2689 1148 2750; x_wconf 86' lang='lat' dir='ltr'>dicta</span> <span class='ocrx_word' id='word_1_242' title='bbox 1185 2676 1341 2751; x_wconf 77' lang='lat' dir='ltr'>heremus</span> <span class='ocrx_word' id='word_1_243' title='bbox 1373 2691 1409 2750; x_wconf 88' lang='lat' dir='ltr'>in</span> <span class='ocrx_word' id='word_1_244' title='bbox 1434 2691 1573 2766; x_wconf 83' lang='lat' dir='ltr'>Alpibus</span> <span class='ocrx_word' id='word_1_245' title='bbox 1599 2694 1632 2752; x_wconf 90' lang='lat' dir='ltr'>et</span> <span class='ocrx_word' id='word_1_246' title='bbox 1659 2693 1733 2753; x_wconf 92' lang='lat' dir='ltr'>loco</span> <span class='ocrx_word' id='word_1_247' title='bbox 1765 2694 1871 2754; x_wconf 88' lang='lat' dir='ltr'>arido</span> 
     </span>
     <span class='ocr_line' id='line_1_47' title="bbox 1060 2787 1873 2863; baseline 0.004 -16"><span class='ocrx_word' id='word_1_248' title='bbox 1060 2787 1237 2847; x_wconf 88' lang='lat' dir='ltr'>constituta</span> <span class='ocrx_word' id='word_1_249' title='bbox 1262 2787 1357 2862; x_wconf 87' lang='lat' dir='ltr'>gravi</span> <span class='ocrx_word' id='word_1_250' title='bbox 1387 2789 1527 2863; x_wconf 86' lang='lat' dir='ltr'>gravata</span> <span class='ocrx_word' id='word_1_251' title='bbox 1554 2790 1604 2849; x_wconf 88' lang='lat' dir='ltr'>est</span> <span class='ocrx_word' id='word_1_252' title='bbox 1630 2804 1735 2850; x_wconf 90' lang='lat' dir='ltr'>onere</span> <span class='ocrx_word' id='word_1_253' title='bbox 1765 2790 1873 2850; x_wconf 87' lang='lat' dir='ltr'>debi-</span> 
     </span>
     <span class='ocr_line' id='line_1_48' title="bbox 1060 2884 1871 2961; baseline 0.005 -17"><span class='ocrx_word' id='word_1_254' title='bbox 1060 2886 1180 2951; x_wconf 88' lang='lat' dir='ltr'>torum,</span> <span class='ocrx_word' id='word_1_255' title='bbox 1196 2901 1219 2944; x_wconf 97' lang='grc'>3</span> <span class='ocrx_word' id='word_1_256' title='bbox 1238 2885 1357 2960; x_wconf 85' lang='lat' dir='ltr'>quibus</span> <span class='ocrx_word' id='word_1_257' title='bbox 1379 2884 1445 2945; x_wconf 88' lang='lat' dir='ltr'>nisi</span> <span class='ocrx_word' id='word_1_258' title='bbox 1468 2901 1651 2961; x_wconf 88' lang='lat' dir='ltr'>congruum</span> <span class='ocrx_word' id='word_1_259' title='bbox 1675 2887 1871 2948; x_wconf 87' lang='lat' dir='ltr'>remedium</span> 
     </span>
     <span class='ocr_line' id='line_1_49' title="bbox 1059 2983 1871 3059; baseline 0.007 -18"><span class='ocrx_word' id='word_1_260' title='bbox 1059 2984 1262 3056; x_wconf 89' lang='lat' dir='ltr'>apponetur,</span> <span class='ocrx_word' id='word_1_261' title='bbox 1306 2983 1364 3043; x_wconf 82' lang='lat' dir='ltr'>vix</span> <span class='ocrx_word' id='word_1_262' title='bbox 1406 2997 1551 3058; x_wconf 86' lang='lat' dir='ltr'>unquam</span> <span class='ocrx_word' id='word_1_263' title='bbox 1595 2985 1741 3059; x_wconf 88' lang='lat' dir='ltr'>poterit,</span> <span class='ocrx_word' id='word_1_264' title='bbox 1787 3001 1871 3047; x_wconf 89' lang='lat' dir='ltr'>cum</span> 
     </span>
     <span class='ocr_line' id='line_1_50' title="bbox 1059 3079 1871 3155; baseline 0.007 -18"><span class='ocrx_word' id='word_1_265' title='bbox 1059 3093 1212 3153; x_wconf 88' lang='lat' dir='ltr'>magnam</span> <span class='ocrx_word' id='word_1_266' title='bbox 1236 3080 1362 3155; x_wconf 89' lang='lat' dir='ltr'>partem</span> <span class='ocrx_word' id='word_1_267' title='bbox 1386 3095 1522 3140; x_wconf 90' lang='lat' dir='ltr'>suorum</span> <span class='ocrx_word' id='word_1_268' title='bbox 1543 3079 1732 3141; x_wconf 87' lang='lat' dir='ltr'>reddituum</span> <span class='ocrx_word' id='word_1_269' title='bbox 1758 3081 1871 3143; x_wconf 85' lang='lat' dir='ltr'>fenus</span> 
     </span>
     <span class='ocr_line' id='line_1_51' title="bbox 1059 3174 1872 3254; baseline 0.009 -19"><span class='ocrx_word' id='word_1_270' title='bbox 1059 3174 1245 3246; x_wconf 81' lang='lat' dir='ltr'>absorbeat,</span> <span class='ocrx_word' id='word_1_271' title='bbox 1271 3176 1418 3236; x_wconf 89' lang='lat' dir='ltr'>liberari.</span> <span class='ocrx_word' id='word_1_272' title='bbox 1450 3180 1559 3249; x_wconf 87' lang='lat' dir='ltr'>Quare</span> <span class='ocrx_word' id='word_1_273' title='bbox 1586 3178 1689 3239; x_wconf 90' lang='lat' dir='ltr'>iidem</span> <span class='ocrx_word' id='word_1_274' title='bbox 1713 3180 1816 3254; x_wconf 92' lang='lat' dir='ltr'>prior</span> <span class='ocrx_word' id='word_1_275' title='bbox 1836 3184 1872 3242; x_wconf 86' lang='lat' dir='ltr'>et</span> 
     </span>
     <span class='ocr_line' id='line_1_52' title="bbox 1058 3271 1871 3351; baseline 0.009 -19"><span class='ocrx_word' id='word_1_276' title='bbox 1058 3271 1178 3333; x_wconf 85' lang='lat' dir='ltr'>iratres</span> <span class='ocrx_word' id='word_1_277' title='bbox 1204 3290 1278 3334; x_wconf 90' lang='lat' dir='ltr'>cum</span> <span class='ocrx_word' id='word_1_278' title='bbox 1310 3274 1472 3335; x_wconf 88' lang='lat' dir='ltr'>instantia</span> <span class='ocrx_word' id='word_1_279' title='bbox 1508 3276 1676 3351; x_wconf 88' lang='lat' dir='ltr'>petierunt</span> <span class='ocrx_word' id='word_1_280' title='bbox 1710 3278 1747 3339; x_wconf 88' lang='lat' dir='ltr'>ut</span> <span class='ocrx_word' id='word_1_281' title='bbox 1779 3294 1871 3339; x_wconf 84' lang='lat' dir='ltr'>cum</span> 
     </span>
     <span class='ocr_line' id='line_1_53' title="bbox 1058 3370 1874 3436; baseline 0.009 -7"><span class='ocrx_word' id='word_1_282' title='bbox 1058 3370 1239 3431; x_wconf 89' lang='lat' dir='ltr'>secundnm</span> <span class='ocrx_word' id='word_1_283' title='bbox 1260 3372 1383 3432; x_wconf 86' lang='lat' dir='ltr'>statuta</span> <span class='ocrx_word' id='word_1_284' title='bbox 1403 3372 1447 3432; x_wconf 90' lang='lat' dir='ltr'>sit</span> <span class='ocrx_word' id='word_1_285' title='bbox 1465 3372 1700 3433; x_wconf 75' lang='lat' dir='ltr'>iateranensis</span> <span class='ocrx_word' id='word_1_286' title='bbox 1719 3376 1874 3436; x_wconf 86' lang='lat' dir='ltr'>concilii</span> 
     </span>
    </p>
   </div>
   <div class='ocr_carea' id='block_1_17' title="bbox 208 3463 1873 5680">
    <p class='ocr_par' dir='ltr' id='par_1_18' title="bbox 211 3463 1871 3544">
     <span class='ocr_line' id='line_1_54' title="bbox 211 3463 1871 3544; baseline 0.002 -16"><span class='ocrx_word' id='word_1_287' title='bbox 211 3469 313 3530; x_wconf 88' lang='lat' dir='ltr'>lutern</span> <span class='ocrx_word' id='word_1_288' title='bbox 328 3467 361 3528; x_wconf 89' lang='lat' dir='ltr'>et</span> <span class='ocrx_word' id='word_1_289' title='bbox 372 3465 595 3542; x_wconf 72' lang='lat' dir='ltr'>apostolicam</span> <span class='ocrx_word' id='word_1_290' title='bbox 610 3463 883 3524; x_wconf 89' lang='lat' dir='ltr'>benedictionem.</span> <span class='ocrx_word' id='word_1_291' title='bbox 1058 3466 1298 3538; x_wconf 88' lang='lat' dir='ltr'>sustinendum,</span> <span class='ocrx_word' id='word_1_292' title='bbox 1314 3468 1400 3544; x_wconf 84' lang='lat' dir='ltr'>quod</span> <span class='ocrx_word' id='word_1_293' title='bbox 1426 3484 1486 3543; x_wconf 91' lang='lat' dir='ltr'>pro</span> <span class='ocrx_word' id='word_1_294' title='bbox 1509 3469 1622 3529; x_wconf 90' lang='lat' dir='ltr'>multis</span> <span class='ocrx_word' id='word_1_295' title='bbox 1644 3472 1871 3533; x_wconf 83' lang='lat' dir='ltr'>necessitati-</span> 
     </span>
    </p>

    <p class='ocr_par' dir='ltr' id='par_1_19' title="bbox 208 3560 1873 5680">
     <span class='ocr_line' id='line_1_55' title="bbox 252 3560 1872 3641; baseline 0.002 -14"><span class='ocrx_word' id='word_1_296' title='bbox 252 3564 344 3627; x_wconf 88' lang='lat' dir='ltr'>Solet</span> <span class='ocrx_word' id='word_1_297' title='bbox 358 3560 815 3636; x_wconf 88' lang='lat' dir='ltr'>annuereSedesApostolica</span> <span class='ocrx_word' id='word_1_298' title='bbox 829 3561 1002 3636; x_wconf 74' lang='lat' dir='ltr'>proretis,</span> <span class='ocrx_word' id='word_1_299' title='bbox 1057 3562 1129 3634; x_wconf 91' lang='lat' dir='ltr'>bus,</span> <span class='ocrx_word' id='word_1_300' title='bbox 1144 3580 1217 3640; x_wconf 84' lang='lat' dir='ltr'>quae</span> <span class='ocrx_word' id='word_1_301' title='bbox 1230 3565 1405 3640; x_wconf 87' lang='lat' dir='ltr'>aliquoties</span> <span class='ocrx_word' id='word_1_302' title='bbox 1427 3567 1667 3641; x_wconf 82' lang='lat' dir='ltr'>superveniunt</span> <span class='ocrx_word' id='word_1_303' title='bbox 1687 3584 1731 3628; x_wconf 79' lang='lat' dir='ltr'>ex</span> <span class='ocrx_word' id='word_1_304' title='bbox 1751 3571 1872 3630; x_wconf 88' lang='lat' dir='ltr'>mani·</span> 
     </span>
     <span class='ocr_line' id='line_1_56' title="bbox 211 3657 1868 3735; baseline 0.002 -10"><span class='ocrx_word' id='word_1_305' title='bbox 211 3664 244 3725; x_wconf 91' lang='lat' dir='ltr'>et</span> <span class='ocrx_word' id='word_1_306' title='bbox 257 3661 406 3723; x_wconf 87' lang='lat' dir='ltr'>honestis</span> <span class='ocrx_word' id='word_1_307' title='bbox 419 3658 600 3735; x_wconf 87' lang='lat' dir='ltr'>petentium</span> <span class='ocrx_word' id='word_1_308' title='bbox 616 3657 768 3733; x_wconf 88' lang='lat' dir='ltr'>precibus</span> <span class='ocrx_word' id='word_1_309' title='bbox 785 3657 931 3718; x_wconf 88' lang='lat' dir='ltr'>favorem</span> <span class='ocrx_word' id='word_1_310' title='bbox 945 3657 1006 3719; x_wconf 84' lang='lat' dir='ltr'>be·</span> <span class='ocrx_word' id='word_1_311' title='bbox 1058 3659 1143 3721; x_wconf 86' lang='lat' dir='ltr'>festa</span> <span class='ocrx_word' id='word_1_312' title='bbox 1162 3663 1194 3722; x_wconf 89' lang='lat' dir='ltr'>et</span> <span class='ocrx_word' id='word_1_313' title='bbox 1214 3660 1405 3722; x_wconf 82' lang='lat' dir='ltr'>rationabili</span> <span class='ocrx_word' id='word_1_314' title='bbox 1425 3678 1538 3734; x_wconf 88' lang='lat' dir='ltr'>causa,</span> <span class='ocrx_word' id='word_1_315' title='bbox 1555 3664 1761 3724; x_wconf 87' lang='lat' dir='ltr'>moderatum</span> <span class='ocrx_word' id='word_1_316' title='bbox 1780 3682 1868 3729; x_wconf 85' lang='lat' dir='ltr'>cum</span> 
     </span>
     <span class='ocr_line' id='line_1_57' title="bbox 211 3755 1873 3838; baseline 0.003 -17"><span class='ocrx_word' id='word_1_317' title='bbox 211 3755 1004 3833; x_wconf 80' lang='lat' dir='ltr'>nivolumimpertiri.Expertesiquidemrestra</span> <span class='ocrx_word' id='word_1_318' title='bbox 1058 3758 1197 3819; x_wconf 86' lang='lat' dir='ltr'>caritate</span> <span class='ocrx_word' id='word_1_319' title='bbox 1222 3759 1326 3834; x_wconf 88' lang='lat' dir='ltr'>possit</span> <span class='ocrx_word' id='word_1_320' title='bbox 1348 3776 1368 3819; x_wconf 88' lang='lat' dir='ltr'>a</span> <span class='ocrx_word' id='word_1_321' title='bbox 1390 3758 1531 3821; x_wconf 86' lang='lat' dir='ltr'>subditis</span> <span class='ocrx_word' id='word_1_322' title='bbox 1553 3760 1715 3822; x_wconf 84' lang='lat' dir='ltr'>auxillum</span> <span class='ocrx_word' id='word_1_323' title='bbox 1739 3766 1873 3838; x_wconf 88' lang='lat' dir='ltr'>postu-</span> 
     </span>
     <span class='ocr_line' id='line_1_58' title="bbox 210 3852 1872 3933; baseline 0.002 -13"><span class='ocrx_word' id='word_1_324' title='bbox 210 3857 273 3920; x_wconf 91' lang='lat' dir='ltr'>iuit</span> <span class='ocrx_word' id='word_1_325' title='bbox 295 3856 390 3917; x_wconf 91' lang='lat' dir='ltr'>nobis</span> <span class='ocrx_word' id='word_1_326' title='bbox 402 3852 573 3915; x_wconf 89' lang='lat' dir='ltr'>humiliter</span> <span class='ocrx_word' id='word_1_327' title='bbox 587 3853 817 3933; x_wconf 87' lang='lat' dir='ltr'>supplicatum,</span> <span class='ocrx_word' id='word_1_328' title='bbox 836 3854 882 3924; x_wconf 92' lang='lat' dir='ltr'>ut,</span> <span class='ocrx_word' id='word_1_329' title='bbox 904 3870 1004 3929; x_wconf 88' lang='lat' dir='ltr'>quum</span> <span class='ocrx_word' id='word_1_330' title='bbox 1057 3856 1137 3927; x_wconf 87' lang='lat' dir='ltr'>lari,</span> <span class='ocrx_word' id='word_1_331' title='bbox 1168 3856 1343 3932; x_wconf 84' lang='lat' dir='ltr'>providere</span> <span class='ocrx_word' id='word_1_332' title='bbox 1374 3872 1474 3932; x_wconf 89' lang='lat' dir='ltr'>super</span> <span class='ocrx_word' id='word_1_333' title='bbox 1502 3857 1565 3918; x_wconf 87' lang='lat' dir='ltr'>hoc</span> <span class='ocrx_word' id='word_1_334' title='bbox 1593 3859 1872 3924; x_wconf 85' lang='lat' dir='ltr'>misericorditer</span> 
     </span>
     <span class='ocr_line' id='line_1_59' title="bbox 210 3948 1873 4031; baseline 0.002 -15"><span class='ocrx_word' id='word_1_335' title='bbox 210 3956 289 4017; x_wconf 91' lang='lat' dir='ltr'>olim</span> <span class='ocrx_word' id='word_1_336' title='bbox 309 3951 511 4015; x_wconf 84' lang='lat' dir='ltr'>venerabilis</span> <span class='ocrx_word' id='word_1_337' title='bbox 533 3948 636 4010; x_wconf 89' lang='lat' dir='ltr'>irater</span> <span class='ocrx_word' id='word_1_338' title='bbox 658 3952 772 4010; x_wconf 89' lang='lat' dir='ltr'>noster</span> <span class='ocrx_word' id='word_1_339' title='bbox 794 3952 830 4011; x_wconf 90' lang='grc' dir='ltr'>Ρ.</span> <span class='ocrx_word' id='word_1_340' title='bbox 858 3949 1002 4011; x_wconf 87' lang='lat' dir='ltr'>Atreba-</span> <span class='ocrx_word' id='word_1_341' title='bbox 1058 3954 1283 4028; x_wconf 76' lang='lat' dir='ltr'>dignaremur.</span> <span class='ocrx_word' id='word_1_342' title='bbox 1308 3955 1387 4013; x_wconf 85' lang='lat' dir='ltr'>Cum</span> <span class='ocrx_word' id='word_1_343' title='bbox 1408 3955 1518 4015; x_wconf 89' lang='lat' dir='ltr'>autem</span> <span class='ocrx_word' id='word_1_344' title='bbox 1540 3955 1696 4031; x_wconf 88' lang='lat' dir='ltr'>praelatos</span> <span class='ocrx_word' id='word_1_345' title='bbox 1721 3959 1756 4018; x_wconf 87' lang='lat' dir='ltr'>et</span> <span class='ocrx_word' id='word_1_346' title='bbox 1781 3959 1873 4020; x_wconf 82' lang='lat' dir='ltr'>sub-</span> 
     </span>
     <span class='ocr_line' id='line_1_60' title="bbox 210 4047 1869 4133; baseline 0.002 -19"><span class='ocrx_word' id='word_1_347' title='bbox 210 4051 314 4114; x_wconf 87' lang='lat' dir='ltr'>tensis</span> <span class='ocrx_word' id='word_1_348' title='bbox 332 4051 517 4126; x_wconf 88' lang='lat' dir='ltr'>episcopus,</span> <span class='ocrx_word' id='word_1_349' title='bbox 534 4048 599 4108; x_wconf 88' lang='lat' dir='ltr'>loci</span> <span class='ocrx_word' id='word_1_350' title='bbox 619 4047 838 4117; x_wconf 86' lang='lat' dir='ltr'>dioecesanus,</span> <span class='ocrx_word' id='word_1_351' title='bbox 856 4047 897 4107; x_wconf 89' lang='lat' dir='ltr'>ad</span> <span class='ocrx_word' id='word_1_352' title='bbox 919 4063 1003 4133; x_wconf 81' lang='lat' dir='ltr'>sup·</span> <span class='ocrx_word' id='word_1_353' title='bbox 1058 4050 1144 4111; x_wconf 90' lang='lat' dir='ltr'>ditos</span> <span class='ocrx_word' id='word_1_354' title='bbox 1175 4049 1393 4111; x_wconf 88' lang='lat' dir='ltr'>ecclesiarum</span> <span class='ocrx_word' id='word_1_355' title='bbox 1421 4051 1486 4126; x_wconf 87' lang='lat' dir='ltr'>ipsi</span> <span class='ocrx_word' id='word_1_356' title='bbox 1515 4053 1658 4113; x_wconf 84' lang='lat' dir='ltr'>Heremo</span> <span class='ocrx_word' id='word_1_357' title='bbox 1688 4053 1869 4130; x_wconf 83' lang='lat' dir='ltr'>subjectos</span> 
     </span>
     <span class='ocr_line' id='line_1_61' title="bbox 210 4143 1869 4228; baseline 0.001 -20"><span class='ocrx_word' id='word_1_358' title='bbox 210 4148 422 4226; x_wconf 87' lang='lat' dir='ltr'>plicationem</span> <span class='ocrx_word' id='word_1_359' title='bbox 441 4147 585 4206; x_wconf 85' lang='lat' dir='ltr'>vestram</span> <span class='ocrx_word' id='word_1_360' title='bbox 604 4144 742 4221; x_wconf 83' lang='lat' dir='ltr'>provida</span> <span class='ocrx_word' id='word_1_361' title='bbox 765 4143 1004 4205; x_wconf 86' lang='lat' dir='ltr'>deliberatione</span> <span class='ocrx_word' id='word_1_362' title='bbox 1057 4147 1150 4207; x_wconf 87' lang='lat' dir='ltr'>tanta</span> <span class='ocrx_word' id='word_1_363' title='bbox 1165 4149 1237 4222; x_wconf 70' lang='lat' dir='ltr'>eius</span> <span class='ocrx_word' id='word_1_364' title='bbox 1252 4147 1433 4208; x_wconf 87' lang='lat' dir='ltr'>necessitas</span> <span class='ocrx_word' id='word_1_365' title='bbox 1449 4162 1516 4208; x_wconf 90' lang='lat' dir='ltr'>non</span> <span class='ocrx_word' id='word_1_366' title='bbox 1535 4150 1644 4210; x_wconf 89' lang='lat' dir='ltr'>minus</span> <span class='ocrx_word' id='word_1_367' title='bbox 1660 4166 1760 4226; x_wconf 87' lang='lat' dir='ltr'>quarn</span> <span class='ocrx_word' id='word_1_368' title='bbox 1778 4170 1869 4228; x_wconf 87' lang='lat' dir='ltr'>pro-</span> 
     </span>
     <span class='ocr_line' id='line_1_62' title="bbox 210 4241 1868 4321; baseline 0.003 -14"><span class='ocrx_word' id='word_1_369' title='bbox 210 4245 372 4314; x_wconf 84' lang='lat' dir='ltr'>statuerit,</span> <span class='ocrx_word' id='word_1_370' title='bbox 388 4244 423 4303; x_wconf 90' lang='lat' dir='ltr'>ut</span> <span class='ocrx_word' id='word_1_371' title='bbox 436 4241 611 4317; x_wconf 88' lang='lat' dir='ltr'>hospitalis</span> <span class='ocrx_word' id='word_1_372' title='bbox 634 4241 738 4301; x_wconf 89' lang='lat' dir='ltr'>vestri</span> <span class='ocrx_word' id='word_1_373' title='bbox 763 4256 907 4311; x_wconf 89' lang='lat' dir='ltr'>sorores,</span> <span class='ocrx_word' id='word_1_374' title='bbox 928 4241 1006 4301; x_wconf 90' lang='lat' dir='ltr'>nul·</span> <span class='ocrx_word' id='word_1_375' title='bbox 1058 4244 1132 4320; x_wconf 89' lang='lat' dir='ltr'>pria</span> <span class='ocrx_word' id='word_1_376' title='bbox 1154 4258 1278 4319; x_wconf 89' lang='lat' dir='ltr'>augere</span> <span class='ocrx_word' id='word_1_377' title='bbox 1302 4243 1437 4315; x_wconf 87' lang='lat' dir='ltr'>debeat,</span> <span class='ocrx_word' id='word_1_378' title='bbox 1463 4245 1540 4305; x_wconf 92' lang='lat' dir='ltr'>dum</span> <span class='ocrx_word' id='word_1_379' title='bbox 1565 4247 1700 4321; x_wconf 81' lang='lat' dir='ltr'>gravius</span> <span class='ocrx_word' id='word_1_380' title='bbox 1725 4253 1868 4321; x_wconf 85' lang='lat' dir='ltr'>matris,</span> 
     </span>
     <span class='ocr_line' id='line_1_63' title="bbox 209 4337 1871 4419; baseline 0.004 -16"><span class='ocrx_word' id='word_1_381' title='bbox 209 4344 277 4403; x_wconf 89' lang='lat' dir='ltr'>lum</span> <span class='ocrx_word' id='word_1_382' title='bbox 291 4341 440 4402; x_wconf 88' lang='lat' dir='ltr'>ordinem</span> <span class='ocrx_word' id='word_1_383' title='bbox 453 4340 531 4399; x_wconf 92' lang='lat' dir='ltr'>tunc</span> <span class='ocrx_word' id='word_1_384' title='bbox 541 4337 709 4414; x_wconf 84' lang='lat' dir='ltr'>professae,</span> <span class='ocrx_word' id='word_1_385' title='bbox 724 4338 905 4399; x_wconf 89' lang='lat' dir='ltr'>secundum</span> <span class='ocrx_word' id='word_1_386' title='bbox 916 4338 1005 4400; x_wconf 89' lang='lat' dir='ltr'>beati</span> <span class='ocrx_word' id='word_1_387' title='bbox 1058 4356 1156 4419; x_wconf 87' lang='lat' dir='ltr'>quam</span> <span class='ocrx_word' id='word_1_388' title='bbox 1171 4356 1265 4400; x_wconf 89' lang='lat' dir='ltr'>suam</span> <span class='ocrx_word' id='word_1_389' title='bbox 1279 4340 1367 4401; x_wconf 89' lang='lat' dir='ltr'>iilius</span> <span class='ocrx_word' id='word_1_390' title='bbox 1382 4341 1470 4402; x_wconf 91' lang='lat' dir='ltr'>ierre</span> <span class='ocrx_word' id='word_1_391' title='bbox 1482 4343 1700 4418; x_wconf 81' lang='lat' dir='ltr'>ignominiam</span> <span class='ocrx_word' id='word_1_392' title='bbox 1713 4361 1871 4411; x_wconf 82' lang='lat' dir='ltr'>cousue-</span> 
     </span>
     <span class='ocr_line' id='line_1_64' title="bbox 210 4435 1871 4514; baseline 0.004 -13"><span class='ocrx_word' id='word_1_393' title='bbox 210 4437 387 4514; x_wconf 80' lang='lat' dir='ltr'>augustini</span> <span class='ocrx_word' id='word_1_394' title='bbox 406 4436 555 4511; x_wconf 87' lang='lat' dir='ltr'>regulam</span> <span class='ocrx_word' id='word_1_395' title='bbox 570 4437 602 4496; x_wconf 88' lang='lat' dir='ltr'>et</span> <span class='ocrx_word' id='word_1_396' title='bbox 616 4435 869 4506; x_wconf 90' lang='lat' dir='ltr'>institutionem,</span> <span class='ocrx_word' id='word_1_397' title='bbox 886 4451 928 4495; x_wconf 89' lang='lat' dir='ltr'>ac</span> <span class='ocrx_word' id='word_1_398' title='bbox 946 4436 1006 4497; x_wconf 92' lang='lat' dir='ltr'>ob-</span> <span class='ocrx_word' id='word_1_399' title='bbox 1058 4438 1116 4508; x_wconf 86' lang='lat' dir='ltr'>rit,</span> <span class='ocrx_word' id='word_1_400' title='bbox 1133 4452 1190 4498; x_wconf 92' lang='lat' dir='ltr'>eos</span> <span class='ocrx_word' id='word_1_401' title='bbox 1204 4438 1328 4499; x_wconf 89' lang='lat' dir='ltr'>attente</span> <span class='ocrx_word' id='word_1_402' title='bbox 1351 4439 1530 4499; x_wconf 90' lang='lat' dir='ltr'>monendos</span> <span class='ocrx_word' id='word_1_403' title='bbox 1550 4441 1708 4502; x_wconf 84' lang='lat' dir='ltr'>duximus</span> <span class='ocrx_word' id='word_1_404' title='bbox 1728 4446 1761 4504; x_wconf 91' lang='lat' dir='ltr'>et</span> <span class='ocrx_word' id='word_1_405' title='bbox 1777 4445 1871 4506; x_wconf 84' lang='lat' dir='ltr'>iror-</span> 
     </span>
     <span class='ocr_line' id='line_1_65' title="bbox 210 4531 1871 4605; baseline 0.002 -5"><span class='ocrx_word' id='word_1_406' title='bbox 210 4536 432 4600; x_wconf 86' lang='lat' dir='ltr'>servationem</span> <span class='ocrx_word' id='word_1_407' title='bbox 453 4532 603 4593; x_wconf 87' lang='lat' dir='ltr'>ecclesiae</span> <span class='ocrx_word' id='word_1_408' title='bbox 619 4535 652 4593; x_wconf 89' lang='lat' dir='ltr'>S.</span> <span class='ocrx_word' id='word_1_409' title='bbox 669 4531 813 4593; x_wconf 87' lang='lat' dir='ltr'>Victoris</span> <span class='ocrx_word' id='word_1_410' title='bbox 835 4533 1005 4593; x_wconf 90' lang='lat' dir='ltr'>Parisien-</span> <span class='ocrx_word' id='word_1_411' title='bbox 1056 4533 1185 4605; x_wconf 84' lang='lat' dir='ltr'>tardos,</span> <span class='ocrx_word' id='word_1_412' title='bbox 1203 4536 1327 4595; x_wconf 85' lang='lat' dir='ltr'>nostris</span> <span class='ocrx_word' id='word_1_413' title='bbox 1346 4535 1411 4596; x_wconf 88' lang='lat' dir='ltr'>sibi</span> <span class='ocrx_word' id='word_1_414' title='bbox 1430 4536 1546 4598; x_wconf 90' lang='lat' dir='ltr'>dantes</span> <span class='ocrx_word' id='word_1_415' title='bbox 1560 4538 1683 4599; x_wconf 88' lang='lat' dir='ltr'>litteris</span> <span class='ocrx_word' id='word_1_416' title='bbox 1705 4540 1741 4601; x_wconf 90' lang='lat' dir='ltr'>in</span> <span class='ocrx_word' id='word_1_417' title='bbox 1760 4558 1871 4603; x_wconf 88' lang='lat' dir='ltr'>man-</span> 
     </span>
     <span class='ocr_line' id='line_1_66' title="bbox 210 4629 1870 4716; baseline 0.003 -20"><span class='ocrx_word' id='word_1_418' title='bbox 210 4635 268 4706; x_wconf 87' lang='lat' dir='ltr'>sis,</span> <span class='ocrx_word' id='word_1_419' title='bbox 293 4633 328 4694; x_wconf 92' lang='lat' dir='ltr'>in</span> <span class='ocrx_word' id='word_1_420' title='bbox 355 4631 470 4692; x_wconf 91' lang='lat' dir='ltr'>eodem</span> <span class='ocrx_word' id='word_1_421' title='bbox 504 4630 578 4690; x_wconf 91' lang='lat' dir='ltr'>loco</span> <span class='ocrx_word' id='word_1_422' title='bbox 612 4629 752 4690; x_wconf 89' lang='lat' dir='ltr'>Domino</span> <span class='ocrx_word' id='word_1_423' title='bbox 783 4629 1000 4701; x_wconf 85' lang='lat' dir='ltr'>deservirent,</span> <span class='ocrx_word' id='word_1_424' title='bbox 1057 4629 1155 4702; x_wconf 89' lang='lat' dir='ltr'>datis,</span> <span class='ocrx_word' id='word_1_425' title='bbox 1180 4633 1215 4692; x_wconf 89' lang='lat' dir='ltr'>nt</span> <span class='ocrx_word' id='word_1_426' title='bbox 1238 4632 1344 4692; x_wconf 91' lang='lat' dir='ltr'>eidem</span> <span class='ocrx_word' id='word_1_427' title='bbox 1371 4635 1513 4694; x_wconf 86' lang='lat' dir='ltr'>Heremo</span> <span class='ocrx_word' id='word_1_428' title='bbox 1537 4635 1637 4695; x_wconf 87' lang='lat' dir='ltr'>matri</span> <span class='ocrx_word' id='word_1_429' title='bbox 1660 4652 1731 4698; x_wconf 79' lang='lat' dir='ltr'>suae</span> <span class='ocrx_word' id='word_1_430' title='bbox 1756 4654 1870 4716; x_wconf 89' lang='lat' dir='ltr'>super</span> 
     </span>
     <span class='ocr_line' id='line_1_67' title="bbox 210 4726 1870 4808; baseline 0.003 -15"><span class='ocrx_word' id='word_1_431' title='bbox 210 4732 368 4793; x_wconf 88' lang='lat' dir='ltr'>statutum</span> <span class='ocrx_word' id='word_1_432' title='bbox 383 4726 774 4803; x_wconf 77' lang='lat' dir='ltr'>liuJusmodiApostolico</span> <span class='ocrx_word' id='word_1_433' title='bbox 790 4726 1004 4800; x_wconf 88' lang='lat' dir='ltr'>dignaremur</span> <span class='ocrx_word' id='word_1_434' title='bbox 1057 4728 1127 4787; x_wconf 91' lang='lat' dir='ltr'>suis</span> <span class='ocrx_word' id='word_1_435' title='bbox 1148 4727 1402 4790; x_wconf 87' lang='lat' dir='ltr'>necessitatibus</span> <span class='ocrx_word' id='word_1_436' title='bbox 1423 4729 1520 4791; x_wconf 87' lang='lat' dir='ltr'>filiali</span> <span class='ocrx_word' id='word_1_437' title='bbox 1541 4734 1785 4808; x_wconf 85' lang='lat' dir='ltr'>compatientes</span> <span class='ocrx_word' id='word_1_438' title='bbox 1809 4738 1870 4798; x_wconf 85' lang='lat' dir='ltr'>af-</span> 
     </span>
     <span class='ocr_line' id='line_1_68' title="bbox 209 4823 1870 4907; baseline 0.004 -17"><span class='ocrx_word' id='word_1_439' title='bbox 209 4828 391 4891; x_wconf 90' lang='lat' dir='ltr'>muuimine</span> <span class='ocrx_word' id='word_1_440' title='bbox 406 4825 576 4886; x_wconf 90' lang='lat' dir='ltr'>roborare.</span> <span class='ocrx_word' id='word_1_441' title='bbox 592 4825 662 4884; x_wconf 92' lang='lat' dir='ltr'>Nos</span> <span class='ocrx_word' id='word_1_442' title='bbox 677 4823 779 4899; x_wconf 87' lang='lat' dir='ltr'>igitur</span> <span class='ocrx_word' id='word_1_443' title='bbox 793 4824 915 4884; x_wconf 84' lang='lat' dir='ltr'>restris</span> <span class='ocrx_word' id='word_1_444' title='bbox 930 4840 1005 4900; x_wconf 90' lang='lat' dir='ltr'>sup·</span> <span class='ocrx_word' id='word_1_445' title='bbox 1057 4823 1156 4895; x_wconf 88' lang='lat' dir='ltr'>fectu,</span> <span class='ocrx_word' id='word_1_446' title='bbox 1174 4825 1348 4896; x_wconf 83' lang='lat' dir='ltr'>auxilium,</span> <span class='ocrx_word' id='word_1_447' title='bbox 1365 4826 1451 4902; x_wconf 87' lang='lat' dir='ltr'>qnod</span> <span class='ocrx_word' id='word_1_448' title='bbox 1471 4827 1512 4888; x_wconf 87' lang='lat' dir='ltr'>ad</span> <span class='ocrx_word' id='word_1_449' title='bbox 1532 4828 1595 4889; x_wconf 89' lang='lat' dir='ltr'>hoc</span> <span class='ocrx_word' id='word_1_450' title='bbox 1619 4829 1700 4892; x_wconf 90' lang='lat' dir='ltr'>dicti</span> <span class='ocrx_word' id='word_1_451' title='bbox 1715 4832 1814 4907; x_wconf 91' lang='lat' dir='ltr'>prior</span> <span class='ocrx_word' id='word_1_452' title='bbox 1830 4838 1870 4897; x_wconf 89' lang='lat' dir='ltr'>et</span> 
     </span>
     <span class='ocr_line' id='line_1_69' title="bbox 209 4919 1870 5005; baseline 0.002 -17"><span class='ocrx_word' id='word_1_453' title='bbox 209 4923 442 5005; x_wconf 86' lang='lat' dir='ltr'>plicationibus</span> <span class='ocrx_word' id='word_1_454' title='bbox 470 4921 637 4991; x_wconf 86' lang='lat' dir='ltr'>inclinati,</span> <span class='ocrx_word' id='word_1_455' title='bbox 667 4919 752 4996; x_wconf 88' lang='lat' dir='ltr'>quod</span> <span class='ocrx_word' id='word_1_456' title='bbox 778 4920 820 4980; x_wconf 93' lang='lat' dir='ltr'>ab</span> <span class='ocrx_word' id='word_1_457' title='bbox 848 4922 1003 4997; x_wconf 88' lang='lat' dir='ltr'>episcopo</span> <span class='ocrx_word' id='word_1_458' title='bbox 1057 4920 1178 4983; x_wconf 88' lang='lat' dir='ltr'>iratres</span> <span class='ocrx_word' id='word_1_459' title='bbox 1193 4921 1235 4982; x_wconf 88' lang='lat' dir='ltr'>ab</span> <span class='ocrx_word' id='word_1_460' title='bbox 1250 4923 1332 4997; x_wconf 90' lang='lat' dir='ltr'>ipsis</span> <span class='ocrx_word' id='word_1_461' title='bbox 1347 4939 1422 4983; x_wconf 89' lang='lat' dir='ltr'>cum</span> <span class='ocrx_word' id='word_1_462' title='bbox 1436 4925 1576 4985; x_wconf 89' lang='lat' dir='ltr'>caritate</span> <span class='ocrx_word' id='word_1_463' title='bbox 1592 4926 1760 5002; x_wconf 89' lang='lat' dir='ltr'>petierunt</span> <span class='ocrx_word' id='word_1_464' title='bbox 1784 4946 1870 4992; x_wconf 90' lang='lat' dir='ltr'>mo-</span> 
     </span>
     <span class='ocr_line' id='line_1_70' title="bbox 208 5017 1866 5102; baseline 0.003 -20"><span class='ocrx_word' id='word_1_465' title='bbox 208 5027 281 5101; x_wconf 87' lang='lat' dir='ltr'>ipso</span> <span class='ocrx_word' id='word_1_466' title='bbox 296 5037 396 5098; x_wconf 89' lang='lat' dir='ltr'>super</span> <span class='ocrx_word' id='word_1_467' title='bbox 408 5019 472 5081; x_wconf 84' lang='lat' dir='ltr'>hoc</span> <span class='ocrx_word' id='word_1_468' title='bbox 484 5019 537 5094; x_wconf 93' lang='lat' dir='ltr'>pie</span> <span class='ocrx_word' id='word_1_469' title='bbox 551 5034 591 5078; x_wconf 91' lang='lat' dir='ltr'>ac</span> <span class='ocrx_word' id='word_1_470' title='bbox 606 5018 743 5093; x_wconf 80' lang='lat' dir='ltr'>prouida</span> <span class='ocrx_word' id='word_1_471' title='bbox 756 5017 880 5078; x_wconf 88' lang='lat' dir='ltr'>iactum</span> <span class='ocrx_word' id='word_1_472' title='bbox 895 5021 955 5085; x_wconf 84' lang='lat' dir='ltr'>est,</span> <span class='ocrx_word' id='word_1_473' title='bbox 972 5021 1004 5081; x_wconf 92' lang='lat' dir='ltr'>et</span> <span class='ocrx_word' id='word_1_474' title='bbox 1057 5017 1225 5089; x_wconf 82' lang='lat' dir='ltr'>denatum,</span> <span class='ocrx_word' id='word_1_475' title='bbox 1242 5018 1427 5081; x_wconf 88' lang='lat' dir='ltr'>liberaliter</span> <span class='ocrx_word' id='word_1_476' title='bbox 1454 5020 1651 5096; x_wconf 87' lang='lat' dir='ltr'>largiantur,</span> <span class='ocrx_word' id='word_1_477' title='bbox 1682 5040 1738 5096; x_wconf 90' lang='lat' dir='ltr'>ne,</span> <span class='ocrx_word' id='word_1_478' title='bbox 1766 5029 1866 5102; x_wconf 84' lang='lat' dir='ltr'>quod</span> 
     </span>
     <span class='ocr_line' id='line_1_71' title="bbox 209 5113 1868 5196; baseline 0.002 -13"><span class='ocrx_word' id='word_1_479' title='bbox 209 5123 243 5183; x_wconf 92' lang='lat' dir='ltr'>in</span> <span class='ocrx_word' id='word_1_480' title='bbox 269 5119 375 5196; x_wconf 90' lang='lat' dir='ltr'>ipsius</span> <span class='ocrx_word' id='word_1_481' title='bbox 401 5116 550 5192; x_wconf 89' lang='lat' dir='ltr'>episcopi</span> <span class='ocrx_word' id='word_1_482' title='bbox 573 5114 695 5176; x_wconf 88' lang='lat' dir='ltr'>litteris</span> <span class='ocrx_word' id='word_1_483' title='bbox 724 5114 856 5191; x_wconf 91' lang='lat' dir='ltr'>plenius</span> <span class='ocrx_word' id='word_1_484' title='bbox 883 5114 1004 5176; x_wconf 90' lang='lat' dir='ltr'>dicitur</span> <span class='ocrx_word' id='word_1_485' title='bbox 1057 5113 1153 5182; x_wconf 87' lang='lat' dir='ltr'>absit,</span> <span class='ocrx_word' id='word_1_486' title='bbox 1176 5114 1264 5176; x_wconf 91' lang='lat' dir='ltr'>idem</span> <span class='ocrx_word' id='word_1_487' title='bbox 1287 5118 1450 5177; x_wconf 88' lang='lat' dir='ltr'>Heremus</span> <span class='ocrx_word' id='word_1_488' title='bbox 1475 5117 1509 5177; x_wconf 92' lang='lat' dir='ltr'>in</span> <span class='ocrx_word' id='word_1_489' title='bbox 1531 5133 1604 5179; x_wconf 88' lang='lat' dir='ltr'>eam</span> <span class='ocrx_word' id='word_1_490' title='bbox 1625 5120 1868 5187; x_wconf 86' lang='lat' dir='ltr'>difficultatem</span> 
     </span>
     <span class='ocr_line' id='line_1_72' title="bbox 208 5211 1868 5292; baseline 0.002 -12"><span class='ocrx_word' id='word_1_491' title='bbox 208 5215 383 5287; x_wconf 89' lang='lat' dir='ltr'>contineri,</span> <span class='ocrx_word' id='word_1_492' title='bbox 399 5212 596 5274; x_wconf 87' lang='lat' dir='ltr'>auctoritate</span> <span class='ocrx_word' id='word_1_493' title='bbox 609 5211 799 5287; x_wconf 82' lang='lat' dir='ltr'>Apostolica</span> <span class='ocrx_word' id='word_1_494' title='bbox 821 5211 1002 5273; x_wconf 88' lang='lat' dir='ltr'>confirma-</span> <span class='ocrx_word' id='word_1_495' title='bbox 1056 5211 1221 5284; x_wconf 75' lang='lat' dir='ltr'>deveniat,</span> <span class='ocrx_word' id='word_1_496' title='bbox 1238 5212 1278 5272; x_wconf 93' lang='lat' dir='ltr'>de</span> <span class='ocrx_word' id='word_1_497' title='bbox 1291 5229 1356 5289; x_wconf 89' lang='lat' dir='ltr'>qua</span> <span class='ocrx_word' id='word_1_498' title='bbox 1377 5229 1415 5274; x_wconf 89' lang='lat' dir='ltr'>se</span> <span class='ocrx_word' id='word_1_499' title='bbox 1438 5228 1504 5274; x_wconf 92' lang='lat' dir='ltr'>non</span> <span class='ocrx_word' id='word_1_500' title='bbox 1519 5216 1625 5290; x_wconf 85' lang='lat' dir='ltr'>possit</span> <span class='ocrx_word' id='word_1_501' title='bbox 1645 5219 1868 5292; x_wconf 86' lang='lat' dir='ltr'>postmodum</span> 
     </span>
     <span class='ocr_line' id='line_1_73' title="bbox 208 5307 1869 5391; baseline 0.004 -15"><span class='ocrx_word' id='word_1_502' title='bbox 208 5331 292 5386; x_wconf 90' lang='lat' dir='ltr'>mus,</span> <span class='ocrx_word' id='word_1_503' title='bbox 306 5313 340 5374; x_wconf 88' lang='lat' dir='ltr'>et</span> <span class='ocrx_word' id='word_1_504' title='bbox 354 5308 528 5387; x_wconf 81' lang='lat' dir='ltr'>praesentis</span> <span class='ocrx_word' id='word_1_505' title='bbox 541 5308 655 5382; x_wconf 88' lang='lat' dir='ltr'>scripti</span> <span class='ocrx_word' id='word_1_506' title='bbox 671 5307 845 5383; x_wconf 87' lang='lat' dir='ltr'>privilegio</span> <span class='ocrx_word' id='word_1_507' title='bbox 859 5324 1004 5369; x_wconf 89' lang='lat' dir='ltr'>commu·</span> <span class='ocrx_word' id='word_1_508' title='bbox 1056 5309 1224 5384; x_wconf 83' lang='lat' dir='ltr'>expedire.</span> <span class='ocrx_word' id='word_1_509' title='bbox 1243 5312 1322 5371; x_wconf 89' lang='lat' dir='ltr'>Post</span> <span class='ocrx_word' id='word_1_510' title='bbox 1337 5309 1409 5371; x_wconf 81' lang='lat' dir='ltr'>llaec</span> <span class='ocrx_word' id='word_1_511' title='bbox 1427 5314 1460 5372; x_wconf 89' lang='lat' dir='ltr'>et</span> <span class='ocrx_word' id='word_1_512' title='bbox 1476 5311 1565 5371; x_wconf 89' lang='lat' dir='ltr'>enim</span> <span class='ocrx_word' id='word_1_513' title='bbox 1582 5312 1663 5374; x_wconf 87' lang='lat' dir='ltr'>dieti</span> <span class='ocrx_word' id='word_1_514' title='bbox 1676 5316 1812 5391; x_wconf 82' lang='lat' dir='ltr'>praelati</span> <span class='ocrx_word' id='word_1_515' title='bbox 1828 5324 1869 5382; x_wconf 86' lang='lat' dir='ltr'>et</span> 
     </span>
     <span class='ocr_line' id='line_1_74' title="bbox 208 5404 1866 5489; baseline 0.003 -18"><span class='ocrx_word' id='word_1_516' title='bbox 208 5412 330 5471; x_wconf 87' lang='lat' dir='ltr'>nimus.</span> <span class='ocrx_word' id='word_1_517' title='bbox 347 5406 438 5469; x_wconf 93' lang='lat' dir='ltr'>Nulli</span> <span class='ocrx_word' id='word_1_518' title='bbox 458 5420 537 5481; x_wconf 89' lang='lat' dir='ltr'>ergo</span> <span class='ocrx_word' id='word_1_519' title='bbox 557 5404 692 5465; x_wconf 90' lang='lat' dir='ltr'>omnino</span> <span class='ocrx_word' id='word_1_520' title='bbox 716 5404 1003 5467; x_wconf 86' lang='lat' dir='ltr'>hominumiiceat</span> <span class='ocrx_word' id='word_1_521' title='bbox 1056 5404 1179 5466; x_wconf 89' lang='lat' dir='ltr'>subditi</span> <span class='ocrx_word' id='word_1_522' title='bbox 1206 5407 1500 5479; x_wconf 85' lang='lat' dir='ltr'>communicantes,</span> <span class='ocrx_word' id='word_1_523' title='bbox 1527 5409 1614 5470; x_wconf 92' lang='lat' dir='ltr'>sicut</span> <span class='ocrx_word' id='word_1_524' title='bbox 1642 5410 1753 5473; x_wconf 88' lang='lat' dir='ltr'>devoti</span> <span class='ocrx_word' id='word_1_525' title='bbox 1778 5415 1866 5489; x_wconf 89' lang='lat' dir='ltr'>iiiii,</span> 
     </span>
     <span class='ocr_line' id='line_1_75' title="bbox 208 5500 1870 5583; baseline 0.004 -17"><span class='ocrx_word' id='word_1_526' title='bbox 208 5507 295 5566; x_wconf 84' lang='lat' dir='ltr'>hanc</span> <span class='ocrx_word' id='word_1_527' title='bbox 309 5504 465 5581; x_wconf 88' lang='lat' dir='ltr'>paginam</span> <span class='ocrx_word' id='word_1_528' title='bbox 474 5502 598 5563; x_wconf 81' lang='lat' dir='ltr'>nostrae</span> <span class='ocrx_word' id='word_1_529' title='bbox 611 5500 873 5563; x_wconf 85' lang='lat' dir='ltr'>confirmationis</span> <span class='ocrx_word' id='word_1_530' title='bbox 885 5502 1004 5563; x_wconf 88' lang='lat' dir='ltr'>inirin-</span> <span class='ocrx_word' id='word_1_531' title='bbox 1055 5502 1171 5563; x_wconf 85' lang='lat' dir='ltr'>matris</span> <span class='ocrx_word' id='word_1_532' title='bbox 1189 5518 1257 5563; x_wconf 88' lang='lat' dir='ltr'>suae</span> <span class='ocrx_word' id='word_1_533' title='bbox 1272 5504 1536 5579; x_wconf 86' lang='lat' dir='ltr'>necessitatibus,</span> <span class='ocrx_word' id='word_1_534' title='bbox 1553 5507 1650 5582; x_wconf 86' lang='lat' dir='ltr'>eique</span> <span class='ocrx_word' id='word_1_535' title='bbox 1663 5508 1870 5583; x_wconf 84' lang='lat' dir='ltr'>aperientes</span> 
     </span>
     <span class='ocr_line' id='line_1_76' title="bbox 209 5598 1870 5680; baseline 0.005 -18"><span class='ocrx_word' id='word_1_536' title='bbox 209 5617 302 5675; x_wconf 83' lang='lat' dir='ltr'>gere,</span> <span class='ocrx_word' id='word_1_537' title='bbox 329 5601 382 5661; x_wconf 87' lang='lat' dir='ltr'>vel</span> <span class='ocrx_word' id='word_1_538' title='bbox 406 5600 545 5661; x_wconf 85' lang='lat' dir='ltr'>clausu</span> <span class='ocrx_word' id='word_1_539' title='bbox 566 5598 744 5660; x_wconf 87' lang='lat' dir='ltr'>temerario</span> <span class='ocrx_word' id='word_1_540' title='bbox 771 5599 949 5660; x_wconf 73' lang='lat' dir='ltr'>conmaire.</span> <span class='ocrx_word' id='word_1_541' title='bbox 966 5600 1002 5660; x_wconf 86' lang='lat' dir='ltr'>Si</span> <span class='ocrx_word' id='word_1_542' title='bbox 1055 5599 1184 5661; x_wconf 76' lang='lat' dir='ltr'>viscera</span> <span class='ocrx_word' id='word_1_543' title='bbox 1217 5599 1368 5675; x_wconf 85' lang='lat' dir='ltr'>pietatis,</span> <span class='ocrx_word' id='word_1_544' title='bbox 1400 5600 1630 5664; x_wconf 89' lang='lat' dir='ltr'>benedictione</span> <span class='ocrx_word' id='word_1_545' title='bbox 1664 5604 1785 5680; x_wconf 87' lang='lat' dir='ltr'>dignos</span> <span class='ocrx_word' id='word_1_546' title='bbox 1823 5626 1870 5672; x_wconf 83' lang='lat' dir='ltr'>se</span> 
     </span>
    </p>
   </div>
   <div class='ocr_carea' id='block_1_18' title="bbox 0 0 1970 6197">
    <p class='ocr_par' dir='ltr' id='par_1_20' title="bbox 0 0 1970 6197">
     <span class='ocr_line' id='line_1_77' title="bbox 0 0 1970 6197; baseline 0 0"><span class='ocrx_word' id='word_1_547' title='bbox 0 0 1970 6197; x_wconf 95' lang='lat' dir='ltr'> </span> 
     </span>
    </p>
   </div>
  </div>
 </body>
</html>
