<?xml version="1.0" encoding="UTF-8"?>
<!DOCTYPE html PUBLIC "-//W3C//DTD XHTML 1.0 Transitional//EN"
    "http://www.w3.org/TR/xhtml1/DTD/xhtml1-transitional.dtd">
<html xmlns="http://www.w3.org/1999/xhtml" xml:lang="en" lang="en">
 <head>
  <title>
</title>
<meta http-equiv="Content-Type" content="text/html;charset=utf-8" />
  <meta name='ocr-system' content='tesseract 3.04.00' />
  <meta name='ocr-capabilities' content='ocr_page ocr_carea ocr_par ocr_line ocrx_word'/>
</head>
<body>
  <div class='ocr_page' id='page_1' title='image "./mediiaevibiblio04bottgoog_0015.png"; bbox 0 0 4014 6224; ppageno 0'>
   <div class='ocr_carea' id='block_1_1' title="bbox 241 303 2001 371">
    <p class='ocr_par' dir='ltr' id='par_1_1' title="bbox 241 303 2001 371">
     <span class='ocr_line' id='line_1_1' title="bbox 241 303 2001 371; baseline -0.006 0"><span class='ocrx_word' id='word_1_1' title='bbox 241 324 286 371; x_wconf 64' lang='lat' dir='ltr'>xi</span> <span class='ocrx_word' id='word_1_2' title='bbox 580 304 634 367; x_wconf 79' lang='lat' dir='ltr'>DE</span> <span class='ocrx_word' id='word_1_3' title='bbox 655 303 788 366; x_wconf 79' lang='lat' dir='ltr'>SEXTO</span> <span class='ocrx_word' id='word_1_4' title='bbox 814 304 992 366; x_wconf 86' lang='lat' dir='ltr'>HONORII</span> <span class='ocrx_word' id='word_1_5' title='bbox 1013 306 1060 366; x_wconf 83' lang='lat'>111</span> <span class='ocrx_word' id='word_1_6' title='bbox 1085 306 1390 368; x_wconf 80' lang='lat' dir='ltr'>PONTIFICATUS</span> <span class='ocrx_word' id='word_1_7' title='bbox 1411 306 1539 368; x_wconf 72' lang='lat' dir='ltr'><strong>ANNO.</strong></span> <span class='ocrx_word' id='word_1_8' title='bbox 1820 320 1882 369; x_wconf 80' lang='lat' dir='ltr'>xvi</span> <span class='ocrx_word' id='word_1_9' title='bbox 2000 320 2001 361; x_wconf 73' lang='lat' dir='ltr'>t</span> 
     </span>
    </p>
   </div>
   <div class='ocr_carea' id='block_1_2' title="bbox 236 460 1883 1158">
    <p class='ocr_par' dir='ltr' id='par_1_2' title="bbox 236 460 1883 1158">
     <span class='ocr_line' id='line_1_2' title="bbox 239 460 1879 537; baseline -0.001 -13"><span class='ocrx_word' id='word_1_10' title='bbox 239 462 442 525; x_wconf 83' lang='lat' dir='ltr'>sarracenisin</span> <span class='ocrx_word' id='word_1_11' title='bbox 457 463 647 523; x_wconf 80' lang='lat' dir='ltr'>suoexeroitu</span> <span class='ocrx_word' id='word_1_12' title='bbox 659 460 808 533; x_wconf 86' lang='lat' dir='ltr'>vocandis,</span> <span class='ocrx_word' id='word_1_13' title='bbox 820 462 1030 537; x_wconf 80' lang='lat' dir='ltr'>puoseregio·</span> <span class='ocrx_word' id='word_1_14' title='bbox 1087 463 1278 536; x_wconf 82' lang='lat' dir='ltr'>Epistolarum</span> <span class='ocrx_word' id='word_1_15' title='bbox 1297 462 1401 521; x_wconf 85' lang='lat' dir='ltr'>librum</span> <span class='ocrx_word' id='word_1_16' title='bbox 1428 470 1541 521; x_wconf 81' lang='lat' dir='ltr'>sextum</span> <span class='ocrx_word' id='word_1_17' title='bbox 1554 462 1670 536; x_wconf 73' lang='lat' dir='ltr'>legeris</span> <span class='ocrx_word' id='word_1_18' title='bbox 1697 464 1726 521; x_wconf 88' lang='lat' dir='ltr'>is</span> <span class='ocrx_word' id='word_1_19' title='bbox 1750 462 1801 521; x_wconf 87' lang='lat' dir='ltr'>tibi</span> <span class='ocrx_word' id='word_1_20' title='bbox 1819 470 1879 522; x_wconf 86' lang='lat' dir='ltr'>tra·</span> 
     </span>
     <span class='ocr_line' id='line_1_3' title="bbox 237 549 1882 626; baseline -0.001 -13"><span class='ocrx_word' id='word_1_21' title='bbox 237 553 322 613; x_wconf 91' lang='lat' dir='ltr'>nibus</span> <span class='ocrx_word' id='word_1_22' title='bbox 336 552 503 614; x_wconf 86' lang='lat' dir='ltr'>Christianis</span> <span class='ocrx_word' id='word_1_23' title='bbox 514 566 605 625; x_wconf 90' lang='lat' dir='ltr'>nuper</span> <span class='ocrx_word' id='word_1_24' title='bbox 622 551 756 624; x_wconf 86' lang='lat' dir='ltr'>ejecerat.</span> <span class='ocrx_word' id='word_1_25' title='bbox 772 552 827 621; x_wconf 87' lang='lat' dir='ltr'>Qui</span> <span class='ocrx_word' id='word_1_26' title='bbox 849 552 963 609; x_wconf 87' lang='lat' dir='ltr'>iliorum</span> <span class='ocrx_word' id='word_1_27' title='bbox 976 565 1032 624; x_wconf 94' lang='lat' dir='ltr'>ope</span> <span class='ocrx_word' id='word_1_28' title='bbox 1086 549 1171 622; x_wconf 89' lang='lat' dir='ltr'>ditur,</span> <span class='ocrx_word' id='word_1_29' title='bbox 1187 551 1385 622; x_wconf 87' lang='lat' dir='ltr'>sednotulam,</span> <span class='ocrx_word' id='word_1_30' title='bbox 1396 551 1725 626; x_wconf 70' lang='lat' dir='ltr'>suspectissimum,</span> <span class='ocrx_word' id='word_1_31' title='bbox 1736 551 1882 611; x_wconf 85' lang='lat' dir='ltr'>hicetiarn</span> 
     </span>
     <span class='ocr_line' id='line_1_4' title="bbox 238 637 1183 713; baseline -0.004 -11"><span class='ocrx_word' id='word_1_32' title='bbox 238 640 337 713; x_wconf 78' lang='lat' dir='ltr'>neus,</span> <span class='ocrx_word' id='word_1_33' title='bbox 358 641 430 699; x_wconf 85' lang='lat' dir='ltr'>nihii</span> <span class='ocrx_word' id='word_1_34' title='bbox 443 654 571 713; x_wconf 82' lang='lat' dir='ltr'>anonam</span> <span class='ocrx_word' id='word_1_35' title='bbox 586 638 845 712; x_wconf 84' lang='lat' dir='ltr'>pertimescendum</span> <span class='ocrx_word' id='word_1_36' title='bbox 860 637 921 696; x_wconf 90' lang='lat' dir='ltr'>iore</span> <span class='ocrx_word' id='word_1_37' title='bbox 945 653 1031 712; x_wconf 88' lang='lat' dir='ltr'>repu-</span> <span class='ocrx_word' id='word_1_38' title='bbox 1087 654 1183 712; x_wconf 92' lang='lat' dir='ltr'>pono:</span> 
     </span>
     <span class='ocr_line' id='line_1_5' title="bbox 236 726 1883 803; baseline -0.002 -14"><span class='ocrx_word' id='word_1_39' title='bbox 236 730 326 790; x_wconf 89' lang='lat' dir='ltr'>tabat.</span> <span class='ocrx_word' id='word_1_40' title='bbox 352 729 455 802; x_wconf 83' lang='lat' dir='ltr'>sicque</span> <span class='ocrx_word' id='word_1_41' title='bbox 480 727 543 784; x_wconf 89' lang='lat' dir='ltr'>dies</span> <span class='ocrx_word' id='word_1_42' title='bbox 570 727 639 785; x_wconf 88' lang='lat' dir='ltr'>maii</span> <span class='ocrx_word' id='word_1_43' title='bbox 663 726 940 801; x_wconf 86' lang='lat' dir='ltr'>appropinquabant,</span> <span class='ocrx_word' id='word_1_44' title='bbox 964 726 1033 784; x_wconf 87' lang='lat' dir='ltr'>dum</span> <span class='ocrx_word' id='word_1_45' title='bbox 1124 750 1136 778; x_wconf 79' lang='grc' dir='ltr'>ι</span> <span class='ocrx_word' id='word_1_46' title='bbox 1163 730 1335 797; x_wconf 73' lang='lat' dir='ltr'>decenno,</span> <span class='ocrx_word' id='word_1_47' title='bbox 1363 728 1455 801; x_wconf 81' lang='lat' dir='ltr'>inquit</span> <span class='ocrx_word' id='word_1_48' title='bbox 1474 727 1647 802; x_wconf 72' lang='lat' dir='ltr'>Rapnaidus</span> <span class='ocrx_word' id='word_1_49' title='bbox 1670 735 1744 786; x_wconf 90' lang='lat' dir='ltr'>terra</span> <span class='ocrx_word' id='word_1_50' title='bbox 1770 727 1883 803; x_wconf 75' lang='lat' dir='ltr'>ingenti</span> 
     </span>
     <span class='ocr_line' id='line_1_6' title="bbox 237 814 1883 890; baseline -0.002 -13"><span class='ocrx_word' id='word_1_51' title='bbox 237 817 381 878; x_wconf 87' lang='lat' dir='ltr'>Honorius</span> <span class='ocrx_word' id='word_1_52' title='bbox 391 824 467 875; x_wconf 91' lang='lat' dir='ltr'>totus</span> <span class='ocrx_word' id='word_1_53' title='bbox 481 817 512 873; x_wconf 94' lang='lat' dir='ltr'>in</span> <span class='ocrx_word' id='word_1_54' title='bbox 525 830 560 873; x_wconf 91' lang='lat' dir='ltr'>eo</span> <span class='ocrx_word' id='word_1_55' title='bbox 578 822 650 885; x_wconf 90' lang='lat' dir='ltr'>erat,</span> <span class='ocrx_word' id='word_1_56' title='bbox 666 822 698 873; x_wconf 87' lang='lat' dir='ltr'>ut</span> <span class='ocrx_word' id='word_1_57' title='bbox 723 818 819 873; x_wconf 76' lang='lat' dir='ltr'>Terras</span> <span class='ocrx_word' id='word_1_58' title='bbox 833 817 945 874; x_wconf 77' lang='lat' dir='ltr'>Sancte</span> <span class='ocrx_word' id='word_1_59' title='bbox 963 814 1030 873; x_wconf 86' lang='lat' dir='ltr'>sub·</span> <span class='ocrx_word' id='word_1_60' title='bbox 1086 831 1226 875; x_wconf 86' lang='lat' dir='ltr'>concussa</span> <span class='ocrx_word' id='word_1_61' title='bbox 1252 825 1340 885; x_wconf 88' lang='lat' dir='ltr'>motu,</span> <span class='ocrx_word' id='word_1_62' title='bbox 1357 818 1437 890; x_wconf 88' lang='lat' dir='ltr'>ptura</span> <span class='ocrx_word' id='word_1_63' title='bbox 1457 817 1547 875; x_wconf 79' lang='lat' dir='ltr'>italia</span> <span class='ocrx_word' id='word_1_64' title='bbox 1564 819 1626 875; x_wconf 90' lang='lat' dir='ltr'>loca</span> <span class='ocrx_word' id='word_1_65' title='bbox 1655 816 1747 874; x_wconf 72' lang='lat' dir='ltr'>duuta</span> <span class='ocrx_word' id='word_1_66' title='bbox 1762 832 1797 875; x_wconf 90' lang='lat' dir='ltr'>ac</span> <span class='ocrx_word' id='word_1_67' title='bbox 1820 818 1883 875; x_wconf 87' lang='lat' dir='ltr'>soto</span> 
     </span>
     <span class='ocr_line' id='line_1_7' title="bbox 237 904 1883 979; baseline -0.002 -13"><span class='ocrx_word' id='word_1_68' title='bbox 237 906 347 966; x_wconf 80' lang='lat' dir='ltr'>sidium·</span> <span class='ocrx_word' id='word_1_69' title='bbox 355 906 488 963; x_wconf 89' lang='lat' dir='ltr'>mitteret.</span> <span class='ocrx_word' id='word_1_70' title='bbox 1086 912 1197 977; x_wconf 73' lang='lat' dir='ltr'>equata</span> <span class='ocrx_word' id='word_1_71' title='bbox 1212 905 1301 962; x_wconf 82' lang='lat' dir='ltr'>inere.</span> <span class='ocrx_word' id='word_1_72' title='bbox 1327 907 1358 963; x_wconf 93' lang='lat' dir='ltr'>ln</span> <span class='ocrx_word' id='word_1_73' title='bbox 1374 904 1584 979; x_wconf 81' lang='lat' dir='ltr'>Langobardia,</span> <span class='ocrx_word' id='word_1_74' title='bbox 1600 906 1665 962; x_wconf 88' lang='lat' dir='ltr'>tatis</span> <span class='ocrx_word' id='word_1_75' title='bbox 1682 912 1764 962; x_wconf 79' lang='lat' dir='ltr'>terre</span> <span class='ocrx_word' id='word_1_76' title='bbox 1788 912 1883 962; x_wconf 88' lang='lat' dir='ltr'>motus</span> 
     </span>
     <span class='ocr_line' id='line_1_8' title="bbox 272 990 1881 1067; baseline -0.001 -15"><span class='ocrx_word' id='word_1_77' title='bbox 272 997 318 1063; x_wconf 84' lang='lat' dir='ltr'>Et,</span> <span class='ocrx_word' id='word_1_78' title='bbox 333 994 399 1067; x_wconf 83' lang='lat' dir='ltr'>quia</span> <span class='ocrx_word' id='word_1_79' title='bbox 414 993 492 1051; x_wconf 90' lang='lat' dir='ltr'>omni</span> <span class='ocrx_word' id='word_1_80' title='bbox 504 991 568 1066; x_wconf 78' lang='lat' dir='ltr'>regi</span> <span class='ocrx_word' id='word_1_81' title='bbox 580 1007 630 1049; x_wconf 91' lang='lat' dir='ltr'>seu</span> <span class='ocrx_word' id='word_1_82' title='bbox 646 992 777 1065; x_wconf 78' lang='lat' dir='ltr'>principi,</span> <span class='ocrx_word' id='word_1_83' title='bbox 795 1006 883 1064; x_wconf 87' lang='lat' dir='ltr'>quum</span> <span class='ocrx_word' id='word_1_84' title='bbox 907 991 935 1047; x_wconf 95' lang='lat' dir='ltr'>in</span> <span class='ocrx_word' id='word_1_85' title='bbox 951 991 1033 1065; x_wconf 83' lang='lat' dir='ltr'>pejus</span> <span class='ocrx_word' id='word_1_86' title='bbox 1086 990 1148 1062; x_wconf 81' lang='lat' dir='ltr'>fuit,</span> <span class='ocrx_word' id='word_1_87' title='bbox 1160 994 1222 1066; x_wconf 88' lang='lat' dir='ltr'>ipso</span> <span class='ocrx_word' id='word_1_88' title='bbox 1234 992 1281 1050; x_wconf 91' lang='lat' dir='ltr'>die</span> <span class='ocrx_word' id='word_1_89' title='bbox 1291 994 1399 1051; x_wconf 88' lang='lat' dir='ltr'>Natalis</span> <span class='ocrx_word' id='word_1_90' title='bbox 1406 994 1531 1062; x_wconf 87' lang='lat' dir='ltr'>Domini,</span> <span class='ocrx_word' id='word_1_91' title='bbox 1543 1009 1595 1065; x_wconf 90' lang='lat' dir='ltr'>per</span> <span class='ocrx_word' id='word_1_92' title='bbox 1604 992 1675 1051; x_wconf 90' lang='lat' dir='ltr'>duas</span> <span class='ocrx_word' id='word_1_93' title='bbox 1685 992 1881 1050; x_wconf 75' lang='lat' dir='ltr'>hebdomadas</span> 
     </span>
     <span class='ocr_line' id='line_1_9' title="bbox 237 1080 1881 1158; baseline -0.001 -18"><span class='ocrx_word' id='word_1_94' title='bbox 237 1083 373 1158; x_wconf 83' lang='lat' dir='ltr'>paulatim</span> <span class='ocrx_word' id='word_1_95' title='bbox 386 1082 451 1151; x_wconf 84' lang='lat' dir='ltr'>ruit,</span> <span class='ocrx_word' id='word_1_96' title='bbox 467 1096 525 1138; x_wconf 92' lang='lat' dir='ltr'>non</span> <span class='ocrx_word' id='word_1_97' title='bbox 540 1080 643 1139; x_wconf 89' lang='lat' dir='ltr'>desunt</span> <span class='ocrx_word' id='word_1_98' title='bbox 653 1081 706 1138; x_wconf 89' lang='lat' dir='ltr'>viri</span> <span class='ocrx_word' id='word_1_99' title='bbox 717 1081 784 1138; x_wconf 90' lang='lat' dir='ltr'>maii</span> <span class='ocrx_word' id='word_1_100' title='bbox 797 1089 825 1138; x_wconf 87' lang='lat' dir='ltr'>ct</span> <span class='ocrx_word' id='word_1_101' title='bbox 835 1080 962 1154; x_wconf 89' lang='lat' dir='ltr'>perversi</span> <span class='ocrx_word' id='word_1_102' title='bbox 984 1081 1032 1153; x_wconf 79' lang='lat' dir='ltr'>qui</span> <span class='ocrx_word' id='word_1_103' title='bbox 1086 1081 1210 1154; x_wconf 79' lang='lat' dir='ltr'>quotidie</span> <span class='ocrx_word' id='word_1_104' title='bbox 1219 1083 1263 1138; x_wconf 89' lang='lat' dir='ltr'>bis</span> <span class='ocrx_word' id='word_1_105' title='bbox 1277 1081 1446 1156; x_wconf 76' lang='lat' dir='ltr'>perdurans,</span> <span class='ocrx_word' id='word_1_106' title='bbox 1457 1090 1488 1140; x_wconf 90' lang='lat' dir='ltr'>ut</span> <span class='ocrx_word' id='word_1_107' title='bbox 1497 1083 1527 1139; x_wconf 94' lang='lat' dir='ltr'>in</span> <span class='ocrx_word' id='word_1_108' title='bbox 1540 1081 1667 1154; x_wconf 86' lang='lat' dir='ltr'>pluribus</span> <span class='ocrx_word' id='word_1_109' title='bbox 1674 1082 1746 1138; x_wconf 92' lang='lat' dir='ltr'>iocis</span> <span class='ocrx_word' id='word_1_110' title='bbox 1760 1080 1881 1139; x_wconf 75' lang='lat' dir='ltr'>edificia</span> 
     </span>
    </p>
   </div>
   <div class='ocr_carea' id='block_1_3' title="bbox 237 1169 2001 1243">
    <p class='ocr_par' dir='ltr' id='par_1_3' title="bbox 237 1169 2001 1243">
     <span class='ocr_line' id='line_1_10' title="bbox 237 1169 2001 1243; baseline -0.002 -13"><span class='ocrx_word' id='word_1_111' title='bbox 237 1171 291 1231; x_wconf 84' lang='lat' dir='ltr'>sibi</span> <span class='ocrx_word' id='word_1_112' title='bbox 305 1171 481 1239; x_wconf 78' lang='lat' dir='ltr'>adhereant,</span> <span class='ocrx_word' id='word_1_113' title='bbox 500 1169 562 1242; x_wconf 77' lang='lat' dir='ltr'>iam</span> <span class='ocrx_word' id='word_1_114' title='bbox 586 1169 747 1239; x_wconf 86' lang='lat' dir='ltr'>Eecelinus,</span> <span class='ocrx_word' id='word_1_115' title='bbox 770 1169 859 1243; x_wconf 83' lang='lat' dir='ltr'>mrigo</span> <span class='ocrx_word' id='word_1_116' title='bbox 881 1169 1030 1237; x_wconf 80' lang='lat' dir='ltr'>Ezzetino,</span> <span class='ocrx_word' id='word_1_117' title='bbox 1085 1177 1114 1226; x_wconf 92' lang='lat' dir='ltr'>et</span> <span class='ocrx_word' id='word_1_118' title='bbox 1142 1171 1278 1227; x_wconf 84' lang='lat' dir='ltr'>aootestas</span> <span class='ocrx_word' id='word_1_119' title='bbox 1301 1179 1452 1239; x_wconf 71' lang='lat' dir='ltr'>everteret,</span> <span class='ocrx_word' id='word_1_120' title='bbox 1481 1170 1671 1242; x_wconf 77' lang='lat' dir='ltr'>hominesque</span> <span class='ocrx_word' id='word_1_121' title='bbox 1696 1171 1881 1243; x_wconf 88' lang='lat' dir='ltr'>opprimeret,</span> <span class='ocrx_word' id='word_1_122' title='bbox 1999 1186 2001 1205; x_wconf 63' lang='lat'><em>³</em></span> 
     </span>
    </p>
   </div>
   <div class='ocr_carea' id='block_1_4' title="bbox 235 1256 1885 2217">
    <p class='ocr_par' dir='ltr' id='par_1_4' title="bbox 235 1256 1883 1859">
     <span class='ocr_line' id='line_1_11' title="bbox 238 1256 1882 1335; baseline -0.002 -17"><span class='ocrx_word' id='word_1_123' title='bbox 238 1261 287 1335; x_wconf 88' lang='lat' dir='ltr'>qui</span> <span class='ocrx_word' id='word_1_124' title='bbox 299 1267 398 1334; x_wconf 90' lang='lat' dir='ltr'>postea</span> <span class='ocrx_word' id='word_1_125' title='bbox 409 1261 502 1317; x_wconf 76' lang='lat' dir='ltr'>Feros</span> <span class='ocrx_word' id='word_1_126' title='bbox 511 1259 732 1332; x_wconf 79' lang='lat' dir='ltr'>cognominatus</span> <span class='ocrx_word' id='word_1_127' title='bbox 743 1265 796 1328; x_wconf 87' lang='lat' dir='ltr'>est,</span> <span class='ocrx_word' id='word_1_128' title='bbox 808 1257 894 1315; x_wconf 86' lang='lat' dir='ltr'>homo</span> <span class='ocrx_word' id='word_1_129' title='bbox 906 1259 1031 1331; x_wconf 87' lang='lat' dir='ltr'>potentia</span> <span class='ocrx_word' id='word_1_130' title='bbox 1085 1258 1210 1317; x_wconf 80' lang='lat' dir='ltr'>Brixiam</span> <span class='ocrx_word' id='word_1_131' title='bbox 1223 1273 1335 1330; x_wconf 81' lang='lat' dir='ltr'>quoque</span> <span class='ocrx_word' id='word_1_132' title='bbox 1349 1259 1495 1315; x_wconf 88' lang='lat' dir='ltr'>civitatem</span> <span class='ocrx_word' id='word_1_133' title='bbox 1511 1256 1570 1314; x_wconf 88' lang='lat' dir='ltr'>iere</span> <span class='ocrx_word' id='word_1_134' title='bbox 1591 1265 1681 1316; x_wconf 88' lang='lat' dir='ltr'>totam</span> <span class='ocrx_word' id='word_1_135' title='bbox 1695 1272 1761 1315; x_wconf 89' lang='lat' dir='ltr'>cum</span> <span class='ocrx_word' id='word_1_136' title='bbox 1776 1256 1882 1330; x_wconf 82' lang='lat' dir='ltr'>populo</span> 
     </span>
     <span class='ocr_line' id='line_1_12' title="bbox 236 1346 1882 1422; baseline -0.002 -16"><span class='ocrx_word' id='word_1_137' title='bbox 236 1356 266 1408; x_wconf 90' lang='lat' dir='ltr'>et</span> <span class='ocrx_word' id='word_1_138' title='bbox 276 1348 378 1422; x_wconf 87' lang='lat' dir='ltr'>opibus</span> <span class='ocrx_word' id='word_1_139' title='bbox 390 1347 617 1416; x_wconf 83' lang='lat' dir='ltr'>florentissimus,</span> <span class='ocrx_word' id='word_1_140' title='bbox 637 1347 795 1419; x_wconf 84' lang='lat' dir='ltr'>inquietum</span> <span class='ocrx_word' id='word_1_141' title='bbox 805 1361 889 1404; x_wconf 89' lang='lat' dir='ltr'>suum</span> <span class='ocrx_word' id='word_1_142' title='bbox 904 1347 1031 1403; x_wconf 89' lang='lat' dir='ltr'>animum</span> <span class='ocrx_word' id='word_1_143' title='bbox 1086 1346 1251 1403; x_wconf 86' lang='lat' dir='ltr'>obrueret...</span> <span class='ocrx_word' id='word_1_144' title='bbox 1264 1347 1405 1405; x_wconf 76' lang='lat' dir='ltr'>cesarius</span> <span class='ocrx_word' id='word_1_145' title='bbox 1421 1354 1520 1403; x_wconf 81' lang='lat' dir='ltr'>auctor</span> <span class='ocrx_word' id='word_1_146' title='bbox 1536 1353 1581 1403; x_wconf 91' lang='lat' dir='ltr'>est</span> <span class='ocrx_word' id='word_1_147' title='bbox 1594 1346 1697 1403; x_wconf 79' lang='lat' dir='ltr'>Brixia</span> <span class='ocrx_word' id='word_1_148' title='bbox 1720 1353 1780 1402; x_wconf 90' lang='lat' dir='ltr'>tum</span> <span class='ocrx_word' id='word_1_149' title='bbox 1794 1360 1882 1417; x_wconf 90' lang='lat' dir='ltr'>supra</span> 
     </span>
     <span class='ocr_line' id='line_1_13' title="bbox 236 1432 1877 1510; baseline -0.003 -16"><span class='ocrx_word' id='word_1_150' title='bbox 236 1436 401 1510; x_wconf 79' lang='lat' dir='ltr'>evulgabat.</span> <span class='ocrx_word' id='word_1_151' title='bbox 424 1435 488 1505; x_wconf 82' lang='lat' dir='ltr'>Qui,</span> <span class='ocrx_word' id='word_1_152' title='bbox 502 1443 656 1508; x_wconf 80' lang='lat' dir='ltr'>antequam</span> <span class='ocrx_word' id='word_1_153' title='bbox 671 1435 887 1492; x_wconf 76' lang='lat' dir='ltr'>immanissimis</span> <span class='ocrx_word' id='word_1_154' title='bbox 915 1434 1031 1507; x_wconf 79' lang='lat' dir='ltr'>flagitiis</span> <span class='ocrx_word' id='word_1_155' title='bbox 1086 1432 1236 1492; x_wconf 83' lang='lat' dir='ltr'>duodecim</span> <span class='ocrx_word' id='word_1_156' title='bbox 1264 1433 1414 1492; x_wconf 89' lang='lat' dir='ltr'>hominnm</span> <span class='ocrx_word' id='word_1_157' title='bbox 1443 1434 1530 1491; x_wconf 84' lang='lat' dir='ltr'>mittis</span> <span class='ocrx_word' id='word_1_158' title='bbox 1560 1434 1713 1503; x_wconf 90' lang='lat' dir='ltr'>interiisse,</span> <span class='ocrx_word' id='word_1_159' title='bbox 1739 1432 1877 1491; x_wconf 77' lang='lat' dir='ltr'>Mediola-</span> 
     </span>
     <span class='ocr_line' id='line_1_14' title="bbox 235 1521 1878 1596; baseline -0.004 -12"><span class='ocrx_word' id='word_1_160' title='bbox 235 1524 486 1593; x_wconf 87' lang='lat' dir='ltr'>oontaminaretur,</span> <span class='ocrx_word' id='word_1_161' title='bbox 508 1522 544 1580; x_wconf 93' lang='lat' dir='ltr'>ad</span> <span class='ocrx_word' id='word_1_162' title='bbox 565 1523 722 1580; x_wconf 85' lang='lat' dir='ltr'>Honorium</span> <span class='ocrx_word' id='word_1_163' title='bbox 737 1522 851 1596; x_wconf 80' lang='lat' dir='ltr'>scripsit</span> <span class='ocrx_word' id='word_1_164' title='bbox 875 1523 957 1594; x_wconf 83' lang='lat' dir='ltr'>quasi</span> <span class='ocrx_word' id='word_1_165' title='bbox 980 1537 1030 1580; x_wconf 92' lang='lat' dir='ltr'>ou·</span> <span class='ocrx_word' id='word_1_166' title='bbox 1086 1537 1191 1580; x_wconf 88' lang='lat' dir='ltr'>nenses</span> <span class='ocrx_word' id='word_1_167' title='bbox 1203 1537 1281 1592; x_wconf 83' lang='lat' dir='ltr'>vero,</span> <span class='ocrx_word' id='word_1_168' title='bbox 1302 1523 1428 1596; x_wconf 87' lang='lat' dir='ltr'>periculo</span> <span class='ocrx_word' id='word_1_169' title='bbox 1440 1523 1619 1592; x_wconf 86' lang='lat' dir='ltr'>conterritos,</span> <span class='ocrx_word' id='word_1_170' title='bbox 1635 1521 1763 1594; x_wconf 83' lang='lat' dir='ltr'>urbeque</span> <span class='ocrx_word' id='word_1_171' title='bbox 1777 1536 1878 1595; x_wconf 77' lang='lat' dir='ltr'>egres·</span> 
     </span>
     <span class='ocr_line' id='line_1_15' title="bbox 236 1610 1882 1688; baseline -0.002 -18"><span class='ocrx_word' id='word_1_172' title='bbox 236 1614 319 1688; x_wconf 89' lang='lat' dir='ltr'>piens</span> <span class='ocrx_word' id='word_1_173' title='bbox 343 1612 474 1670; x_wconf 88' lang='lat' dir='ltr'>mititiam</span> <span class='ocrx_word' id='word_1_174' title='bbox 499 1611 686 1684; x_wconf 81' lang='lat' dir='ltr'>temporetam</span> <span class='ocrx_word' id='word_1_175' title='bbox 714 1618 743 1669; x_wconf 92' lang='lat' dir='ltr'>et</span> <span class='ocrx_word' id='word_1_176' title='bbox 767 1611 864 1669; x_wconf 90' lang='lat' dir='ltr'>omnia</span> <span class='ocrx_word' id='word_1_177' title='bbox 884 1611 1031 1668; x_wconf 79' lang='lat' dir='ltr'>seetdaria</span> <span class='ocrx_word' id='word_1_178' title='bbox 1085 1610 1294 1679; x_wconf 89' lang='lat' dir='ltr'>sos‚oetodies</span> <span class='ocrx_word' id='word_1_179' title='bbox 1305 1611 1882 1683; x_wconf 82' lang='lat' dir='ltr'>eoqueempiiusintentoriismoratos...</span> 
     </span>
     <span class='ocr_line' id='line_1_16' title="bbox 237 1698 1883 1776; baseline -0.004 -17"><span class='ocrx_word' id='word_1_180' title='bbox 237 1701 393 1776; x_wconf 75' lang='lat' dir='ltr'>abnegare,</span> <span class='ocrx_word' id='word_1_181' title='bbox 408 1708 438 1759; x_wconf 90' lang='lat' dir='ltr'>et</span> <span class='ocrx_word' id='word_1_182' title='bbox 462 1700 493 1757; x_wconf 94' lang='lat' dir='ltr'>in</span> <span class='ocrx_word' id='word_1_183' title='bbox 513 1699 650 1773; x_wconf 80' lang='lat' dir='ltr'>religioso</span> <span class='ocrx_word' id='word_1_184' title='bbox 675 1698 774 1758; x_wconf 86' lang='lat' dir='ltr'>habitu</span> <span class='ocrx_word' id='word_1_185' title='bbox 797 1698 943 1757; x_wconf 90' lang='lat' dir='ltr'>residuum</span> <span class='ocrx_word' id='word_1_186' title='bbox 965 1699 1032 1757; x_wconf 81' lang='lat' dir='ltr'>uitta</span> <span class='ocrx_word' id='word_1_187' title='bbox 1086 1699 1296 1756; x_wconf 81' lang='lat' dir='ltr'>Duaeoivitates</span> <span class='ocrx_word' id='word_1_188' title='bbox 1305 1699 1391 1756; x_wconf 90' lang='lat' dir='ltr'>etiam</span> <span class='ocrx_word' id='word_1_189' title='bbox 1402 1699 1432 1756; x_wconf 92' lang='lat' dir='ltr'>in</span> <span class='ocrx_word' id='word_1_190' title='bbox 1444 1701 1535 1771; x_wconf 81' lang='lat' dir='ltr'>cypro</span> <span class='ocrx_word' id='word_1_191' title='bbox 1548 1713 1564 1756; x_wconf 91' lang='lat' dir='ltr'>a</span> <span class='ocrx_word' id='word_1_192' title='bbox 1579 1706 1661 1756; x_wconf 81' lang='lat' dir='ltr'>terre</span> <span class='ocrx_word' id='word_1_193' title='bbox 1675 1705 1753 1755; x_wconf 89' lang='lat' dir='ltr'>motu</span> <span class='ocrx_word' id='word_1_194' title='bbox 1767 1711 1883 1754; x_wconf 88' lang='lat' dir='ltr'>corrue·</span> 
     </span>
     <span class='ocr_line' id='line_1_17' title="bbox 236 1785 1882 1859; baseline -0.004 -11"><span class='ocrx_word' id='word_1_195' title='bbox 236 1803 417 1849; x_wconf 76' lang='lat' dir='ltr'>consumere.</span> <span class='ocrx_word' id='word_1_196' title='bbox 1086 1793 1185 1844; x_wconf 90' lang='lat' dir='ltr'>runt...</span> <span class='ocrx_word' id='word_1_197' title='bbox 1200 1789 1242 1844; x_wconf 82' lang='lat' dir='ltr'>ne</span> <span class='ocrx_word' id='word_1_198' title='bbox 1256 1785 1396 1859; x_wconf 79' lang='lat' dir='ltr'>eiusmodi</span> <span class='ocrx_word' id='word_1_199' title='bbox 1411 1794 1494 1844; x_wconf 73' lang='lat' dir='ltr'>terrie</span> <span class='ocrx_word' id='word_1_200' title='bbox 1503 1792 1581 1844; x_wconf 89' lang='lat' dir='ltr'>motu</span> <span class='ocrx_word' id='word_1_201' title='bbox 1596 1786 1726 1843; x_wconf 87' lang='lat' dir='ltr'>meminit</span> <span class='ocrx_word' id='word_1_202' title='bbox 1735 1785 1882 1843; x_wconf 80' lang='lat' dir='ltr'>Honorius</span> 
     </span>
    </p>

    <p class='ocr_par' dir='ltr' id='par_1_5' title="bbox 235 1872 1885 2217">
     <span class='ocr_line' id='line_1_18' title="bbox 272 1872 1882 1950; baseline -0.005 -12"><span class='ocrx_word' id='word_1_203' title='bbox 272 1877 363 1948; x_wconf 90' lang='lat' dir='ltr'>Unde,</span> <span class='ocrx_word' id='word_1_204' title='bbox 376 1878 405 1935; x_wconf 89' lang='lat' dir='ltr'>in</span> <span class='ocrx_word' id='word_1_205' title='bbox 420 1876 584 1947; x_wconf 84' lang='lat' dir='ltr'>Occidente,</span> <span class='ocrx_word' id='word_1_206' title='bbox 600 1876 797 1950; x_wconf 83' lang='lat' dir='ltr'>quumomnia</span> <span class='ocrx_word' id='word_1_207' title='bbox 811 1876 937 1950; x_wconf 88' lang='lat' dir='ltr'>speciem</span> <span class='ocrx_word' id='word_1_208' title='bbox 950 1882 1030 1933; x_wconf 79' lang='lat' dir='ltr'>tran</span> <span class='ocrx_word' id='word_1_209' title='bbox 1087 1890 1159 1947; x_wconf 94' lang='lat' dir='ltr'>papa</span> <span class='ocrx_word' id='word_1_210' title='bbox 1181 1876 1291 1943; x_wconf 87' lang='lat' dir='ltr'>titteris,</span> <span class='ocrx_word' id='word_1_211' title='bbox 1307 1873 1376 1932; x_wconf 89' lang='lat' dir='ltr'>dum</span> <span class='ocrx_word' id='word_1_212' title='bbox 1399 1874 1438 1932; x_wconf 88' lang='lat' dir='ltr'>ait</span> <span class='ocrx_word' id='word_1_213' title='bbox 1463 1892 1470 1932; x_wconf 77' lang='grc' dir='ltr'>ε</span> <span class='ocrx_word' id='word_1_214' title='bbox 1495 1876 1593 1947; x_wconf 85' lang='lat' dir='ltr'>Nuper</span> <span class='ocrx_word' id='word_1_215' title='bbox 1615 1889 1741 1947; x_wconf 87' lang='lat' dir='ltr'>namque</span> <span class='ocrx_word' id='word_1_216' title='bbox 1763 1873 1793 1930; x_wconf 94' lang='lat' dir='ltr'>in</span> <span class='ocrx_word' id='word_1_217' title='bbox 1819 1872 1882 1946; x_wconf 88' lang='lat' dir='ltr'>piu·</span> 
     </span>
     <span class='ocr_line' id='line_1_19' title="bbox 235 1960 1885 2041; baseline -0.002 -17"><span class='ocrx_word' id='word_1_218' title='bbox 235 1967 381 2041; x_wconf 82' lang='lat' dir='ltr'>qrtiliitatis</span> <span class='ocrx_word' id='word_1_219' title='bbox 395 1965 544 2035; x_wconf 86' lang='lat' dir='ltr'>haberent,</span> <span class='ocrx_word' id='word_1_220' title='bbox 573 1964 712 2023; x_wconf 86' lang='lat' dir='ltr'>nubecula</span> <span class='ocrx_word' id='word_1_221' title='bbox 734 1963 821 2022; x_wconf 83' lang='lat' dir='ltr'>debat</span> <span class='ocrx_word' id='word_1_222' title='bbox 846 1964 947 2031; x_wconf 87' lang='lat' dir='ltr'>nubes,</span> <span class='ocrx_word' id='word_1_223' title='bbox 969 1978 1033 2036; x_wconf 76' lang='lat' dir='ltr'>quea</span> <span class='ocrx_word' id='word_1_224' title='bbox 1087 1964 1165 2021; x_wconf 86' lang='lat' dir='ltr'>ribus</span> <span class='ocrx_word' id='word_1_225' title='bbox 1189 1964 1261 2021; x_wconf 88' lang='lat' dir='ltr'>loeis</span> <span class='ocrx_word' id='word_1_226' title='bbox 1282 1963 1420 2021; x_wconf 88' lang='lat' dir='ltr'>Dominus</span> <span class='ocrx_word' id='word_1_227' title='bbox 1440 1970 1546 2020; x_wconf 90' lang='lat' dir='ltr'>terram</span> <span class='ocrx_word' id='word_1_228' title='bbox 1560 1970 1694 2036; x_wconf 85' lang='lat' dir='ltr'>tangens,</span> <span class='ocrx_word' id='word_1_229' title='bbox 1718 1968 1747 2019; x_wconf 88' lang='lat' dir='ltr'>et</span> <span class='ocrx_word' id='word_1_230' title='bbox 1773 1960 1885 2021; x_wconf 87' lang='lat' dir='ltr'>iaciens</span> 
     </span>
     <span class='ocr_line' id='line_1_20' title="bbox 235 2049 1817 2126; baseline -0.004 -12"><span class='ocrx_word' id='word_1_231' title='bbox 235 2055 419 2114; x_wconf 86' lang='lat' dir='ltr'>serenitatem</span> <span class='ocrx_word' id='word_1_232' title='bbox 438 2055 522 2123; x_wconf 88' lang='lat' dir='ltr'>aeris,</span> <span class='ocrx_word' id='word_1_233' title='bbox 539 2067 597 2110; x_wconf 93' lang='lat' dir='ltr'>non</span> <span class='ocrx_word' id='word_1_234' title='bbox 620 2059 686 2126; x_wconf 91' lang='lat' dir='ltr'>post</span> <span class='ocrx_word' id='word_1_235' title='bbox 699 2051 761 2111; x_wconf 88' lang='lat' dir='ltr'>dies</span> <span class='ocrx_word' id='word_1_236' title='bbox 775 2053 880 2109; x_wconf 88' lang='lat' dir='ltr'>muitos</span> <span class='ocrx_word' id='word_1_237' title='bbox 895 2052 1031 2110; x_wconf 85' lang='lat' dir='ltr'>turbaret.</span> <span class='ocrx_word' id='word_1_238' title='bbox 1086 2067 1151 2111; x_wconf 89' lang='lat' dir='ltr'>eam</span> <span class='ocrx_word' id='word_1_239' title='bbox 1162 2059 1295 2124; x_wconf 89' lang='lat' dir='ltr'>tremere,</span> <span class='ocrx_word' id='word_1_240' title='bbox 1318 2053 1422 2110; x_wconf 88' lang='lat' dir='ltr'>mattos</span> <span class='ocrx_word' id='word_1_241' title='bbox 1433 2052 1589 2110; x_wconf 81' lang='lat' dir='ltr'>conterruit</span> <span class='ocrx_word' id='word_1_242' title='bbox 1603 2049 1640 2110; x_wconf 89' lang='lat' dir='ltr'>ad</span> <span class='ocrx_word' id='word_1_243' title='bbox 1653 2051 1775 2109; x_wconf 82' lang='lat' dir='ltr'>salutem</span> <span class='ocrx_word' id='word_1_244' title='bbox 1792 2071 1817 2108; x_wconf 78' lang='grc' dir='ltr'>ι.</span> 
     </span>
     <span class='ocr_line' id='line_1_21' title="bbox 236 2139 1051 2217; baseline -0.006 -14"><span class='ocrx_word' id='word_1_245' title='bbox 236 2144 305 2204; x_wconf 76' lang='lat' dir='ltr'>iimo</span> <span class='ocrx_word' id='word_1_246' title='bbox 314 2151 381 2202; x_wconf 91' lang='lat' dir='ltr'>sunt</span> <span class='ocrx_word' id='word_1_247' title='bbox 394 2157 458 2217; x_wconf 84' lang='lat' dir='ltr'>quse</span> <span class='ocrx_word' id='word_1_248' title='bbox 467 2143 498 2201; x_wconf 92' lang='lat' dir='ltr'>in</span> <span class='ocrx_word' id='word_1_249' title='bbox 514 2148 611 2200; x_wconf 88' lang='lat' dir='ltr'>mente</span> <span class='ocrx_word' id='word_1_250' title='bbox 625 2139 766 2200; x_wconf 88' lang='lat' dir='ltr'>recondas</span> <span class='ocrx_word' id='word_1_251' title='bbox 779 2141 856 2213; x_wconf 77' lang='lat' dir='ltr'>noio,</span> <span class='ocrx_word' id='word_1_252' title='bbox 870 2139 938 2199; x_wconf 92' lang='lat' dir='ltr'>dum</span> <span class='ocrx_word' id='word_1_253' title='bbox 956 2139 1051 2199; x_wconf 89' lang='lat' dir='ltr'>huno·</span> 
     </span>
    </p>
   </div>
   <div class='ocr_carea' id='block_1_5' title="bbox 0 0 2012 6224">
    <p class='ocr_par' dir='ltr' id='par_1_6' title="bbox 0 0 2012 6224">
     <span class='ocr_line' id='line_1_22' title="bbox 0 0 2012 6224; baseline 0 2"><span class='ocrx_word' id='word_1_254' title='bbox 0 0 2012 6224; x_wconf 95' lang='lat' dir='ltr'> </span> 
     </span>
    </p>
   </div>
  </div>
 </body>
</html>
