3886 6214
180 281 245 343 283

179 440 225 503 Μ.
238 438 416 503 aretinum
431 435 636 514 episcopum,
653 432 711 510 qui
725 446 814 495 nunc
829 431 890 503 ast,
907 428 981 493 tue·

179 537 227 599 rit
239 536 449 613 postmodum
464 532 670 603 confirmata,
687 528 821 607 plebani
834 528 979 606 plebium

180 634 373 711 earumdem
399 631 587 709 etquidem
614 629 673 691 alii
696 628 812 690 clerici
841 628 875 689 et
898 625 979 689 laici

180 732 328 795 Aretinae
345 730 499 795 diocesis
519 727 666 790 decimas
680 726 763 803 ipsis
778 725 980 800 contraius-

181 828 291 903 titiam
320 827 480 895 detinent,
505 828 539 890 ot
567 825 707 888 reddere
735 822 977 885 contradicunt.

175 926 325 1002 <Ideoque
349 924 543 987 discretioni
563 924 684 985 restrae
706 937 767 999 per
787 919 978 998 apostolica

181 1023 307 1099 scripta
322 1022 530 1094 mandamus,
545 1022 709 1099 quatenus
726 1017 876 1096 partibus
893 1032 977 1079 con·

180 1121 320 1191 vocatis,
348 1119 493 1181 audiatis
519 1133 666 1190 causam,
694 1118 729 1179 et
754 1115 978 1193 appellatione

180 1217 309 1281 remota
328 1215 393 1278 tine
413 1215 577 1279 canonico
594 1215 792 1286 terminetis,
816 1212 978 1275 iacientes

178 1314 266 1393 quod
287 1312 502 1377 decreveritis
519 1328 579 1390 per
597 1325 773 1377 consuram
791 1309 976 1373 ecclesias·

112 1484 116 1491 ‚
177 1412 279 1475 ticam
301 1410 484 1477 observari.
504 1412 618 1473 Testes
633 1410 755 1480 autem,
772 1408 836 1471 etc.
857 1408 977 1470 Datum

180 1508 351 1582 Laterani,
364 1510 393 1571 V
405 1508 473 1573 kal.
487 1507 660 1580 februarii,
674 1504 886 1587 pontificatus
898 1520 978 1569 nos-

180 1605 225 1671 tri
238 1618 327 1671 anno
341 1606 493 1684 septimo.

342 2118 395 2177 Ad
419 2116 615 2190 episcopum
637 2113 815 2176 Pictones.

445 2244 481 2305 28
491 2244 614 2318 ianuarii
631 2243 710 2305 tm.

214 2369 338 2436 magam..
347 2367 383 2420 tib
392 2368 448 2431 vll,
460 2368 535 2434 epist.
546 2366 586 2420 Bt.
600 2369 658 2420 llas.
672 2369 710 2421 Ls
718 2368 794 2419 Porto
803 2366 838 2418 du
850 2364 946 2432 Tbeil]

180 2492 215 2555 Ei
227 2490 344 2552 mandet
354 2499 396 2562 ot,
409 2506 467 2550 non
480 2491 612 2550 obstante
624 2490 749 2565 modam
761 2488 912 2559 dueordlr,
928 2503 976 2546 ca·

216 2580 314 2639 nontci
327 2580 457 2639 ecclesie
473 2581 501 2641 S.
522 2579 707 2654 ltadeguudis
726 2594 808 2639 suam
823 2577 976 2638 ecclesiam

216 2667 255 2726 de
268 2668 399 2743 personis
413 2666 523 2727 idoneis
534 2666 666 2725 ordinare
681 2667 800 2740 possint.

219 2804 401 2876 Honorius,
425 2802 501 2876 etc,
520 2800 707 2865 venerabili
728 2800 861 2863 fratri...
886 2800 976 2878 epis-

181 2914 265 2978 copo
292 2902 477 2973 Pictorem,
509 2901 651 2963 salutem
686 2901 719 2962 et
750 2898 975 2977 Apostolicam

180 2995 456 3060 benedictionem.

220 3095 340 3157 Dilecti
363 3094 425 3157 dlii
447 3098 486 3157 lt.
512 3095 666 3170 Joselini,
688 3094 847 3173 magister
871 3096 908 3156 P.
934 3093 975 3155 de

182 3192 287 3254 Podio
300 3194 420 3265 amato,
437 3195 534 3269 llugo
548 3193 588 3254 de
602 3194 723 3255 Sancto
743 3193 924 3264 Maxentio,
941 3195 975 3254 et

180 3290 313 3368 quidam
335 3290 395 3351 alii
416 3290 568 3353 canonici
588 3290 739 3351 ecclesiae
762 3290 891 3351 Sanctae
906 3292 976 3351 Ra·

180 3386 342 3461 degundis
357 3386 528 3449 Pictaven.
546 3385 644 3449 nohis
656 3386 828 3448 humiliter
841 3386 974 3465 suppli-

180 3484 300 3545 carunt
320 3483 366 3556 ut,
386 3499 486 3561 quum
507 3484 683 3546 occasione
707 3483 881 3546 discordiae
900 3499 973 3561 quae

179 3578 269 3641 inter
285 3580 466 3657 capitulum
485 3581 591 3657 ipsius
608 3581 770 3653 ecclesiae,
790 3596 830 3643 ac
849 3580 974 3659 princi·

180 3693 256 3755 pem
271 3677 465 3740 saecularem
478 3694 580 3756 super
591 3677 753 3741 electione
764 3678 896 3755 prioris,
909 3693 973 3755 quo

180 3775 340 3853 praedicta
354 3777 452 3838 vacat
470 3775 624 3850 ecclesia,
641 3792 701 3854 per
720 3775 891 3837 biennium
902 3779 973 3854 jam

179 3871 250 3935 fere
269 3873 412 3946 duravit,
430 3874 619 3952 nequiverit
639 3874 747 3935 eidem
767 3874 917 3935 ecclesiae
932 3873 973 3937 de

179 3971 367 4044 canonicis,
404 3971 525 4049 quibus
555 3971 764 4050 potissimum
795 3970 971 4047 indigeret,

180 4068 359 4144 provideri,
385 4069 626 4146 propterquod
651 4084 806 4146 magnum
832 4069 975 4131 sustinet

177 4163 214 4224 in
230 4163 457 4240 spiritualibus
477 4165 721 4239 detrimentum,
743 4165 890 4227 eamdem
916 4182 974 4228 ec-

179 4260 315 4323 clesiam
330 4263 510 4324 secundum
525 4263 699 4340 antiquam
711 4264 744 4324 at
758 4262 973 4340 approbatam

178 4356 284 4435 ipsius
304 4359 578 4421 consuetudinem
602 4361 643 4422 de
666 4360 818 4439 personis
842 4360 973 4422 idoneis

177 4457 339 4518 canonice
368 4457 557 4530 ordinandi,
588 4457 754 4519 discordia
783 4456 972 4535 hujusmodi

171 4553 419 4627 nonobstante,
436 4555 518 4633 ipsis
533 4555 703 4617 licentiam
718 4554 900 4617 concedere
914 4555 974 4616 mi·

178 4652 395 4715 sericorditer
407 4653 632 4730 dignaremur.
647 4655 693 4714 De
707 4655 765 4716 tua
780 4653 891 4730 itaque
904 4653 974 4714 dis-

179 4750 327 4812 cretione
346 4753 477 4828 plenam
496 4752 532 4812 in
549 4751 687 4813 Domino
708 4750 865 4811 fiduciam
887 4750 974 4812 obti-

179 4848 973 4927 nentesfraternitatttuaeperltpostolicascripta

178 4944 385 5019 mandamus,
403 4946 564 5023 quatenus
584 4946 729 5023 capitulo
749 4945 896 5023 ejusdem
912 4961 971 5006 ec-

178 5042 291 5105 clesioe
301 5044 465 5105 concedas
473 5042 642 5106 licentiam
652 5043 863 5123 postulatam,
875 5044 973 5120 prout

178 5140 284 5219 ipsius
311 5141 463 5203 ecclesiae
490 5140 629 5203 utilitati
654 5141 779 5203 videris
800 5142 969 5218 expedire.

176 5240 295 5302 Datum
306 5240 474 5313 Laterani,
488 5240 517 5302 V
531 5238 694 5301 kalendas
706 5237 878 5312 februarii,
893 5254 973 5315 pon·

176 5334 321 5399 tilicatus
336 5337 441 5400 nostri
456 5353 544 5399 anno
559 5336 710 5417 septimo.

791 269 966 335 nononu
988 270 1033 333 111
1053 268 1203 333 OPERA.

1370 433 1493 521 LXVI

1034 590 1086 651 Ad
1109 590 1300 651 Jobamaem
1329 586 1603 662 strigoniensem
1633 583 1821 657 amnaps-
1920 560 1921 565 ¹

1072 699 1205 762 capum,
1221 685 1407 745 liebertum
1429 685 1719 757 vesprimiensem
1737 682 1824 753 epts-
1921 692 1924 695 ·

1072 781 1594 857 coparaeraoraremaenprcs.
1922 804 1924 811 ·

1296 921 1466 994 aljanond
1481 919 1561 981 liti.

1220 1054 1311 1120 petar,
1323 1054 1386 1106 ooo.
1401 1052 1476 1119 dipl,
1489 1052 1533 1115 in,
1544 1066 1563 1113 ι,
1573 1050 1642 1117 tos]

1034 1183 1070 1241 Ut
1087 1181 1271 1241 concordiam
1296 1181 1370 1238 inter
1390 1179 1561 1253 Gregorium
1581 1177 1670 1237 filium
1689 1177 1776 1238 Caiad
1795 1186 1825 1238 et

1067 1271 1253 1416 ἓιᾙοείωω
1276 1268 1462 1328 Orodiensem
1485 1266 1590 1326 iactam
1614 1267 1761 1326 observari
1780 1266 1821 1326 ia·

1072 1485 1431 1563 Honoriusepiscopus,
1444 1499 1560 1547 servus
1568 1499 1743 1547 serrorum
1753 1484 1821 1557 Dei,

1031 1581 1280 1647 smerabffibus
1301 1581 1497 1645 tratribus...
1525 1581 1747 1659 strigoniensi
1769 1597 1823 1643 ar·
1929 1638 1931 1649 Α

1031 1679 1244 1758 cbiepiscopo
1259 1680 1329 1742 et...
1348 1680 1503 1759 episcopo
1518 1677 1772 1756 vesprimiensi,
1791 1679 1824 1741 ot
1922 1690 1932 1731 i

1032 1778 1152 1841 dilecto
1167 1778 1274 1841 tilio...
1290 1777 1403 1840 abbati
1425 1777 1466 1839 de
1487 1776 1594 1853 tigris,
1610 1776 1839 1839 cenadiensis.
1926 1788 1932 1829 -·

1032 1875 1197 1951 diaecesis,
1213 1876 1367 1947 salutem,
1383 1876 1447 1938 etc.
1930 1886 1933 1893 ·

1071 1975 1178 2046 Quum
1193 1974 1373 2050 Gregorius
1392 1973 1483 2034 tilius
1497 1972 1609 2045 calad,
1628 1989 1822 2035 excommu-
1931 1986 1934 2025 <2

1031 2069 1163 2133 nicetus
1181 2070 1380 2134 auctoritate
1401 2070 1592 2147 apostolica
1613 2086 1674 2149 pro
1696 2069 1823 2132 damnis
1926 2086 1935 2123 l

1032 2167 1206 2231 Orodiensi
1232 2168 1382 2231 ecclesiae
1408 2168 1577 2245 irrogatis,
1606 2168 1650 2231 ad
1678 2170 1824 2230 nostram
1933 2184 1936 2213 ²

1030 2266 1178 2329 venisset
1202 2266 1427 2343 praesentiam,
1452 2265 1674 2328 absolutionis
1700 2265 1825 2329 bened·
1934 2316 1936 2319 .

1031 2364 1120 2427 cium
1140 2364 1306 2443 petiturus
1329 2386 1337 2424 z
1359 2362 1493 2426 tandem
1516 2363 1685 2426 mediante
1707 2363 1826 2425 dilecto
1932 2378 1937 2419 1

1029 2460 1101 2525 dno
1124 2462 1240 2524 nostro
1262 2461 1443 2539 Stephano,
1459 2461 1571 2524 Sancti
1591 2460 1730 2523 Adriani
1748 2460 1823 2523 dia·

1031 2574 1114 2623 cono
1132 2559 1307 2632 cardinali,
1320 2560 1409 2621 inter
1428 2559 1536 2638 ipsum
1555 2559 1589 2621 et
1609 2559 1825 2621 Orodiensenr

1030 2657 1244 2735 praepositum
1259 2657 1454 2734 compositio
1469 2657 1661 2730 intervenit,
1677 2656 1766 2735 quod
1779 2656 1825 2718 ri-

1029 2753 1151 2817 delicet
1171 2755 1244 2833 ipse
1267 2754 1447 2833 Gregorius
1467 2754 1556 2818 dicto
1578 2755 1758 2833 preposito
1772 2752 1825 2816 rel

1029 2852 1261 2932 0l'118ecclesiae
1272 2852 1426 2932 usquead
1434 2853 1554 2916 testum
1565 2852 1679 2915 Sancti
1689 2852 1824 2929 Georgii
1939 2846 1941 2853 ⁴

1029 2950 1218 3027 proximum
1245 2952 1379 3014 centum
1409 2966 1541 3012 marcas
1575 2950 1652 3029 puri
1679 2949 1823 3027 argenti,

1029 3046 1157 3109 duabus
1177 3047 1297 3121 minus,
1316 3047 1446 3110 solvere
1467 3048 1541 3110 sina
1561 3047 1757 3110 difficultate
1774 3048 1827 3110 te-

1028 3147 1137 3208 netur.
1154 3145 1216 3218 Qui
1231 3145 1331 3207 etiam
1343 3145 1496 3224 promisit
1510 3160 1547 3207 se
1561 3146 1694 3207 nostras
1709 3145 1751 3206 ad
1765 3159 1826 3207 ros

1028 3243 1158 3306 litteras
1171 3243 1362 3321 impetrare,
1379 3242 1466 3321 quod
1479 3242 1546 3304 nisi
1558 3244 1705 3305 solveret
1717 3257 1828 3319 prass-

1028 3342 1135 3419 cripto
1154 3340 1298 3403 termino
1317 3340 1493 3419 pecuniam
1510 3340 1737 3412 memoratam,
1763 3355 1824 3401 ros

1028 3438 1064 3501 in
1087 3438 1332 3515 possessionem
1355 3437 1472 3515 praedii
1498 3437 1647 3515 ejusdem
1670 3436 1826 3514 Gregorii

1028 3534 1070 3596 de
1089 3533 1263 3612 Gbeureny
1282 3534 1315 3596 et
1328 3533 1604 3612 pertinentiarum
1626 3548 1763 3595 suarum
1782 3548 1826 3595 ex

1028 3632 1317 3696 tuncinduceritis
1341 3631 1556 3709 praepositum
1572 3630 1627 3693 rel
1647 3630 1825 3693 ecclesiam
1941 3644 1942 3675 ὲ

1028 3730 1256 3802 memoratam,
1269 3745 1308 3791 ac
1321 3728 1532 3808 praefigeritis
1542 3729 1650 3790 eidem
1663 3727 1823 3805 Gregorio
1941 3784 1942 3787 ,

1027 3827 1208 3891 terminum
1240 3827 1491 3905 competentem,
1515 3825 1605 3887 intra
1633 3840 1732 3903 quem
1757 3823 1823 3886 nisi

1028 3924 1094 4003 ipsi
1114 3925 1293 4002 praeposito
1314 3923 1369 3986 rel
1388 3923 1538 3985 ecclesiae
1553 3922 1729 4001 pecuniam
1750 3920 1822 3983 sol-
1942 3951 1943 3954 π

1027 4023 1121 4083 reret
1130 4019 1358 4099 praetaxatam,
1369 4037 1430 4082 vos
1439 4021 1569 4081 extunc
1578 4019 1822 4097 possessionem

1027 4121 1175 4197 ejusdem
1194 4118 1310 4195 praedii
1330 4118 1394 4196 ipsi
1409 4118 1586 4196 praeposito
1600 4116 1654 4179 rel
1671 4116 1822 4178 ecclesiae

1027 4216 1264 4295 adjudicaretis
1292 4218 1452 4292 perpetuo
1478 4214 1709 4292 possidenda:
1735 4214 1770 4275 et
1792 4210 1821 4272 si

1028 4313 1225 4391 saepedictus
1246 4311 1426 4388 Gregorius
1450 4312 1627 4389 pecuniam
1651 4326 1719 4371 non
1749 4308 1821 4371 scl-

1027 4412 1120 4474 rerei
1142 4409 1355 4483 antedictam,
1383 4408 1436 4471 vel
1459 4409 1620 4486 praedium
1644 4408 1754 4485 ipsum
1780 4405 1820 4469 ab

1027 4507 1143 4570 eodem
1155 4505 1333 4584 praeposito
1350 4505 1404 4568 vel
1422 4505 1565 4568 ecclesia
1580 4519 1643 4567 sua
1657 4519 1725 4565 non
1739 4517 1820 4581 per·

1028 4607 1175 4668 mitteres
1190 4603 1328 4681 pacifice
1346 4602 1521 4680 possideri,
1542 4617 1602 4665 ros
1623 4601 1821 4663 auctoritate

1027 4702 1216 4780 apostolica
1230 4699 1585 4762 excommunicationis
1604 4697 1739 4761 vinculo
1761 4698 1818 4758 in-

1026 4799 1196 4862 nodaratls
1216 4798 1378 4869 eumdem,
1395 4797 1429 4858 et
1443 4796 1617 4858 mitteretis
1636 4794 1678 4855 ad
1700 4794 1818 4856 sedem

1026 4895 1249 4974 apostolicam
1261 4895 1311 4956 sic
1325 4895 1464 4971 ligatum
1483 4914 1490 4953 :
1506 4891 1618 4954 addito
1633 4891 1669 4952 in
1683 4905 1820 4968 compo·

1026 4995 1148 5056 sitione
1161 4994 1245 5071 ipsa,
1260 4992 1346 5070 quod
1362 4992 1392 5052 si
1406 4990 1491 5053 forte
1501 4991 1610 5067 ipsum
1622 4988 1818 5065 Gregorium

1025 5092 1079 5154 rel
1103 5091 1316 5168 prepositum
1337 5088 1472 5151 interim
1492 5087 1579 5150 mori
1599 5085 1817 5162 contingeret,

1026 5189 1177 5251 haeredes
1195 5187 1302 5264 ipsius
1317 5184 1470 5265 Gregorii
1486 5186 1559 5262 jam
1578 5184 1701 5248 dictam
1719 5198 1821 5261 pecu·

1025 5287 1116 5347 niam
1129 5283 1469 5353 Orodiensiecclesire
1484 5283 1614 5359 integre
1629 5281 1819 5359 persolvere

1024 5385 1211 5454 teneantur,
1221 5381 1255 5444 et
1262 5382 1297 5443 in
1306 5380 1402 5443 domo
1409 5379 1585 5457 hospitalis
1598 5378 1712 5440 Sancti
1721 5376 1819 5453 Regis

1026 5480 1187 5556 strigonii
1209 5478 1419 5555 persolvetur
1441 5476 1585 5556 pecunia
1616 5474 1816 5553 supradicta.

1025 5581 1226 5655 Expreasum
1238 5576 1338 5639 etiam
1352 5574 1415 5637 tuit
1426 5575 1462 5636 in
1476 5573 1716 5649 compositione
1731 5585 1816 5648 prae-

1766 261 1823 325 234
1917 240 1920 291 l
