4014 6224
241 298 282 361 av
863 287 1039 361 aenean
1061 290 1107 351 u1
1128 289 1276 353 orans
1841 248 1891 347 'as

242 452 446 519 subdiacono
473 448 657 513 memorato
692 444 752 528 (1).
782 446 898 527 Nuper
925 449 1036 512 autem
1090 463 1213 511 remur.
1241 447 1325 521 Quia
1352 461 1432 511 vero
1459 444 1530 530 [in]
1561 445 1745 510 intentione
1770 446 1888 507 nocua

241 550 358 614 eadem
394 550 440 611 m
477 545 600 610 nobilis
639 543 811 607 humiliter
838 544 1038 623 supplicavit
1093 543 1185 625 [non]
1201 545 1323 617 extitit,
1345 545 1382 606 ut
1400 561 1460 622 per
1479 545 1726 607 innovationem
1745 541 1890 621 praedie-

242 649 290 720 ut,
313 662 388 709 cum
415 661 435 708 a
456 648 494 706 B.
514 641 706 722 supradicto
727 641 928 713 discesserit,
948 643 981 705 et
995 642 1036 703 ad
1091 644 1158 705 tam
1182 642 1401 718 derogaretur
1419 642 1491 721 juri
1510 642 1662 704 ecclesiae
1681 642 1886 713 memoratas,

244 762 321 808 enm
330 759 499 821 nunquam
514 740 635 803 habeat
646 740 852 817 propositum
863 738 1035 811 redeundi,
1091 756 1192 817 quum
1216 741 1389 802 innovatio
1413 756 1475 801 nec
1494 742 1551 818 ius
1577 755 1701 801 novum
1724 737 1887 807 conserat,

241 843 349 921 ipsam
363 857 384 902 a
398 839 538 919 praelata
561 836 727 900 sententia
751 852 850 915 quam
864 852 901 898 se
920 838 1037 898 incur-
1092 853 1154 899 nec
1173 838 1275 899 eiiam
1296 838 1394 899 tollat
1411 838 1520 909 vetus,
1541 839 1574 899 te
1592 837 1628 898 in
1646 852 1687 898 oc
1705 837 1795 898 statu
1814 851 1889 897 esse

241 940 328 1001 risse
347 936 515 1011 formidat,
532 934 718 998 taceremus
732 934 871 996 absolvi.
895 935 1038 1011 Ideoque
1092 933 1257 1008 volumus,
1270 935 1305 995 in
1325 951 1401 1012 quo,
1417 936 1567 1013 tempore
1585 933 1772 1012 impetratae
1790 933 1892 994 inuo-

242 1036 438 1099 discretioni
461 1036 582 1096 vestrae
606 1048 666 1111 per
694 1032 886 1110 apostolica
912 1032 1037 1113 scripta
1092 1034 1238 1095 rationis
1277 1032 1485 1110 dignosceris
1504 1033 1684 1095 'extitisse
1725 1032 1891 1093 Ceterum

241 1134 455 1206 mandamus,
492 1133 656 1210 quatenus
684 1130 792 1208 ipsam
822 1146 843 1192 a
874 1130 1039 1192 sententia
1092 1131 1221 1193 nullum
1234 1146 1294 1208 per
1308 1130 1372 1193 boc
1384 1130 1588 1193 intendimus
1599 1130 1669 1207 juri
1682 1129 1767 1191 alias
1779 1128 1891 1189 eidem

240 1230 433 1309 hujusmodi
445 1229 639 1301 absolvatis,
661 1227 1040 1306 injuncteeiqucdvide·
1092 1228 1296 1291 monasterio
1320 1229 1519 1306 competenti
1540 1227 1771 1305 praejudicium
1785 1242 1892 1303 gene-

240 1329 316 1391 ritis
327 1326 580 1406 injungendum.
598 1325 690 1398 Quod
704 1325 734 1387 si
749 1341 816 1388 non
832 1339 958 1394 omnes,
971 1326 1037 1387 etc.
1092 1328 1174 1391 rari.
1195 1328 1315 1389 Datum
1335 1327 1504 1398 Laterani,
1525 1328 1583 1387 XV
1600 1324 1735 1387 kalend.
1755 1325 1893 1387 decem·

242 1427 362 1487 Datum
377 1423 547 1498 Laterani,
567 1424 642 1489 XVI
656 1421 726 1487 kal.
744 1420 929 1487 decembris
947 1435 1039 1484 anno
1092 1423 1174 1497 bris,
1190 1423 1402 1502 pontificatus
1415 1423 1524 1485 nostri
1538 1438 1627 1485 anno
1641 1423 1748 1484 sexto.

242 1521 351 1589 ΜΨ·
1132 1558 1309 1632 &rictum
1326 1559 1378 1620 est
1394 1562 1579 1632 superbae
1595 1559 1893 1619 eisdemiszeum-

1093 1658 1173 1718 dem
1193 1659 1268 1731 sere
1285 1659 1426 1717 modeim
1450 1656 1604 1732 utsupra
1625 1668 1733 1728 usqam
1752 1652 1894 1730 dignos-

580 1732 707 1820 XXXI
1093 1753 1191 1825 citur,
1217 1753 1383 1816 extitisse.
1408 1755 1456 1815 Ea
1489 1753 1625 1830 propter
1651 1750 1805 1813 volumus
1831 1765 1895 1828 per

383 1877 435 1936 Aa
449 1875 673 1949 Bajocmem
688 1876 897 1951 episcopum,
1095 1850 1271 1928 predictas
1286 1850 1415 1913 litteras
1430 1849 1471 1912 ad
1490 1865 1548 1912 vos
1563 1850 1605 1911 ab
1624 1848 1744 1911 abbate
1759 1864 1798 1910 ac
1813 1864 1892 1910 rno-

503 2005 674 2064 ¹7n0vemb
702 2006 769 2064 mi
1094 1947 1212 2010 nacbis
1237 1949 1433 2025 impetratas
1454 1948 1600 2026 aliquem
1616 1946 1656 2008 de
1680 1948 1803 2009 caetero
1827 1946 1894 2007 lna-

677 2046 684 2061 ”
772 2047 782 2063 ‘
1095 2045 1168 2107 beri
1179 2061 1384 2123 processum,
1399 2049 1432 2108 et
1444 2047 1472 2106 si
1483 2046 1570 2124 quod
1584 2061 1700 2106 eorum
1712 2044 1893 2107 occasione

268 2131 391 2197 [mma
403 2129 449 2181 lib.
461 2128 506 2192 υἷ’
521 2128 595 2194 ⁰⁰⁵⁸*
606 2129 647 2180 ω·
659 2129 718 2180 ¹¹⁸⁸·
733 2130 771 2181 ¹⁴⁸
784 2128 861 2180 Μ’
873 2128 909 2180 ⁴³
923 2128 1018 2194 Μ]
1095 2142 1218 2207 metum
1227 2144 1319 2205 estin
1329 2144 1477 2222 ejusdem
1487 2143 1634 2220 episcopi
1645 2142 1891 2220 praejudicium,

281 2253 432 2313 innovatio
445 2267 499 2311 nec
513 2252 560 2326 jus
575 2264 681 2310 novum
693 2251 832 2323 conserat,
848 2266 902 2310 nec
916 2252 1004 2311 etiam
1095 2240 1137 2302 ad
1157 2242 1279 2303 statum
1299 2242 1478 2319 pristinum
1500 2255 1706 2301 revocamus·
1728 2241 1893 2301 Caeterum

553 2340 632 2399 tollat
646 2347 739 2398 venis.
1095 2338 1224 2400 nullum
1249 2354 1309 2417 per
1337 2337 1411 2413 laec,
1436 2339 1499 2400 etc.
1530 2339 1573 2400 Ut
1597 2353 1698 2415 supra
1722 2352 1830 2413 usque
1855 2341 1895 2399 tn

285 2458 465 2529 Honorius,
480 2461 557 2532 etc,
575 2457 760 2521 venerabili
775 2456 871 2520 fratri
886 2458 1041 2536 episcopo
1094 2438 1212 2510 finem·

246 2556 434 2634 Bajocensi.

287 2653 557 2731 supplicantibus
578 2652 675 2715 nobis
699 2653 779 2714 olim
806 2652 939 2715 dilectis
963 2653 1041 2715 tiliis
1418 2634 1566 2722 XXXII

246 2749 367 2814 abbate
385 2766 425 2812 ac
439 2752 605 2812 conventu
623 2750 818 2812 monasterii
834 2750 947 2813 Sancti
963 2752 1041 2812 Ste-
1095 2786 1622 2848 Mstmlmssomamm
1630 2784 1895 2859 imperatorem·

247 2849 353 2928 pbani
368 2847 566 2920 cadornen,
582 2846 746 2925 quoddam
760 2848 919 2925 scriptum
936 2847 972 2910 in
984 2863 1042 2910 re-

248 2947 341 3023 gesto
355 2945 451 3008 bonae
464 2945 633 3008 memoriae
647 2930 829 3007 Alexandri
844 2961 939 3023 papae
951 2946 1042 3008 tertii
1354 2916 1388 2973 ¹⁹
1400 2915 1533 2975 ‘'memb·
1551 2916 1630 2974 ¹²²¹·

247 3043 504 3123 predecessoris
516 3044 623 3106 nostri
636 3044 805 3119 repertum
820 3042 975 3104 duximus
989 3043 1044 3104 in·
1098 3040 1379 3106 [intima-araneae,
1391 3040 1456 3091 ssiat
1471 3040 1546 3104 dipl,
1559 3041 1592 3099 11,
1606 3040 1669 3101 ”ih
1684 3039 1812 3106 asynde,
1826 3040 1897 3092 nnn.

247 3140 450 3213 novandum,
478 3139 664 3202 venerabili
692 3138 788 3202 matri
818 3142 932 3202 nostro
954 3141 1043 3218 epis·
1366 3121 1451 3171 ²⁶⁸⁰·
1466 3119 1621 3185 ’ΨΜ

247 3252 342 3315 copo,
355 3240 388 3298 et
398 3237 528 3298 dilectis
539 3236 618 3297 tiliis
628 3235 754 3297 decano
765 3237 958 3309 Lexovien„
971 3237 1040 3299 et..
1098 3235 1248 3297 Frederieo
1262 3236 1425 3310 imperatori
1436 3233 1579 3294 infelicem
1592 3233 1898 3295 exercinschristinni

248 3335 354 3413 prim
377 3335 507 3396 sanctae
535 3332 691 3394 Barbarae
717 3333 933 3396 Lexoviensqs
957 3334 1043 3396 ἀίω.
1132 3339 1232 3383 casum
1242 3324 1403 3399 exprobrat,
1414 3340 1499 3398 quem
1512 3325 1552 3382 dli
1565 3324 1645 3381 multi
1658 3325 1808 3397 imputant.
1818 3326 1896 3381 ilor-

248 3432 336 3494 cesis
349 3430 473 3492 nostris
492 3430 608 3492 dantes
626 3429 748 3492 litteris
762 3431 797 3493 in
815 3431 991 3505 mandatis,
1007 3433 1044 3495 ut
1133 3421 1208 3471 ¹⁸¹⁰?
1218 3428 1285 3516 ⁰9⁰¹
1300 3412 1423 3514 ”thim
1434 3413 1673 3487 vituperationem
1684 3414 1852 3471 wfflmDffl
1868 3420 1899 3471 0⁸

248 3528 382 3591 eosdem
394 3527 595 3590 abbatemet
611 3528 809 3590 conventum
826 3544 892 3589 non
907 3529 1045 3605 permit·
1133 3500 1296 3560 h⁰¹¹¹¹⁰¹b¹²⁵
1310 3501 1485 3560 mendam·

249 3627 361 3688 terent
381 3625 497 3687 contra
513 3624 661 3701 ejusdem
683 3623 800 3702 scripti
819 3625 968 3687 tenorem
990 3628 1044 3689 te·
1137 3628 1306 3691 Honorius
1314 3629 1503 3706 episcopus,
1512 3643 1629 3691 servus
1638 3643 1813 3691 servorum
1821 3629 1897 3700 Dei,

250 3739 342 3786 mere
362 3722 544 3796 molestari,
563 3722 793 3784 molestatores
808 3721 972 3786 indebitos
985 3739 1045 3800 per
1097 3726 1219 3789 dilecto
1240 3726 1310 3789 tilio
1334 3725 1524 3800 Frederico,
1543 3724 1736 3788 salutemet
1756 3727 1898 3803 aposto-

250 3836 426 3884 censuram
439 3820 701 3882 ecclesiasticam
715 3820 938 3898 appellatione
951 3823 1044 3899 post·
1099 3825 1200 3887 licam
1211 3823 1489 3887 benedictionem.

250 3920 359 3998 posita
372 3918 629 3996 compescentes.
652 3920 739 3979 Sane
757 3919 805 3991 tu,
821 3920 957 3996 propter
969 3919 1043 3987 hcc,
1139 3923 1282 3984 Moerore
1296 3920 1413 4000 plenas
1428 3919 1489 3982 uhi
1508 3919 1660 3997 cogimur
1672 3918 1803 3982 litteras
1820 3920 1901 3983 des-

249 4017 292 4079 ad
310 4016 535 4094 apostolicam
555 4017 673 4078 Sedem
691 4016 853 4078 accedens
873 4018 909 4079 in
930 4018 1045 4080 nostra
1099 4019 1219 4092 tiuare,
1232 4018 1310 4097 quia
1321 4019 1469 4081 nostram
1481 4018 1629 4080 animam
1644 4017 1756 4079 acerbi
1770 4016 1899 4080 doloris

249 4113 482 4191 conquerendo
502 4112 705 4190 proposuisti
722 4114 902 4190 presentia
921 4114 1042 4177 consti·
1099 4117 1231 4193 gladius
1250 4115 1478 4194 pertransivit,
1503 4117 1537 4177 et
1554 4115 1663 4178 adhuc
1687 4115 1900 4178 incessanter

248 4211 353 4283 tutus,
370 4210 456 4288 quod
475 4210 562 4271 idem
582 4208 695 4283 abbas,
717 4212 750 4272 et
769 4213 951 4273 conventus
969 4212 1046 4273 nul·
1100 4214 1307 4276 concidimur
1316 4213 1455 4276 vulnere
1463 4228 1564 4291 super
1572 4213 1703 4274 vulnus.
1714 4214 1795 4274 Cum
1803 4213 1898 4275 enim

250 4306 320 4368 lum
339 4306 551 4385 privilegium
571 4306 734 4369 libertatis
753 4307 806 4369 vel
826 4309 1046 4387 exemptionis
1100 4311 1221 4374 flebilis
1232 4328 1330 4373 casus
1340 4310 1508 4373 exercitus
1520 4310 1696 4371 christiani
1707 4324 1768 4371 nos
1781 4309 1899 4373 dolore
1998 4310 1999 4397 J

249 4402 428 4478 habebant,
455 4405 522 4478 cui,
554 4405 583 4465 si
613 4405 714 4467 etiam
738 4404 943 4480 habuissent,
971 4422 1046 4469 cum
1100 4409 1303 4472 intolerabili
1333 4409 1551 4482 sauciaverit;
1587 4407 1800 4484 deplorantes
1828 4423 1899 4471 non
1998 4410 1999 4429 ¹

250 4501 326 4575 boc,
348 4503 384 4564 ut
404 4501 548 4574 dicebas,
566 4501 786 4579 quadraginta
804 4503 902 4565 annis
923 4506 957 4566 et
974 4520 1046 4566 am·
1099 4509 1168 4570 tam
1183 4507 1315 4569 labores
1328 4507 1361 4568 et
1375 4510 1525 4584 sumptus
1541 4521 1624 4582 quos
1635 4507 1706 4582 jam
1721 4520 1781 4581 per
1796 4505 1900 4582 quin-

250 4600 340 4679 plius
359 4599 412 4660 usi
432 4615 499 4661 non
520 4598 655 4673 suerint,
667 4600 825 4664 extiterat
839 4600 1044 4678 derogatum,
1101 4620 1164 4684 que
1194 4620 1300 4665 annos
1321 4604 1549 4665 indesinenter
1570 4602 1767 4679 pertulimus
1791 4617 1899 4679 quos-

156 4686 165 4711 *
250 4696 309 4759 sed
330 4696 395 4775 ipsi
415 4697 590 4759 occasione
609 4698 835 4759 innovationis
857 4698 1046 4776 buJusmodi
1101 4718 1165 4780 que
1180 4702 1384 4764 christianus
1408 4700 1561 4778 populus,
1585 4700 1621 4761 in
1642 4699 1743 4761 rebus
1765 4700 1798 4760 et
1817 4716 1901 4776 per-

251 4794 287 4856 in
311 4794 507 4872 quibusdam
535 4810 571 4855 se
598 4794 639 4856 ab
665 4795 847 4872 episcopali
867 4799 945 4875 jure
967 4796 1047 4857 sub-
1101 4800 1193 4862 sonis
1221 4799 1332 4871 subiit,
1359 4814 1432 4860 esse
1456 4813 1593 4874 prorsus
1617 4798 1770 4865 amissos,
1796 4813 1899 4874 quam

250 4892 386 4954 trabere
400 4889 602 4965 nitebantur,
619 4908 658 4954 ac
673 4892 723 4954 eis
740 4893 936 4971 quibusdam
951 4895 1047 4971 quasi
1101 4898 1329 4959 confusionem
1351 4895 1527 4957 christiani
1548 4895 1705 4967 nominis,
1730 4895 1764 4956 et
1788 4894 1899 4970 ipsius

251 4989 496 5070 possessionem
511 4991 599 5067 juris
616 4990 722 5067 ipsius
740 4990 887 5052 indebite
909 4992 1046 5069 pertur-
1101 4996 1262 5073 iniuriam
1281 4997 1361 5057 lesu
1378 4993 1503 5055 Christi
1522 4993 1590 5071 qui,
1605 4992 1751 5069 peccatis
1772 4992 1899 5053 nostris

251 5089 385 5151 habant.
402 5087 497 5149 Unde
516 5087 664 5164 petebas,
681 5088 718 5150 ut
735 5103 778 5149 ne
797 5089 883 5150 forte
900 5088 941 5150 de
960 5088 1047 5151 iacto
1102 5092 1324 5169 exigentibus,
1339 5090 1599 5170 blasphematur,
1615 5105 1693 5151 ecce
1711 5088 1789 5151 novi
1802 5088 1901 5150 dole-

253 5187 339 5266 quod
353 5186 395 5249 ad
405 5184 598 5263 opinionem
614 5186 786 5247 bominum
798 5186 876 5248 laedi
890 5189 1045 5263 Bajcceu.
1101 5191 1150 5252 ris
1162 5191 1300 5253 vulnere
1310 5190 1513 5262 sauciamur,
1527 5188 1693 5251 clamante
1707 5187 1824 5249 contra
1836 5202 1901 5247 nos

253 5284 403 5347 ecclesiae
414 5282 546 5361 justitia
560 5283 742 5357 videretur,
759 5284 934 5361 providere
948 5299 1049 5361 super
1102 5289 1258 5350 universo
1269 5288 1392 5366 populo
1402 5286 1599 5357 christiano,
1613 5285 1647 5346 et
1658 5283 1755 5345 nobis
1764 5285 1900 5345 ruinam

252 5381 316 5445 hoc
331 5382 371 5444 de
392 5382 535 5461 quadam
549 5380 688 5444 cautelae
706 5381 910 5445 abundantia
929 5381 1049 5459 digna·
1102 5386 1233 5463 praeisti
1247 5386 1416 5449 exercitus
1428 5383 1615 5461 imputante
1627 5397 1669 5443 ac
1683 5380 1826 5458 publicis
1838 5381 1900 5442 im·

289 5529 332 5604 (l)
356 5532 406 5588 liet
447 5531 528 5590 enda
556 5538 624 5590 sunt
648 5532 766 5589 Houorii
789 5531 890 5589 littera
911 5530 1049 5591 adversus
1102 5541 1178 5604 tate,
1193 5534 1242 5593 lib.
1259 5537 1309 5605 lli,
1323 5534 1405 5608 epist.
1421 5534 1487 5604 ccl,
1507 5531 1563 5591 cot.
1579 5528 1678 5591 alind
1691 5544 1798 5588 annum
1817 5530 1898 5598 1219,

254 5601 409 5661 burchardi
440 5604 595 5662 alumnis
605 5604 819 5661 matrimonium
833 5603 1046 5675 superiusrcci·
1102 5605 1260 5678 adapsilis.
