3930 6206
189 400 250 459 666
809 394 986 457 66666666
1007 395 1222 456 mornas.
1769 398 1821 458 666
1948 418 1949 473 3

192 558 318 637 6611616
332 553 983 635 666666616166666611616666666666
1039 554 1151 616 66166
1161 551 1441 630 66611666616666
1453 552 1712 626 multitudinem,
1727 567 1822 631 nequo

191 670 231 718 66
255 655 417 732 sangnine
449 654 509 715 Dei
537 654 571 716 et
597 652 729 716 Domini
753 652 983 730 Redemptoris
1036 651 1211 728 episcopus
1246 651 1282 712 in
1321 650 1492 713 beneflciis
1526 650 1636 727 potest
1667 650 1823 713 universis
1948 664 1949 671 ¹

191 752 299 815 nostri
318 755 337 816 J
339 769 398 814 esu
413 750 659 814 (1161611611666
674 750 742 823 1161,
759 752 857 828 atque
871 750 906 810 in
920 766 983 812 ex·
1038 748 1218 820 commode,
1231 749 1330 825 prout
1344 747 1489 825 expedit,
1503 747 1692 825 666616666,
1715 763 1775 810 nec
1787 749 1823 809 ad

190 850 296 911 tremo
311 848 465 910 examine
480 848 639 910 districtae
653 848 772 910 ultioni
801 846 981 925 subjaceat.
1036 846 1159 907 616166
1175 845 1404 922 quotidianum
1414 860 1454 907 ea
1470 844 1653 918 sufiiciunt,
1663 860 1739 922 666
1751 861 1825 922 666-

193 946 325 1009 6666116
340 947 450 1008 66166
472 946 579 1008 61666
594 945 667 1006 1666
682 960 744 1006 666
754 947 833 1023 jura
844 960 985 1007 666666-
1037 942 1118 1006 11616
1129 942 1374 1005 distribuuntur
1387 943 1655 1005 communiterde
1666 942 1825 1003 communi
1948 932 1949 1015 t

191 1043 280 1106 tibus
308 1044 351 1105 611
363 1060 429 1121 pax
456 1043 589 1105 Domini
612 1043 718 1104 nostri
744 1046 824 1106 Jesu
847 1042 981 1111 Christi,
1038 1055 1144 1117 pauca
1156 1040 1244 1102 16166
1254 1040 1415 1116 61661666
1430 1039 1618 1107 distributa,
1641 1040 1739 1100 6116
1756 1054 1827 1115 pos·

192 1143 355 1218 qnatenus
370 1139 732 1204 6111616661661666
751 1141 892 1203 66116616
907 1157 985 1218 666·
1040 1140 1146 1200 16666
1159 1137 1373 1199 detractionis
1384 1136 1546 1198 adversus
1555 1137 1751 1214 episcopum
1763 1135 1827 1197 sub

192 1238 296 1315 616161
322 1239 356 1299 61
376 1237 463 1315 6666
485 1237 670 1300 6161616166
681 1236 828 1314 judicem
847 1237 984 1314 praemia
1038 1233 1359 1307 166161666616616,
1376 1237 1410 1296 et
1434 1234 1488 1295 his
1503 1235 1559 1312 qni
1573 1233 1783 1311 recipiuntur
1794 1233 1828 1295 de
1948 1226 1949 1229 ’

192 1336 328 1397 6616666
343 1337 435 1413 pacis
449 1335 609 1397 16666161.
620 1339 735 1396 Amen.
749 1336 868 1397 Datum
881 1336 983 1397 1616-
1038 1331 1827 1409 6666666666111666161666611666666161661,
1948 1394 1949 1431 r

192 1432 280 1506 rani,
296 1447 355 1509 per
368 1448 503 1495 manum
513 1433 664 1509 magistri
675 1432 847 1502 (luidonis,
859 1432 984 1493 domini
1038 1428 1543 1492 6666666666116666661166166
1551 1428 1830 1505 66166666166116

193 1544 287 1607 papae
302 1530 436 1602 notarii,
453 1532 569 1593 661666
581 1530 742 1592 kalendas
758 1530 984 1608 1661116616-
1038 1527 1134 1590 66616
1150 1542 1236 1604 6666
1250 1528 1297 1588 111
1313 1524 1501 1606 [potestate]
1519 1525 1700 1587 ordinandi
1716 1526 1831 1588 statum

192 1627 284 1689 11666
317 1629 390 1699 XII,
413 1628 656 1691 incarnationis
686 1628 866 1690 Dominicae
896 1642 984 1689 anno
1038 1624 1256 1701 Legionensis
1271 1623 1433 1696 ecclesiae,
1448 1625 1481 1685 61
1494 1622 1702 1685 reformandi
1714 1638 1788 1700 qnae
1801 1623 1831 1684 in

193 1725 612 1802 mccxxlvpontiocatus
622 1725 836 1789 6666666161
844 1726 984 1787 Η666611
1037 1722 1111 1799 1666
1126 1722 1343 1784 correctionis
1358 1721 1439 1783 lima
1453 1720 1634 1783 viderimus
1653 1720 1805 1796 indigere
1819 1739 1828 1779 ε

194 1836 290 1898 papae
304 1824 350 1883 Ill
365 1837 455 1885 6666
467 1823 595 1887 661666.
1038 1820 1226 1894 statuimus,
1234 1819 1421 1898 utmajores
1429 1819 1581 1880 canonici
1589 1819 1830 1896 quinquagesi-

1039 1933 1139 1989 mum,
1155 1917 1302 1981 minores
1316 1931 1409 1985 6666,
1421 1917 1479 1994 qui
1490 1916 1692 1992 portionarii
1707 1931 1831 1977 nuncu-

1039 2018 1170 2093 pantur,
1187 2015 1383 2078 vicesimum
1405 2014 1557 2091 quintum
1577 2029 1758 2074 nnmerum
1772 2029 1831 2075 non

477 2129 703 2216 CCXXXIII

181 2372 183 2377 ,
223 2290 276 2349 Ad
295 2291 462 2351 6166666666
474 2290 953 2367 61666116166616616666666.

484 2428 520 2487 25
533 2431 601 2486 maii
617 2430 696 2489 liii.

372 2552 486 2618 [Espans
494 2553 611 2618 8666666,
624 2553 806 2620 1111111,111.]

195 2676 338 2735 Honorius
351 2679 391 2735 ill
409 2679 575 2736 auctoritate
589 2677 914 2752 666616116666666661
930 2680 983 2737 116·

229 2765 518 2839 clesieLegionensis
527 2766 757 2825 reformationem
766 2782 816 2840 per
825 2767 985 2841 Pelagium,

230 2854 395 2927 episcopum
421 2855 624 2925 6116666666,
641 2871 676 2914 ex
690 2854 819 2930 ejnsdem
843 2855 986 2930 pontilicis

229 2942 433 3001 commissione
447 2942 561 3001 1661666.

234 3079 400 3142 Honorius
410 3081 596 3158 episcopus,
608 3096 723 3144 servus
734 3066 905 3144 servornm
913 3081 984 3154 Dei,

193 3177 325 3240 dilectis
337 3178 416 3239 111116
429 3178 554 3240 666666
569 3181 602 3242 61
616 3179 761 3257 capitulo
773 3179 984 3256 Legimensi,

1039 2112 1212 2175 excedant.
1229 2112 1313 2184 Quia
1330 2126 1411 2174 6666
1432 2111 1544 2188 plures
1560 2111 1764 2189 portionarii
1779 2126 1830 2171 re·

1039 2210 1234 2272 6166616616
1255 2209 1370 2271 eadem
1389 2208 1532 2271 ecclesia
1558 2208 1778 2286 reperiuntur
1795 2208 1831 2268 ad

1039 2323 1198 2384 praesens,
1215 2305 1660 2383 irrefragabiliterduximus
1684 2306 1831 2367 6161666·

1039 2403 1128 2477 dum,
1145 2406 1182 2466 ut
1194 2404 1305 2467 nullus
1329 2403 1370 2466 66
1384 2406 1504 2466 caetero
1519 2404 1555 2464 16
1568 2403 1698 2464 666166
1722 2403 1832 2465 61166·

1039 2502 1124 2564 1666
1138 2502 1321 2579 recipiatur
1335 2501 1375 2563 de
1399 2516 1687 2578 permanensque
1703 2500 1830 2578 portio·

1039 2600 1127 2661 narii
1142 2615 1231 2660 6666
1246 2598 1430 2661 residentes
1442 2598 1484 2659 ad
1501 2598 1699 2675 praedictum
1721 2608 1833 2659 6666-

1040 2712 1114 2758 666
1127 2696 1333 2773 redigantnr,
1349 2710 1415 2757 non
1432 2695 1631 2773 6666616116
1646 2695 1832 2758 forensibus

1039 2794 1075 2855 in
1090 2794 1153 2856 hoc
1167 2809 1317 2866 numero,
1334 2794 1392 2871 qni
1406 2809 1586 2871 nunqnam,
1604 2792 1755 2855 6616666
1769 2808 1832 2870 666

1040 2892 1168 2969 cipiunt
1191 2892 1231 2953 66
1246 2890 1425 2963 communi,
1442 2891 1500 2951 666
1519 2890 1603 2968 16616
1626 2889 1773 2952 66116116
1797 2889 1834 2950 66

1041 2990 1162 3060 66616,
1176 2989 1290 3050 661166
1304 2989 1340 3049 16
1354 2988 1463 3051 locum
1472 2986 1696 3049 substituatur
1706 3002 1830 3049 66666.

1041 3088 1243 3148 (tumentem
1255 3086 1296 3147 66
1312 3086 1506 3162 praedictum
1522 3100 1698 3146 nnmerum
1709 3083 1834 3146 redacti

1041 3182 1174 3255 inerint,
1205 3181 1318 3259 aliquo
1346 3181 1524 3243 decedente
1556 3182 1627 3242 6166
1658 3182 1832 3252 canonico,

194 3274 335 3337 salutem
348 3278 382 3336 61
395 3276 619 3352 Apostolicam
631 3275 904 3338 benedictionem.
1041 3282 1112 3344 6166
1126 3280 1343 3357 66611666616,
1369 3279 1456 3341 61166
1471 3278 1695 3341 substituatur
1713 3279 1831 3349 61666,

235 3373 315 3433 Cum
331 3371 459 3434 dilectis
479 3372 558 3433 tiliis
575 3372 811 3445 Thesanrario,
827 3374 986 3450 magistro
1042 3378 1087 3440 ita
1113 3378 1200 3455 quod
1226 3392 1383 3438 numerus
1411 3376 1615 3453 praetaxatus
1643 3376 1833 3437 6611616666

195 3468 397 3541 scholarum,
421 3470 601 3545 etAEgidio
619 3470 780 3532 canonico
795 3471 986 3532 zamorensi
1041 3474 1232 3537 excedatur.
1255 3474 1304 3536 66
1327 3473 1400 3536 baec
1429 3473 1703 3550 quotiescumque
1735 3471 1833 3534 611661

194 3566 325 3627 6661666
334 3565 484 3627 dedimus
497 3566 669 3628 1111666616
682 3567 859 3639 mandatis,
872 3569 908 3629 nt
918 3565 984 3648 [ad]
1040 3571 1184 3634 utilitate
1198 3570 1360 3643 ecclesie,
1375 3569 1430 3631 661
1444 3569 1572 3631 6661116
1586 3569 1680 3630 illius
1696 3570 1757 3647 qui
1778 3585 1833 3630 66·

194 3662 432 3739 legionensem
456 3663 634 3725 ecclesiam
655 3665 851 3727 accedentes
872 3664 987 3741 inqui·
1040 3668 1163 3746 cipitur
1176 3667 1397 3744 exigentibus,
1418 3666 1527 3744 portio
1542 3665 1746 3739 6661666166,
1763 3680 1834 3727 666

193 3762 306 3822 rorent
315 3775 415 3837 snper
430 3761 552 3823 statum
565 3761 670 3838 ipsius
683 3761 846 3834 ecclesiae,
864 3762 897 3824 et
911 3761 987 3838 qui·
1039 3766 1113 3844 ipsa
1128 3765 1278 3843 portione
1294 3765 1329 3827 in
1343 3764 1428 3836 loco,
1439 3763 1493 3826 661
1505 3763 1669 3826 16661616
1681 3764 1759 3841 6166
1772 3779 1833 3825 ra·

192 3856 331 3919 busdam
347 3874 420 3934 666
442 3859 618 3920 66661666
642 3874 662 3920 6
683 3858 986 3922 6666661111166166
1040 3863 1132 3935 16611,
1144 3862 1264 3938 viginti
1273 3861 1367 3923 aurei
1381 3861 1835 3937 66616666166616666616616-

128 4028 130 4037 y
193 3956 307 4017 nostro
346 3956 546 4032 legionensi
584 3957 740 4033 episcopo
777 3956 983 4029 6166166166,
1039 3975 1112 4020 rum
1124 3961 1160 4020 ut
1168 3957 1322 4034 episcopo
1335 3957 1376 4018 de
1388 3957 1547 4033 praedicto
1555 3971 1696 4018 numero
1708 3950 1835 4034 aliquid

192 4052 304 4125 iidem,
316 4052 457 4115 66611616
476 4068 577 4129 66666
591 4069 631 4114 66
654 4053 846 4129 diligentins
868 4054 985 4131 inqui·
1040 4054 1221 4126 minuendi,
1238 4054 1272 4116 et
1285 4053 1350 4126 bis,
1363 4053 1419 4131 qni
1431 4053 1650 4130 recipiuntur,
1662 4053 1834 4115 6616661666

193 4149 268 4219 6116,
285 4148 380 4211 66116
393 4149 454 4210 661
467 4150 587 4226 sigillis
595 4151 677 4223 suis,
687 4167 761 4227 quae
777 4151 984 4223 invenerant,
1040 4152 1180 4215 materia
1204 4150 1444 4223 murmurandi,
1472 4149 1647 4212 statuendo
1674 4149 1832 4227 praecipi·

192 4246 458 4308 transmisernnt.
473 4248 637 4310 Praedioto
652 4247 755 4324 igitur
769 4248 936 4326 episcopo,
954 4253 987 4311 et
1040 4265 1124 4322 mus,
1139 4251 1176 4312 nt
1188 4248 1387 4310 beneficium
1397 4247 1517 4324 viginti
1527 4262 1649 4310 aureos
1661 4248 1779 4310 661666
1792 4245 1833 4308 66

193 4342 389 4419 quibusdam
405 4344 482 4404 61116
494 4345 608 4406 contra
621 4360 704 4422 qnos
719 4361 778 4423 per
792 4346 987 4423 inquisitio·
1039 4348 1150 4408 minus
1166 4344 1354 4407 61166111161
1368 4345 1512 4423 portioni
1523 4345 1703 4418 adnexum,
1719 4346 1752 4407 61
1763 4345 1833 4422 ipso

193 4455 269 4501 nem
279 4439 508 4517 principaliter
518 4444 627 4504 66166
638 4445 711 4506 6661
724 4444 884 4506 innostra
894 4459 984 4520 prae-
1037 4447 1113 4522 jure
1128 4460 1202 4505 cum
1215 4443 1367 4521 portione
1379 4442 1421 4504 ad
1434 4442 1678 4519 portionarium
1690 4440 1833 4504 transie-

193 4537 302 4599 sentia
320 4538 519 4611 constitutis
546 4554 606 4600 nos
628 4555 819 4616 processum
843 4541 986 4617 inquisi-
1040 4544 1144 4604 ratur.
1172 4544 1237 4602 Ρ66
1262 4540 1326 4601 166
1350 4540 1459 4601 66166
1493 4540 1653 4601 61616166
1679 4539 1834 4600 nolumus

190 4634 292 4697 tionis
321 4634 507 4698 6666661111
540 4637 636 4698 166161
660 4638 774 4700 666166
804 4636 985 4699 Albanensi
1040 4638 1187 4717 episcopi
1202 4638 1397 4715 potestatem
1416 4636 1551 4708 arctari,
1570 4637 1649 4713 quin
1669 4636 1706 4697 in
1727 4635 1831 4696 bene-

192 4732 347 4809 episcopo
360 4733 612 4807 committentes,
625 4735 656 4796 ei
672 4735 897 4796 concessimus
913 4734 986 4812 ple·
1040 4737 1114 4798 ficio
1128 4734 1282 4812 ampliori
1308 4734 1419 4796 661661
1439 4733 1649 4810 66611666616
1668 4733 1727 4810 qui
1746 4731 1833 4794 reci-

126 4858 130 4865 ·
192 4830 324 4893 nariam
339 4831 545 4907 potestatem,
563 4833 599 4894 nt
612 4834 680 4893 166
696 4831 735 4892 66
751 4832 984 4909 personatibus
1040 4834 1139 4912 61166,
1156 4832 1262 4909 166166
1274 4830 1422 4908 pensatis
1434 4830 1562 4892 meritis
1577 4830 1763 4906 providere,
1783 4829 1833 4889 ita

191 4928 225 4991 et
238 4927 408 4990 1666116116
422 4929 643 5001 conferendis,
665 4945 764 5007 qnam
780 4931 870 4991 circa
894 4931 986 4993 ordi·
1040 4931 1126 5010 qnod
1141 4931 1373 5006 argumentum
1401 4943 1444 4988 ex
1458 4926 1661 4989 liberalitate
1676 4927 1832 4989 collatum

191 5026 361 5088 nationem
376 5027 526 5089 ecclesiae
537 5027 672 5098 1666661,
683 5026 771 5102 qnod
786 5042 847 5089 sna
857 5026 986 5088 rideret
1039 5027 1184 5121 portioni
1197 5025 1386 5088 6611616666
1409 5025 1452 5086 611
1464 5039 1644 5085 annexum.
1661 5026 1709 5085 De
1731 5038 1836 5102 6666-

192 5120 348 5185 discretio
368 5123 568 5185 iaciendum.
589 5123 652 5196 Qui
677 5124 922 5185 ordinationem
943 5123 985 5185 ab
1039 5125 1186 5187 timoniis
1202 5138 1282 5185 6666
1291 5121 1473 5199 majoribus
1484 5119 1834 5196 canonicisassignan-

191 5235 231 5281 66
251 5220 422 5283 16616616
444 5221 568 5293 666166,
586 5223 618 5284 61
641 5218 781 5283 fratrum
796 5222 986 5283 nostrornm
1040 5223 1091 5283 616
1108 5222 1170 5283 166
1186 5219 1390 5290 discretioni,
1414 5219 1448 5281 et
1468 5217 1665 5279 liberalitati
1688 5216 1833 5295 episcopi

192 5319 347 5395 exposuit
357 5318 547 5396 praesentia,
564 5335 637 5395 qnae
652 5319 703 5380 est
714 5317 792 5380 talis
809 5335 817 5379 :
1040 5318 1194 5380 duximus
1208 5315 1473 5393 relinquendum,
1484 5314 1552 5391 qui,
1564 5314 1714 5392 pensatis
1727 5316 1835 5389 cnjus-

230 5414 432 5492 ‹Pelagius,
449 5415 665 5476 miseratione
679 5415 793 5477 divina
816 5414 986 5477 6116666-
1040 5432 1103 5494 que
1118 5415 1256 5486 meritis,
1274 5428 1333 5491 pro
1354 5412 1550 5474 meritorum
1576 5411 1745 5488 exigentia
1767 5409 1834 5470 bo-

192 5510 239 5571 sis
250 5512 435 5590 episcopus,
452 5512 581 5574 dilectis
597 5512 698 5574 sociis
713 5513 783 5574 suis
803 5512 941 5584 decano,
953 5514 986 5575 et
1039 5514 1132 5575 66616
1145 5511 1281 5575 66111161
1295 5509 1492 5587 providebit,
1515 5508 1698 5586 prudenter
1719 5509 1832 5568 61166-

192 5607 337 5682 66611616
352 5610 552 5685 Legionensi
565 5610 761 5682 salutemet
776 5609 916 5671 sincerae
931 5609 984 5670 di·
1040 5611 1132 5683 dens,
1162 5625 1206 5672 ne
1228 5609 1277 5672 tot
1302 5607 1445 5670 6116616
1468 5606 1505 5667 in
1530 5621 1630 5667 unam
1657 5617 1831 5683 personam

193 5701 345 5762 lectionis
369 5705 535 5767 affectum.
552 5707 714 5778 Quoniam
732 5707 867 5785 propter
881 5705 984 5769 61166-
1040 5706 1200 5784 congerat
1229 5704 1403 5773 beneficia,
1428 5702 1516 5765 unde
1546 5701 1604 5763 alii
1639 5698 1831 5777 6666661666
