3916 6204
205 313 266 375 ⁴27
820 326 998 389 aenean
1019 329 1067 389 111
1085 312 1235 393 ornan.

206 486 270 549 pter
280 473 554 553 noemonasterla
569 480 682 541 Sancti
699 482 790 543 Petri
811 482 848 544 lu
863 500 925 547 sno
943 502 1001 547 ro-
1054 488 1163 550 eldem
1178 488 1398 550 nihilominus
1405 488 1603 567 potestatem
1616 487 1842 568 neormam·

206 570 288 633 hore
304 576 529 650 persuadente.
1053 585 1088 646 dl
1111 587 1147 648 et
1163 586 1367 658 declarandi,
1381 585 1411 646 sl
1425 585 1507 663 quid
1519 586 1727 653 dlmmltatls
1738 602 1843 650 emer*

246 670 409 731 «statuta
424 669 513 732 alita
533 672 568 732 et
589 674 848 739 consusmdinea
863 693 924 740 seu
940 695 1001 756 po-
1053 682 1137 744 serit
1160 683 1195 743 ln
1222 682 1409 761 praedictis,
1436 684 1472 745 et
1496 683 1532 745 ln
1556 683 1634 745 aliis
1660 683 1777 756 edam,
1795 701 1844 747 sn·

207 766 276 827 tius
304 765 483 827 abusiones
510 768 716 832 introductas
742 778 858 836 conae
891 777 1002 837 ecole-
1054 794 1113 856 pra
1135 780 1254 856 quihus
1280 796 1392 841 coram
1412 779 1509 842 nobis
1527 783 1641 858 partes
1661 781 1844 859 deposuero

208 862 378 924 siasticam
404 863 590 927 libertatem
611 870 823 946 praecipimus
842 887 909 933 non
927 886 1001 934 ser·
1054 877 1235 954 querelam,
1262 878 1380 955 sicque
1403 877 1573 956 praedictis
1608 876 1768 940 omullus
1791 892 1846 957 per

205 960 291 1030 vari,
303 964 624 1027 excommunicando
639 968 846 1036 statutarios,
863 970 1001 1047 scripto-
1053 973 1209 1050 syndicos
1224 975 1367 1052 partium
1386 977 1420 1036 et
1444 975 1532 1036 alios
1550 974 1761 1054 approbatis,
1786 973 1844 1039 de·

206 1072 261 1117 res
287 1061 487 1121 statutorum
511 1061 671 1138 imorum,
701 1068 892 1142 potestates,
919 1083 1002 1149 con*
1054 1084 1125 1132 cem
1157 1086 1202 1132 ex
1235 1087 1302 1133 una
1327 1074 1431 1149 parte,
1462 1087 1506 1133 aa
1535 1072 1674 1134 totidem
1698 1088 1745 1135 ex
1769 1071 1844 1144 elia,

207 1155 316 1226 aulos,
354 1160 514 1230 rectores,
547 1160 680 1237 judices
720 1165 753 1224 et
788 1164 1000 1226 condliarios
1054 1167 1273 1243 praesentibus
1306 1168 1449 1231 vivificae
1469 1169 1584 1232 Crucis
1606 1170 1725 1246 signo,
1754 1184 1847 1234 sacro

206 1252 353 1314 civitatis
367 1256 401 1316 et
414 1254 585 1317 districtus
600 1258 763 1333 praedicti,
776 1260 805 1321 si
824 1261 865 1322 de
879 1262 1000 1323 catere
1054 1264 1227 1328 dominico
1241 1280 1392 1342 corpore,
1404 1266 1650 1343 areapolitem
1664 1265 1846 1329 alilssane·
1935 1268 1941 1285 ⁴

207 1349 397 1427 hujusmodi
413 1353 609 1439 statuta-rel
631 1357 887 1420 consuetudines
901 1357 1000 1421 edere
1052 1362 1191 1432 lueriis,
1226 1362 1351 1441 recepti
1388 1365 1468 1425 sunt
1499 1362 1542 1425 ad
1575 1363 1729 1425 osculum
1762 1376 1847 1428 vern

208 1449 481 1525 praesumpserint
498 1451 552 1511 rel
571 1467 718 1524 serrare,
741 1469 782 1515 ao
800 1454 877 1516 illos
898 1455 1002 1517 etiam
1055 1458 1146 1534 pacis
1171 1459 1246 1520 vice
1268 1461 1302 1521 et
1321 1459 1494 1522 voluntate
1516 1461 1664 1522 omnium
1692 1459 1845 1529 alionum.

206 1544 264 1621 qui
292 1547 472 1607 secuudum
498 1563 538 1608 ea
555 1548 792 1625 judicaverint,
809 1551 864 1613 vel
882 1551 918 1612 ln
937 1567 1001 1630 pua-
1054 1554 1137 1626 Qula
1167 1570 1247 1617 veru
1279 1555 1461 1617 wulnodum
1491 1572 1606 1635 pacem
1633 1556 1760 1620 iactam
1792 1572 1847 1637 per

206 1645 326 1707 blicam
356 1647 495 1709 dumam
517 1649 708 1725 redegerint
724 1652 886 1729 judicata,
911 1654 946 1714 et
970 1653 1000 1713 si
1055 1653 1275 1715 camerarium
1314 1656 1349 1715 ot
1381 1653 1549 1715 Bubonem
1584 1654 1776 1733 praedictos,
1810 1670 1846 1718 ac

208 1742 341 1803 lendum
369 1744 422 1805 vel
449 1743 594 1806 olilciam
623 1747 757 1825 aliquod
784 1748 933 1812 detinent
958 1749 1002 1810 al>
1054 1747 1312 1811 declarationem
1345 1749 1560 1813 subsecutam
1588 1766 1649 1828 por
1679 1750 1849 1814 dominun
1940 1782 1941 1787 =

208 1841 361 1911 eeclesia,
387 1842 437 1902 ele
458 1843 526 1903 sint
548 1843 620 1919 ipso
640 1845 727 1906 laeto
749 1846 891 1923 [trivam
918 1860 1001 1907 sane
1054 1844 1237 1907 Honestum
1269 1846 1304 1908 in
1332 1847 1530 1924 paribusdam
1565 1847 1727 1926 capitulis
1752 1863 1848 1927 super

207 1939 330 1999 matuta
355 1940 564 2000 serenissimi
596 1941 722 2003 domini
753 1940 914 2004 driderici
941 1944 1000 2004 Dei
1055 1942 1127 2018 ipsa
1146 1958 1261 2020 pacem
1275 1946 1309 2009 et
1322 1944 1477 2006 mandata
1494 1947 1609 2007 noema
1624 1945 1756 2007 servari
1770 1960 1849 2008 ron·
1940 1986 1941 1991 κ

207 2038 314 2109 gratia
330 2040 555 2101 Romanorum
570 2039 781 2116 imperatoris
801 2052 931 2117 semper
945 2054 1002 2100 an-
1055 2039 1160 2111 renit,
1188 2040 1224 2101 in
1245 2040 1432 2118 plerisque,
1458 2041 1545 2107 sicut
1572 2042 1729 2119 superius
1750 2044 1848 2105 contl-
1940 2096 1941 2099 ,

208 2134 295 2207 gusti
316 2136 349 2195 et
377 2137 468 2209 rogis
489 2136 623 2204 Sicilie,
648 2139 795 2213 tempore
817 2153 887 2197 eoae
904 2150 1002 2198 cero·-
1055 2140 1164 2205 netur,
1178 2137 1329 2198 tenorem
1353 2136 1446 2215 pacis
1472 2139 1505 2200 et
1530 2136 1776 2201 declarationis
1798 2140 1849 2217 ip-
1940 2194 1941 2197 ,

209 2231 354 2291 nationis
381 2228 469 2292 edlta
493 2248 552 2308 pro
583 2233 811 2295 ecclesiastica
835 2233 999 2307 libertate,
1055 2233 1126 2294 sius
1140 2232 1181 2295 ad
1196 2236 1356 2311 malorem
1371 2233 1536 2297 cautelam
1552 2232 1848 2297 deuerboadrer·

209 2330 439 2405 precipientes
473 2328 534 2390 sub
566 2330 676 2392 debito
709 2330 890 2393 fidelitatis·
909 2346 999 2408 prae-
1054 2330 1132 2391 hum
1159 2330 1379 2407 praesentibus
1407 2330 1548 2393 mmmm
1578 2333 1737 2394 annotari
1759 2354 1768 2392 ε
1794 2333 1848 2411 pul

209 2423 307 2485 dietae
324 2426 357 2486 ot
377 2438 474 2502 paena
496 2426 587 2489 mille
602 2442 789 2488 marearum
803 2428 1002 2490 inconcusse
1054 2427 1138 2490 tales
1151 2430 1252 2491 sunt:

209 2522 348 2582 ornari.
1095 2522 1361 2597 «innocensus,
1377 2524 1453 2597 etc,
1471 2523 1603 2588 cireen
1625 2526 1706 2588 alan
1729 2527 1848 2606 papan
1940 2494 1941 2577 J

248 2619 415 2691 ‹Balliri
439 2621 603 2694 consules,
627 2623 774 2685 rectores
790 2622 845 2685 vel
873 2622 1002 2700 priores
1056 2621 1231 2693 Perusino,
1248 2621 1400 2694 salutem,
1417 2624 1480 2685 etc
1494 2622 1577 2684 Veri
1595 2624 1729 2701 pacifici
1749 2627 1848 2688 resti-
1940 2628 1941 2699 j

210 2712 468 2790 fraternitatum,
490 2719 696 2792 societatum,
719 2719 924 2782 tamillarum
942 2734 1001 2781 seu
1055 2719 1111 2795 gia
1128 2718 1308 2791 imitantes,
1325 2719 1445 2797 quiest
1465 2734 1532 2797 pax
1552 2722 1680 2794 nostra,
1695 2723 1755 2799 qui
1775 2721 1847 2785 lecit

210 2814 433 2895 quantumlibet
455 2816 588 2889 artium,
605 2817 870 2895 quibuscumque
893 2817 1003 2878 nomi·
1057 2817 1195 2893 atraque
1211 2830 1323 2887 unum,
1340 2830 1455 2892 pacem
1470 2816 1558 2878 inter
1575 2816 1662 2889 illes,
1680 2819 1740 2895 qui
1754 2818 1847 2895 longe

210 2910 310 2974 nlbtre
332 2914 542 2984 censeantur,
555 2914 611 2991 qui
633 2914 729 2975 nobie
750 2914 860 2976 omnia
877 2915 1002 2976 instru—
1056 2914 1143 2983 suut,
1174 2914 1210 2974 et
1231 2913 1288 2990 qui
1310 2927 1425 2989 prope,
1449 2913 1619 2975 seminare
1638 2914 1795 2977 volumus
1818 2918 1848 2977 et

211 3011 333 3079 menta,
351 3011 474 3086 scripta
498 3012 551 3072 vel
578 3004 757 3074 constituta
779 3012 928 3073 conlecta
944 3026 1003 3072 su·
1056 3008 1236 3071 studiosius
1266 3022 1479 3071 conservare.
1505 3011 1592 3071 Hinc
1607 3010 1660 3073 est
1681 3011 1770 3089 quod
1791 3028 1848 3074 nos

106 3184 116 3199 .
179 3112 184 3129 ¹
210 3116 270 3183 pra
293 3106 345 3167 his
371 3108 593 3184 neglexerunt
613 3110 795 3185 resignare,
818 3110 940 3187 palmae
961 3108 1002 3170 de
1056 3121 1171 3184 pacem
1187 3104 1350 3167 interires
1365 3105 1488 3168 milites
1502 3109 1536 3171 et
1548 3107 1707 3184 populum
1726 3124 1788 3185 por
1801 3109 1848 3170 di-

210 3206 333 3265 caetero
356 3204 547 3281 hujusmodl
572 3222 609 3266 se
633 3206 753 3268 oillcils
776 3220 1000 3283 praesumpse·
1056 3204 1177 3265 lectum
1201 3202 1306 3265 illium
1335 3204 1471 3265 &neto
1500 3202 1650 3269 basilice
1676 3205 1847 3269 duodecin

208 3302 277 3364 rint
293 3301 480 3363 immiscere
492 3303 565 3365 elne
579 3303 734 3368 mandato
752 3304 847 3365 Sedis
861 3305 1003 3380 aposto-
1056 3300 1288 3377 Apostolorum
1302 3299 1533 3379 presbyterum
1555 3301 1775 3377 cardinalem,
1791 3320 1848 3367 oa-

210 3399 285 3463 liceo
310 3398 461 3474 speciali,
484 3399 616 3476 judices
643 3416 774 3478 quoque
798 3414 840 3463 ue
866 3400 1000 3467 notarii,
1057 3397 1236 3458 mererium
1262 3400 1422 3470 nostrum,
1450 3398 1483 3460 et
1508 3397 1652 3461 nobilem
1679 3400 1791 3462 virum
1813 3404 1846 3463 lt

209 3494 268 3571 qai
290 3495 425 3571 scripta,
440 3496 546 3571 rogita
562 3510 621 3556 seu
640 3497 822 3574 pmtocolla
834 3510 936 3574 snper
950 3497 1002 3558 liis
1057 3494 1201 3557 eddonis
1216 3494 1370 3567 Mennis,
1382 3496 1579 3572 potestatem
1595 3497 1758 3570 vestram,
1773 3514 1848 3577 pre-

210 3592 360 3655 censecta
377 3593 633 3670 suppresserint,
649 3586 1001 3657 excommurncationls
1057 3593 1380 3657 incardinatum
1398 3607 1418 3652 a
1433 3590 1730 3670 rodmjuramento
1746 3596 1849 3658 mino
1938 3590 1939 3647 ἰ

209 3690 345 3751 uinculo
369 3690 580 3763 innodamus,
595 3693 629 3753 et
651 3691 786 3767 scripta,
810 3704 1003 3768 missaper
1057 3692 1137 3758 tum,
1152 3688 1302 3752 volentes
1323 3688 1512 3752 firmitatem
1526 3689 1672 3752 damam
1687 3691 1847 3765 euenere,

210 3789 263 3849 liis
290 3789 515 3866 apparuerint,
540 3789 634 3851 irrita
646 3790 839 3866 judicando,
855 3789 1001 3866 ipsorum
1058 3787 1270 3864 praesentium
1285 3786 1379 3848 vohis
1395 3787 1594 3848 auctoritate
1604 3789 1807 3852 mandamus
1819 3792 1849 3853 et

209 3889 363 3951 auctores
376 3887 417 3948 de
432 3889 552 3949 caetero
574 3886 722 3964 privatos
737 3887 924 3949 otiolo-eoo
944 3887 1003 3950 de·
1056 3885 1206 3948 districto
1216 3885 1429 3962 praecipimus
1444 3883 1506 3947 sul>
1520 3882 1630 3946 debito
1642 3886 1786 3963 praestiti
1791 3891 1847 3966 ju·

210 3986 377 4047 cern-imus
399 3985 472 4061 ipso
493 3985 590 4045 lacto
621 3984 691 4046 Etsi
706 4000 768 4046 neo
789 3985 837 4046 sio
856 3986 1000 4062 judiees,
1056 3982 1209 4053 rumenti,
1225 3984 1520 4062 quatenuspacem
1535 3981 1653 4058 ipsam,
1671 3988 1847 4061 proutea·
1937 4028 1938 4063 3

210 4084 333 4146 notard
355 4083 388 4145 et
407 4082 464 4143 alii
490 4081 672 4159 sript-edicti
696 4097 795 4143 asna
819 4098 1003 4160 proesump-
1056 4079 1129 4140 dem
1158 4078 1299 4141 inferius
1324 4081 1376 4139 eet
1398 4078 1579 4155 descripta,
1610 4079 1848 4144 inviolabiliter

209 4182 300 4243 tione
329 4180 527 4251 destiterint,
555 4179 671 4240 contra
697 4180 856 4255 praedicta
878 4181 1001 4241 temere
1056 4176 1249 4247 observetis,
1267 4176 1382 4237 scituri
1403 4192 1463 4253 pro
1477 4174 1579 4249 cetto,
1593 4179 1680 4254 qtred
1697 4181 1847 4257 quicom-

210 4277 388 4348 veniendo,
402 4276 541 4353 qui-linet
553 4290 680 4348 eorum,
693 4290 752 4352 pro
767 4275 915 4353 quolibet
925 4278 1001 4338 actu
1057 4290 1120 4351 que
1135 4275 1251 4335 eontra
1266 4273 1373 4351 ipsam
1393 4275 1518 4336 temere
1531 4276 1648 4337 venire
1661 4274 1846 4349 tentarerit,

212 4375 391 4446 contrarie,
408 4374 554 4435 bannum
566 4374 686 4450 viginti
707 4374 867 4435 librarum
881 4376 1001 4436 Came·
1057 4373 1179 4449 praeter
1194 4371 1324 4437 reatum
1339 4372 1479 4448 perjurii
1496 4371 1643 4434 divinam
1655 4374 1691 4435 et
1703 4377 1848 4438 nostram

210 4488 258 4535 ra
282 4474 465 4534 communis
483 4472 668 4549 componat,
686 4475 781 4548 cnjus
796 4471 895 4534 tertia
915 4486 1003 4551 pree-
1056 4469 1332 4544 indignationem,
1345 4470 1658 4547 necnonetpaenam
1668 4473 1849 4548 Juxtanos·
1936 4510 1937 4523 η

209 4576 262 4634 ter
276 4572 435 4633 salarium
452 4586 548 4631 strum
564 4569 730 4647 potestati,
750 4568 806 4647 qul
829 4583 888 4646 pro
912 4571 1001 4631 tem-
1056 4566 1100 4629 tri
1119 4566 1249 4627 arbitrii
1267 4566 1474 4627 voluntatem
1492 4565 1674 4628 taxandam
1690 4566 1847 4631 incurret.

129 4688 136 4703 =
212 4686 292 4749 pore
309 4671 417 4739 tuterit,
435 4669 630 4746 applicetur.
1059 4664 1099 4724 ut
1114 4664 1226 4723 alitem
1240 4662 1355 4723 nullus
1377 4678 1436 4738 por
1452 4660 1676 4737 ignorantiam
1692 4680 1730 4727 se
1745 4666 1849 4729 ualeat

250 4769 438 4843 «Quamvis
451 4768 559 4828 autem
573 4780 714 4841 poenam,
727 4780 826 4843 quam
839 4758 1002 4827 veniendo
1057 4776 1232 4834 excusare,
1256 4761 1423 4838 praedictae
1452 4761 1546 4838 pacis
1568 4763 1734 4838 tenorem,
1757 4778 1848 4843 quem
1935 4848 1936 4861 ἵ

210 4874 325 4934 contra
357 4882 471 4944 pacem
498 4865 617 4924 iactam
640 4879 660 4924 a
684 4863 871 4924 camerario
890 4864 923 4924 ot
943 4866 1003 4924 Bo
1056 4856 1424 4932 universisetslngulis
1438 4858 1848 4923 essevolumusmaniios·

210 4970 296 5030 bone
314 4962 493 5043 praedictis,
510 4961 543 5021 ot
556 4959 864 5035 interpretationem
876 4958 1002 5019 domini
1055 4960 1137 5028 tum,
1160 4953 1379 5033 praesentibus
1403 4954 1558 5016 duximus
1580 4956 1806 5021 inserendum.
1935 4968 1936 4971 ’

134 5038 140 5050 ⁸
211 5080 306 5155 pepm
333 5058 514 5124 iucurrisse
531 5056 715 5117 noscuntur
729 5055 869 5133 populns
893 5058 1001 5117 Peru·
1095 5071 1115 5113 ‹
1133 5054 1169 5114 ln
1182 5051 1316 5114 nornine
1330 5052 1473 5113 Domini.
1489 5054 1605 5115 Amen.
1619 5053 1691 5115 Nos
1706 5056 1845 5132 Stepha-

210 5157 438 5235 eimmposset
451 5150 537 5215 idem
554 5149 725 5231 [bannum]
742 5150 896 5212 domiuus
912 5154 1002 5230 Papa
1055 5166 1119 5211 nus
1132 5150 1190 5211 Dei
1208 5149 1316 5224 gratia
1330 5147 1504 5209 duodecim
1518 5150 1753 5225 Apostolorum
1764 5152 1848 5213 lasl-

211 5259 373 5335 recipere,
400 5252 510 5317 adlruo
532 5251 644 5313 tamen
673 5249 820 5324 experiri
840 5249 1000 5321 volentes,
1057 5247 1130 5308 licei
1150 5246 1325 5325 presbyter
1338 5242 1532 5317 cardinalis,
1545 5246 1674 5308 domini
1689 5264 1783 5325 papae
1798 5262 1848 5308 ea·

212 5358 242 5417 si
274 5355 392 5415 saltem
420 5351 510 5411 metu
538 5363 656 5424 poenae,
685 5347 748 5407 etsi
774 5360 840 5407 non
867 5347 1002 5407 uirtutis
1058 5344 1326 5416 merariusetli.
1342 5341 1666 5405 OddenisBobbonis
1683 5348 1848 5408 Romano·

213 5467 339 5523 artiore,
356 5466 445 5511 neree
459 5445 551 5525 pacis
567 5443 781 5512 cultibuarini
795 5458 831 5509 se
846 5443 1000 5514 cultores,
1057 5440 1261 5535 rumaensul
1284 5442 1316 5502 et
1335 5434 1467 5501 Perusil
1486 5443 1645 5516 potestas,
1669 5444 1847 5518 presentes

214 5551 246 5608 et
277 5546 500 5622 receptionem
520 5542 668 5620 pristiam
693 5556 800 5617 poenee
824 5540 865 5607 ad
886 5552 1003 5599 manus
1057 5532 1184 5599 litteras
1206 5537 1415 5614 inspecturis,
1432 5536 1583 5607 salutem,
1599 5538 1663 5599 etc.
1692 5539 1774 5611 Quia
1795 5537 1846 5597 di-
1933 5596 1934 5619 χ

214 5643 335 5715 summi
368 5641 538 5703 lteritillcis
574 5640 767 5710 retinentes,
794 5650 1003 5707 reservamus
1057 5637 1134 5698 rina
1157 5636 1356 5712 cooperante
1376 5633 1484 5709 pratia
1508 5633 1633 5696 milites
1650 5637 1685 5697 et
1707 5634 1846 5713 populus
