3930 6206
70 269 127 330 625

73 427 256 490 conventui
271 424 384 489 Sancti
400 424 549 489 Richarii
562 424 763 498 11.Ρο11116,
780 425 866 485 6616-

68 527 132 588 tem
146 528 182 588 61
193 525 418 602 Α116616116611
432 521 707 584 benedictionem.

104 626 200 684 Inter
221 626 343 684 caetera
367 620 490 682 divinis
517 620 616 697 plena
638 618 817 696 mysteriis,
834 620 867 681 61

68 721 292 780 humanorum
314 720 448 779 actuum
466 715 702 791 integumentis
721 731 787 775 non
806 731 867 775 va-

68 833 140 888 cua,
159 832 236 893 quae
251 816 415 877 Iohannis
428 814 461 874 in
474 812 673 890 Apocalypsi
689 828 724 873 66
742 812 866 873 vidisse

67 916 317 984 commemorat,
343 914 455 983 refert,
477 911 561 987 quod
583 925 698 971 exora
720 910 866 970 sedentis

67 1011 98 1071 in
114 1010 242 1072 throno
257 1012 373 1071 acutus
394 1026 437 1070 ex
466 1008 606 1084 utraque
628 1009 722 1083 parte
734 1007 865 1082 gladius

66 1107 286 1185 procedebat3
313 1121 374 1184 per
394 1105 480 1183 quod
499 1105 562 1166 etsi
583 1104 728 1181 supremi
742 1104 865 1180 judicis

66 1206 279 1281 extremique
292 1204 412 1280 jndicii
429 1202 601 1265 tremenda
611 1202 776 1262 sententia
789 1216 867 1276 pos-

66 1302 108 1364 sit
121 1301 283 1377 intelligi,
312 1317 378 1361 non
393 1300 577 1374 incongrue
589 1302 713 1369 tamen,
730 1299 867 1358 senten-

64 1400 119 1461 uae
148 1413 283 1476 quoque
310 1397 436 1459 Summi
460 1395 631 1458 pontificis
655 1396 762 1472 potest
776 1397 868 1472 ejus-

67 1497 143 1557 dem
178 1495 396 1558 revelationis
431 1494 516 1555 visio
543 1492 707 1569 adaptari.
735 1495 781 1553 De
808 1507 866 1552 ore

67 1609 217 1670 namque
230 1593 337 1669 ipsius
354 1592 424 1654 exit
438 1591 568 1667 gladius
581 1591 632 1651 bis
646 1592 774 1661 acutus,
789 1589 867 1666 quia

66 1692 99 1751 11
116 1690 261 1751 nodosis
276 1689 496 1766 quaestionum
516 1686 768 1749 difficultatibus
790 1702 865 1747 am-

64 1787 239 1865 putandis
256 1786 404 1862 gladium
427 1786 550 1862 linguae
574 1801 641 1846 uon
666 1784 766 1846 habet
789 1785 868 1845 hinc

65 1886 235 1957 hebetem,
252 1883 331 1944 binc
350 1884 495 1953 acutum,
510 1883 567 1943 sed
582 1881 756 1959 utrobique
769 1881 867 1941 simi-

65 1983 145 2046 liter
158 1982 373 2053 incidentem,
391 1981 439 2042 sic
452 1978 575 2056 absque
586 1995 803 2056 personarum
815 1995 869 2040 66-

65 2082 224 2158 ceptione
252 2078 373 2140 libram
397 2078 570 2153 dirigendo
590 2077 722 2151 judicii,
739 2078 774 2138 ut
799 2076 869 2139 616-

63 2181 139 2240 1616
161 2178 198 2239 61
219 2177 343 2238 6161616
363 2174 492 2252 pondus
515 2176 547 2235 et
565 2174 705 2250 pondus,
728 2189 868 2250 quorum

64 2280 250 2351 utrumque
281 2274 333 2334 est
368 2272 591 2333 abominabile
625 2272 712 2349 apud
750 2274 866 2343 Deum,

67 2388 176 2450 penes
188 2352 265 2432 eum
280 2370 426 2446 nequeat
446 2369 601 2430 inveniri.
619 2370 658 2430 Et
670 2368 802 2446 quidem
827 2384 869 2431 61

64 2486 127 2532 616
148 2469 262 2530 felicis
275 2468 443 2529 memoriae
460 2467 643 2528 innocentii
661 2482 869 2543 1161166116-

62 2566 259 2629 decessoris
280 2565 386 2627 nostri
410 2565 541 2641 gladius
556 2564 611 2625 hic
628 2564 733 2626 exivit
747 2565 869 2627 cumin

63 2664 252 2733 sententia,
277 2678 375 2739 quam
401 2646 749 2733 1611111161166,’61
774 2660 869 2722 bonae

61 2760 242 2823 memoriae
252 2759 447 2821 ambianen.
457 2760 649 2835 episcopum
660 2759 770 2819 neutri
782 2758 870 2834 parti

62 2874 225 2935 parcens,
241 2857 299 2918 sed
310 2857 461 2917 incidens
477 2856 653 2927 hincinde,
671 2857 769 2933 prout
781 2857 868 2917 16116

61 2955 239 3031 exigebat,
274 2955 448 3032 utramque
481 2954 662 3015 secundum
691 2953 769 3030 quid
800 2955 868 3014 tam

60 3056 179 3125 66616,
217 3067 316 3129 quam
344 3053 434 3129 justo
466 3051 593 3128 judicio
624 3052 868 3113 condemnavit.

61 3153 177 3223 Quum
189 3150 279 3210 enim
291 3163 426 3210 causam
440 3150 561 3210 motam
572 3149 658 3210 inter
670 3165 729 3209 vos
737 3151 771 3209 et
781 3164 872 3224 prae·

61 3248 174 3309 iatum
201 3246 395 3323 episcopum
411 3260 512 3323 super
529 3245 750 3321 subjectione,
770 3261 869 3323 quam

59 3346 100 3406 in
115 3347 233 3406 vestro
251 3344 456 3419 monasterio
478 3341 643 3417 exigebat,
668 3343 757 3404 idem
779 3357 869 3419 prae·

59 3443 228 3504 decessor
251 3442 376 3512 noster,
402 3441 478 3518 post
503 3440 753 3501 commissiones
784 3440 869 3500 alias

57 3536 166 3599 bonae
181 3536 391 3597 1161161116...
412 3535 644 3597 suessionensi
659 3534 815 3611 episcopo
837 3537 871 3597 et

58 3637 143 3710 ejus
165 3631 397 3709 conjudicibus
413 3632 644 3703 commisisset,
666 3633 699 3692 et
713 3632 789 3708 ipsi,
809 3646 868 3692 re-

59 3730 177 3807 ceptis
206 3730 350 3805 partimn
373 3729 524 3800 testibus,
550 3730 583 3790 et
604 3744 719 3789 eorum
734 3710 871 3806 deposi-

57 3826 220 3889 tionibus
231 3826 271 3886 de
282 3841 447 3887 consensu
459 3827 572 3887 mutuo
588 3825 776 3901 publicatis,
794 3827 868 3900 pri-

57 3924 206 4001 vilegiis
217 3939 349 4000 quoque
363 3924 530 3999 productis
546 3924 624 3983 hinc
639 3923 718 3984 inde
730 3923 871 3998 diligen-

56 4020 871 4096 terinspectis,causamipsamdevoluntatepar·

60 4120 159 4180 11661
184 4118 225 4178 ad
249 4132 392 4179 examen
407 4118 632 4192 Α116616116611
647 4117 867 4184 remisissent,

56 4219 96 4278 et
108 4230 229 4277 coram
240 4214 509 4275 venerablratre
519 4213 807 4293 nostroP(eiagi0)
817 4216 871 4276 nl·

52 4311 214 4374 hamensi
230 4311 388 4387 episcopo
400 4311 523 4371 eisdem
536 4311 688 4372 auditore
700 4326 868 4383 concesso,

50 4408 232 4486 praetatus
248 4406 483 4468 ambianensis
500 4407 675 4483 episcopus
694 4424 869 4484 possesso·

49 4503 675 4580 riumintendendoprolessionemab
692 4507 820 4567 Ursone
831 4521 870 4566 66

48 4603 227 4674 Richem,
239 4602 386 4678 aliisque
396 4600 571 4662 abbatibus
587 4601 667 4663 dicti
676 4603 870 4664 monasterii

46 4699 289 4763 Ambiauensi
311 4699 467 4775 episcopo
482 4698 615 4770 laetam,
630 4699 694 4775 ipsi
712 4699 869 4768 Richerov

46 4801 90 4860 et
106 4797 196 4858 aliis
212 4797 294 4857 dicti
318 4795 382 4857 loci
399 4795 575 4857 abbatibus
590 4795 631 4856 ab
647 4797 762 4857 eodem
780 4798 871 4873 epis-

46 4910 157 4972 copo
173 4893 438 4957 benedictionem
453 4893 638 4970 impensam
661 4895 871 4970 procuratio-

42 5008 149 5055 nem
161 4992 192 5051 ei
205 4992 375 5067 tamquam
390 4988 455 5050 loci
465 4990 657 5067 dioecesano
672 4990 867 5064 exhibitam,

42 5088 254 5152 sessionem
267 5089 303 5148 in
318 5086 445 5164 synodo
458 5102 533 5148 cum
544 5103 628 5165 capa
644 5088 753 5149 serica
768 5091 802 5150 et
815 5088 870 5149 ba·

38 5188 147 5250 culo
172 5184 345 5262 pastorali,
376 5184 661 5246 consecrationem
698 5185 866 5257 altarium,

39 5289 87 5348 et
107 5281 363 5343 ordinationem
382 5282 621 5343 monachorum
640 5283 720 5344 dicti
735 5299 868 5344 monas-

36 5380 161 5450 terii,
183 5380 448 5441 tonsurationem
466 5380 665 5445 clericorum
684 5380 809 5457 inipso
828 5397 868 5442 ac

34 5475 345 5561 praedicationem
364 5477 399 5537 in
413 5477 569 5553 paraviso
584 5477 706 5539 iactam
721 5479 867 5554 legitime

35 5573 292 5658 probavisset,
319 5590 358 5635 ac
381 5589 425 5635 ex
446 5575 541 5651 parte
555 5577 667 5637 vestra
689 5574 806 5637 luisset
825 5591 868 5636 61

677 266 905 331 EPISTOLAE.
929 268 1007 328 LIB.
1031 267 1116 327 VIII.

1598 192 1716 322 μ116

921 425 1063 487 adverso
1073 440 1280 502 responsum,
1296 425 1427 503 quodsi
1442 422 1621 501 aliquando
1635 423 1716 483 Am·

921 522 1073 584 bianensi
1098 523 1253 600 episcopo
1276 523 1433 599 praedicta
1451 523 1486 582 in
1509 520 1626 582 eodem
1649 533 1716 580 mo·

922 621 1068 681 nasterio
1081 636 1141 695 per
1150 620 1313 681 incuriam
1329 619 1545 697 quorumdam
1556 617 1715 678 abbatum

921 717 1067 778 indebite
1087 720 1318 793 usurpaverat,
1347 718 1379 777 id
1406 718 1493 779 dicto
1513 730 1634 777 166616
1648 729 1716 774 mo-

922 816 1067 875 nasterio
1095 829 1161 874 non
1188 814 1336 884 debebat,
1357 831 1456 891 quum
1476 814 1610 885 omnino
1626 811 1716 873 66661

920 912 1110 987 exemptum
1138 914 1170 973 et
1190 913 1505 973 contraexactiones
1523 907 1715 986 hujusmodi

921 1008 1082 1069 vallatum
1104 1008 1289 1084 privilegiis
1313 1010 1346 1069 61
1359 1008 1576 1083 indulgentiis
1593 1005 1711 1066 Ponti-

922 1106 1019 1166 licnm
1037 1108 1270 1166 Romanorum.
1288 1105 1377 1166 Idem
1397 1105 1621 1180 quaedecessor
1641 1117 1715 1164 nos·

920 1206 982 1275 ter,
996 1203 1049 1263 his
1062 1205 1095 1264 61
1104 1203 1180 1263 61116
1193 1219 1266 1279 quae
1277 1201 1529 1264 lueruntcoram
1539 1200 1717 1276 ipsoaudi·

922 1304 993 1362 tore
1013 1301 1193 1377 proposita,
1205 1315 1265 1376 per
1279 1302 1351 1375 eJus
1372 1298 1570 1359 relationem
1584 1296 1716 1374 plenius
1786 1300 1799 1317 ¹

921 1398 1111 1468 intellectis,
1130 1397 1374 1473 possessionem
1389 1394 1603 1473 probatorum
1620 1394 1717 1468 adju-

923 1495 1046 1556 dicavit
1062 1495 1215 1572 episcopo
1231 1496 1424 1566 memorate,
1438 1493 1484 1554 ita
1495 1494 1606 1553 tamen
1616 1490 1714 1568 quod,

924 1593 989 1653 1161
1016 1608 1120 1669 usque
1157 1593 1198 1653 ad
1234 1592 1316 1652 duos
1340 1605 1446 1652 annos
1473 1590 1627 1667 proximo
1644 1590 1717 1650 tum

922 1691 1052 1753 iuturus
1075 1706 1175 1766 super
1197 1689 1351 1765 petitorio
1379 1703 1474 1751 66611
1495 1686 1714 1749 intentionem

924 1792 1086 1863 tunderet,
1100 1791 1337 1852 monasterium
1354 1791 1461 1866 ipsum
1477 1789 1613 1850 extunc
1628 1787 1716 1848 esset

922 1906 941 1950 6
957 1890 1188 1966 praedictorum
1212 1888 1425 1963 praestatione
1440 1886 1571 1964 penitus
1584 1884 1715 1947 absolu·

922 1989 1003 2057 tum,
1027 1988 1185 2062 perpetuo
1205 1985 1337 2046 61161116
1364 1984 1537 2061 superbis
1562 1980 1716 2059 imposito

923 2082 1077 2158 episcopo
1100 2080 1288 2157 saepedicto,
1311 2097 1411 2157 quum
1428 2096 1470 2140 ex
1484 2078 1669 2155 privilegiis
1684 2076 1718 2139 et

923 2178 1140 2254 indulgentiis
1169 2177 1481 2254 apostolicaesedis
1504 2175 1662 2237 exhibitis
1682 2174 1718 2235 in

918 2277 1048 2353 judicio
1076 2275 1202 2352 liquido
1231 2274 1406 2351 appareret
1431 2274 1513 2334 illud
1538 2288 1611 2334 esse
1639 2270 1720 2332 iihe-

924 2389 1009 2444 rum,
1026 2374 1059 2433 et
1073 2373 1272 2448 exemptum.

964 2470 1083 2531 Abbati
1099 2485 1229 2546 quoque
1245 2468 1358 2530 Sancti
1370 2467 1518 2537 auberti,
1534 2465 1720 2528 etJohauni

924 2568 1172 2638 archidiacono,
1187 2562 1722 2627 ac...thesaurariocameracensi

924 2665 1125 2741 Apostolicis
1151 2664 1241 2725 dedit
1269 2662 1390 2724 litteris
1416 2663 1450 2722 in
1477 2660 1654 2732 mandatis,
1683 2659 1722 2721 ut

925 2763 1011 2839 quod
1028 2763 1068 2823 ab
1084 2777 1124 2823 eo
1150 2761 1259 2822 fuerat
1275 2759 1519 2821 sententialiter
1538 2757 1719 2819 diffinitum

924 2859 1116 2920 executioni
1129 2858 1335 2929 mandantes,
1347 2855 1496 2933 partibus
1512 2854 1714 2927 6611666116,

925 2955 1113 3032 reciperent
1125 2953 1385 3031 superpetitorio
1395 2951 1720 3028 probationesipsius

925 3053 1083 3129 episcopi,
1098 3068 1138 3112 ac
1152 3050 1362 3112 detensiones
1386 3048 1579 3110 monasterii
1599 3063 1720 3124 supra-

925 3152 1015 3222 dicti,
1030 3153 1074 3221 et,
1084 3149 1114 3209 si
1128 3146 1716 3224 16161116111166616161161611616,

926 3263 1061 3309 causam
1076 3246 1318 3323 ipsamjudicio
1333 3246 1386 3307 vel
1411 3243 1589 3306 concordia
1602 3243 1722 3305 termi-

924 3346 1058 3417 narent;
1083 3344 1232 3419 alioquin
1259 3343 1407 3403 eamdem
1429 3342 1471 3402 ad
1494 3340 1720 3417 apostolicam

926 3442 1043 3503 Sedem
1058 3441 1266 3502 remitterent
1292 3432 1496 3501 sufficienter
1508 3439 1717 3501 instructam.

925 3541 1096 3615 Quumque
1127 3537 1324 3599 auctoritate
1360 3538 1545 3599 litterarum
1571 3536 1720 3611 ipsarum

924 3638 1029 3698 morte
1059 3637 1301 3697 interveniente
1335 3636 1469 3696 interim
1502 3632 1717 3704 mandatoris,

925 3749 1116 3810 processum
1133 3734 1166 3792 in
1178 3733 1310 3807 negotio
1325 3731 1545 3801 16116616661,
1570 3745 1631 3791 nos
1646 3730 1718 3789 616-

925 3832 998 3891 dem
1014 3829 1184 3907 judicibus
1204 3829 1354 3891 dedimus
1376 3828 1411 3888 in
1435 3827 1610 3897 mandatis,
1627 3827 1663 3888 ut
1684 3825 1720 3886 in

925 3928 1040 3989 eodem
1057 3927 1190 4002 negotio
1206 3926 1404 3987 auctoritate
1426 3925 1540 3985 nostra
1555 3922 1719 4000 procede·

925 4026 1110 4101 1611161116
1126 4022 1316 4084 earumdem
1331 4022 1568 4084 continentiam
1585 4020 1719 4082 littera-

924 4138 1016 4197 rum;
1033 4123 1188 4199 episcopo
1202 4137 1281 4181 1616
1293 4119 1502 4181 incumbente
1514 4118 1720 4195 possessioni

926 4220 1190 4296 adjudicatorum
1211 4218 1318 4279 eidem
1334 4218 1366 4279 et
1380 4218 1415 4277 in
1437 4216 1583 4293 petitorii
1604 4230 1718 4287 66666,

925 4317 1159 4392 praetendendo
1183 4315 1343 4391 quasdam
1369 4314 1563 4375 occasiones
1582 4312 1720 4374 triveras

924 4414 1104 4489 procedere
1115 4428 1180 4473 non
1197 4413 1431 4482 6616116166,
1448 4409 1656 4472 attendentes
1677 4425 1721 4471 61

925 4510 988 4571 hoc
1001 4525 1104 4585 grave
1117 4509 1212 4570 vobis
1226 4508 1456 4585 praejudicium
1469 4506 1636 4582 generari,
1662 4520 1721 4584 pe-

924 4608 1024 4677 tistis,
1048 4611 1085 4668 ut
1113 4622 1213 4683 quum
1234 4621 1301 4667 non
1321 4604 1428 4666 solum
1452 4603 1635 4675 biennium,
1660 4618 1720 4663 ve-

925 4720 998 4764 rum
1027 4704 1127 4764 etiam
1149 4703 1219 4764 lere
1252 4700 1508 4779 quadriennium
1535 4704 1607 4778 jam
1640 4702 1716 4761 tunc

925 4797 1486 4874 61161666161611616661161116
1505 4796 1715 4883 supradictae,

921 4896 1019 4973 juxta
1034 4896 1182 4972 ejusdem
1203 4896 1352 4956 tenorem
1379 4894 1618 4956 monasterium
1637 4908 1718 4954 ves-

925 4988 1016 5055 trani
1028 4992 1326 5070 pronunciaremus
1352 4991 1494 5053 liberum
1517 4993 1552 5054 et
1577 5005 1719 5066 exemp-

922 5091 1005 5151 tum.
1015 5091 1109 5152 Licet
1122 5090 1233 5151 autem
1245 5089 1407 5165 derigere
1416 5090 1503 5165 juris
1514 5088 1718 5165 potuerimus

924 5189 1072 5248 severius
1085 5187 1265 5263 procedere
1289 5189 1404 5249 661116
1421 5186 1571 5246 eumdem
1588 5184 1720 5260 episco-

923 5301 1012 5361 pum,
1040 5284 1094 5345 611
1122 5300 1164 5344 61
1190 5284 1287 5361 culpa
1311 5299 1372 5344 666
1394 5286 1523 5359 tempus
1545 5279 1721 5342 videbatur

922 5382 1087 5444 inutiliter
1126 5380 1310 5452 6111611666,
1347 5380 1490 5457 spatium
1518 5381 1630 5440 tamen
1659 5393 1720 5439 sex

923 5477 1387 5555 mensiumeiadprobandam
1396 5476 1613 5537 intentionem
1623 5490 1719 5536 suam

922 5591 1022 5653 super
1037 5575 1193 5653 petitorio
1209 5575 1365 5635 duximus
1378 5572 1628 5649 indulgendum,
1640 5588 1721 5636 uos·
