3972 6204
735 275 964 336 EPISTOLAE.
988 276 1067 337 LIB.
1090 277 1131 336 X.

445 445 571 534 XXXI

123 600 172 660 Ad
190 597 401 670 episcopum,
422 590 633 667 nraptstrum
655 591 847 650 tobertnem
868 591 909 651 cte

158 693 270 756 Monte
280 691 433 751 Mirobiti
443 690 723 749 archidiaconum
736 687 771 749 et
787 690 910 749 thtet-

156 806 250 853 mum
264 794 574 856 Arverneeensem,
590 788 794 846 canonicum
808 789 910 846 Pori·

157 893 314 951 messem.

370 964 405 1021 ro
418 960 557 1035 septemb.
576 961 654 1019 itti.

174 1090 292 1155 [liegest.,
303 1087 389 1148 lib.X,
401 1101 442 1152 ep.
455 1087 493 1136 tit.
509 1088 567 1137 ilss.
576 1086 612 1135 La
623 1086 698 1135 Porta
713 1083 747 1134 dn
761 1083 855 1149 Theti]

121 1219 171 1275 liat
192 1216 234 1271 eis
257 1213 434 1287 provinciam
464 1209 619 1269 accedendi
643 1208 679 1267 ad
704 1210 910 1267 monasterium

155 1306 264 1363 Sanctae
278 1300 422 1361 Coiurnbae
435 1301 611 1359 senonensis
625 1307 653 1357 et
671 1314 808 1359 excessus
822 1298 909 1357 abba·

151 1394 186 1451 tis
198 1391 326 1464 eiusdem
340 1390 507 1447 monasterii
522 1388 696 1463 corrigendi.

156 1518 335 1590 Honorius,
352 1518 427 1595 etc,
442 1515 627 1578 venerabili
642 1515 750 1589 tratri,
819 1513 912 1593 epis-

118 1632 206 1694 copo,
221 1616 255 1678 et
270 1614 440 1691 magistris
452 1614 599 1676 iohanni
621 1613 662 1675 de
679 1614 791 1675 Monte
807 1612 913 1673 Mira-

116 1714 172 1775 bili
187 1713 425 1776 archidiacono
439 1713 473 1775 et
483 1711 654 1773 Willelmo
665 1708 912 1773 Arvernacensi

117 1813 277 1874 canonico
291 1809 488 1883 parisiensi,
505 1810 657 1881 salutem,
674 1810 737 1871 etc.

153 1910 201 1971 dd
221 1910 428 1972 audientiam
455 1909 603 1970 nostram
626 1906 747 1969 dilecto
771 1905 840 1968 illio
864 1908 910 1978 8.,

67 2038 71 2045 ·
116 2007 225 2086 priore
245 2007 443 2069 monasterii
469 2006 599 2068 Sanctae
621 2003 788 2067 columbae
808 2006 914 2066 Seno-

116 2106 211 2168 nensi
234 2105 412 2168 intimante
437 2103 601 2181 pervenit,
628 2103 714 2180 quod
740 2118 816 2164 oum
836 2101 912 2162 dic-

114 2204 182 2264 tum
198 2203 441 2265 monasterinm
455 2203 545 2263 iuter
559 2201 626 2263 alia
643 2199 707 2261 sibi
722 2199 833 2262 vicina
848 2200 914 2276 spi·

115 2301 299 2373 ritualium,
312 2302 345 2363 et
354 2299 588 2377 temporalium
600 2297 812 2360 consueverit
819 2296 914 2359 uber·

113 2399 179 2461 tate
194 2398 331 2470 florere,
354 2413 443 2459 nunc
460 2412 520 2474 per
541 2395 672 2458 abbatis
688 2395 793 2473 ipsius
815 2395 914 2457 iucu-

115 2497 198 2557 riam
213 2497 268 2558 est
284 2495 467 2573 collapsum
490 2494 574 2556 adeo
594 2495 629 2556 in
647 2494 808 2571 utrisque,
825 2493 912 2570 quod

113 2593 273 2670 degentes
288 2594 323 2655 in
342 2594 427 2670 ipso,
443 2591 502 2653 vix
521 2594 659 2669 possunt
679 2591 719 2652 de
739 2591 846 2667 ipsius
860 2589 914 2651 ia·

114 2690 294 2753 unitatibus
332 2705 392 2768 per
422 2690 503 2752 anni
536 2689 708 2751 dimidium
742 2688 913 2750 commode

113 2788 308 2857 sustentari,
323 2788 452 2850 nonest
467 2786 568 2849 etiam
583 2785 641 2864 qui
655 2802 816 2849 excessus
832 2801 911 2848 eor-

112 2885 199 2963 rigat
214 2886 420 2949 eorumdem.
441 2886 527 2947 Nam
549 2883 657 2946 dictus
679 2884 783 2946 abbas
798 2885 914 2961 perju-

112 2984 175 3057 rio,
191 2984 338 3061 aliisque
361 2983 511 3045 irretitus
533 2981 730 3043 criminibus
748 2997 809 3059 pro
831 2980 914 3042 tilia-

113 3080 175 3142 bus
189 3080 338 3160 propriis
358 3079 555 3142 maritandis
574 3078 662 3142 bona
677 3078 825 3157 ejusdem
841 3094 914 3140 me·

113 3179 256 3243 uastarii
284 3177 473 3256 dilapidans
494 3177 687 3251 enormiter,
704 3179 738 3239 et
756 3192 914 3238 consum·

111 3293 219 3351 mans,
238 3293 278 3339 se
292 3293 312 3339 a
328 3292 407 3354 rege
423 3279 630 3338 Francorum
644 3274 791 3338 asseruit
803 3275 913 3351 impe-

109 3375 231 3446 trasse,
247 3376 286 3437 ut
297 3376 477 3452 poneretur
491 3375 527 3435 iu
541 3373 698 3446 vinculis,
715 3372 772 3451 qui
784 3370 826 3434 ab
840 3372 913 3450 ipso

112 3472 294 3534 adsedem
306 3471 530 3549 Apostolioam
552 3472 760 3549 provocaret,
778 3485 914 3532 excom·

109 3569 319 3632 municando
334 3568 553 3630 nibilominus
574 3568 779 3645 generaliter
794 3566 913 3645 appel-

109 3666 232 3741 lantes,
259 3683 321 3729 seu
341 3666 398 3744 qui
422 3668 538 3728 contra
563 3682 640 3728 eum
663 3665 914 3743 inquisitionem

109 3764 264 3843 aliquam
279 3762 506 3842 impetrarent.
517 3764 607 3826 idem
621 3778 752 3841 quoque
768 3762 914 3839 sigillum

109 3863 301 3925 conventus
315 3860 480 3923 violenter
500 3862 669 3938 accipiens
690 3860 732 3923 ad
747 3860 914 3922 nundinas

109 3976 226 4022 secum
252 3959 392 4036 pluries,
408 3958 629 4020 renitentibus
656 3958 841 4031 monacbis,
857 3974 915 4019 as-

108 4058 272 4134 portavit,
300 4056 361 4117 sub
377 4072 453 4133 quo,
471 4072 572 4134 quum
591 4055 762 4133 proprium
782 4055 913 4127 babeat,

107 4170 186 4217 eum
205 4155 331 4217 iniisse
350 4155 541 4217 contractus
559 4153 709 4217 metuant
732 4154 765 4216 et
787 4168 916 4230 praesu-

107 4254 207 4315 munt
225 4254 265 4313 in
290 4251 500 4329 dispendium
518 4251 713 4314 monasterii
727 4251 913 4314 memorati.

106 4351 231 4413 Adhuc
247 4351 349 4413 etiam
365 4349 418 4411 his
440 4349 482 4411 ad
502 4365 572 4410 snae
591 4348 778 4426 iniquitatis
794 4366 914 4411 cumu-

107 4446 180 4509 lum
192 4464 266 4511 non
282 4447 470 4515 contentus,
482 4446 658 4524 quamdam
675 4448 806 4524 neptem
821 4463 915 4508 suam

106 4546 248 4608 cuidam
284 4544 447 4606 monacho
482 4544 589 4605 fertur
623 4544 917 4606 matrimonialiter

107 4643 295 4721 copulasse
310 4642 351 4703 de
372 4642 472 4714 iact0,
490 4643 586 4720 quasi
606 4642 714 4718 legem
732 4641 859 4704 iaciens
875 4642 916 4703 de

105 4742 266 4819 peccato,
283 4740 316 4802 et
330 4739 398 4801 alia
413 4739 590 4803 committit
609 4740 760 4802 enormia
774 4739 809 4800 in
825 4741 918 4801 salu·

105 4840 152 4902 tis
167 4837 322 4917 propriae
337 4837 582 4899 detrimentum.
595 4838 634 4899 ut
644 4837 723 4900 licet
738 4837 914 4914 superbis,

105 4936 141 5000 et
166 4935 253 4998 aliis
280 4935 351 4996 suis
380 4932 574 4996 excessibus
599 4936 745 4998 monitus
771 4934 917 4997 iberita

104 5033 271 5111 pluribus
292 5032 418 5109 pluries
443 5032 551 5093 dlutus
573 5031 687 5105 abbas,
710 5034 784 5109 ipse
805 5033 916 5094 tamen

1689 108 1705 137 Ι

1699 284 1760 345 926

963 451 1003 498 ac
1018 435 1132 499 videre
1153 437 1265 499 utrum
1287 437 1415 501 clamor
1433 439 1490 516 qni
1505 440 1547 502 ad
1562 456 1623 503 nos
1638 457 1760 504 ascen-

965 535 1014 597 dit
1040 551 1140 613 0pere
1166 536 1381 613 compleatur,
1398 554 1474 598 oum
1493 539 1534 600 ad
1554 554 1615 600 nos
1638 540 1761 602 imme·

964 633 1053 695 diate
1086 633 1217 697 dicatur
1244 634 1354 711 ipsum
1380 637 1619 698 monasterium
1653 639 1762 715 perti·
1778 682 1798 709 χ
1852 700 1857 709 ,

965 747 1059 804 nere,
1096 731 1289 793 discretioni
1322 735 1442 795 vestrae
1478 750 1538 811 per
1572 737 1762 813 apostolica

964 830 1088 906 scripta
1126 830 1339 903 mandamus,
1377 832 1540 909 quatenus
1574 834 1616 895 ad
1651 835 1762 896 locum

964 927 1073 1004 ipsum
1091 929 1314 1004 personaliter
1329 930 1535 1003 accedentes,
1552 932 1586 993 et
1601 931 1762 995 habentes

965 1042 1034 1102 prae
1049 1026 1154 1087 oculis
1175 1027 1282 1088 solnm
1296 1030 1412 1097 Deum,
1426 1028 1534 1091 eidem
1551 1030 1624 1091 vice
1647 1032 1761 1093 nostra

965 1123 1166 1186 visitationis
1190 1123 1337 1187 osticium
1359 1127 1571 1204 impendatis,
1595 1127 1629 1189 et
1648 1128 1763 1206 inqui-

965 1221 1029 1283 sIta
1063 1238 1164 1299 super
1196 1222 1365 1300 praedictis
1395 1224 1590 1300 diligentius
1620 1227 1762 1290 veritate

966 1319 1154 1397 corrigatis,
1171 1322 1205 1381 et
1221 1320 1409 1383 reformetis
1426 1320 1549 1385 ibidem
1562 1326 1631 1385 tam
1653 1324 1690 1385 iu
1704 1340 1763 1386 ca-

966 1415 1045 1492 pite,
1059 1431 1158 1492 quam
1173 1415 1208 1477 in
1221 1415 1378 1477 membris
1394 1432 1467 1493 quae
1487 1418 1705 1491 correctione,
1722 1435 1762 1482 ao

965 1512 1203 1581 reformatione
1220 1514 1402 1576 secuudum
1417 1518 1520 1577 Deum
1535 1515 1687 1585 videritis
1703 1518 1761 1578 in-

966 1611 1090 1688 digere.
1120 1612 1399 1686 contradictores,
1429 1616 1491 1675 etc.
1520 1614 1612 1686 Quod
1639 1614 1668 1675 si
1693 1630 1761 1677 non

967 1725 1094 1782 omnes,
1111 1712 1172 1772 etc.
1190 1712 1308 1772 Datum
1330 1712 1443 1783 Reate,
1463 1714 1505 1772 lv
1523 1712 1596 1773 idus
1612 1714 1762 1790 septem-

966 1805 1047 1881 bris,
1065 1824 1152 1870 anno
1168 1808 1306 1871 decimo.

1288 2052 1436 2139 XXXII

967 2206 1019 2265 Ad
1032 2206 1240 2279 episcopam,
1255 2207 1411 2278 priorem
1431 2205 1465 2267 et
1484 2209 1765 2269 archidiaconum

1245 2304 1505 2365 Mactooiensea.

1226 2434 1259 2492 lt
1270 2426 1409 2506 septemb.
1420 2434 1499 2491 1225.

999 2556 1120 2621 [Regest.‚
1130 2552 1175 2607 lib.
1190 2556 1222 2615 X,
1239 2556 1312 2622 epist.
1323 2556 1362 2606 tt.
1380 2558 1437 2608 llss.
1453 2559 1490 2608 La
1505 2559 1582 2609 Porte
1599 2559 1632 2610 du
1643 2556 1726 2612 sceti.

966 2681 1084 2743 itandat
1097 2682 1141 2740 eis
1154 2690 1196 2751 ut,
1209 2682 1289 2755 iuxta
1306 2689 1435 2740 tenorem
1448 2683 1606 2742 litterarum
1618 2686 1762 2759 Apostoli·

1001 2786 1101 2829 carum
1116 2770 1151 2829 de
1164 2770 1220 2829 boc
1231 2771 1292 2845 jam
1307 2770 1344 2829 ad
1359 2773 1437 2844 ipsos
1452 2770 1592 2843 datarum,
1606 2774 1639 2832 G.
1655 2790 1765 2848 paupe·

1003 2875 1063 2917 rem
1088 2860 1224 2918 clericum
1246 2861 1275 2917 in
1296 2860 1417 2918 ecclesia
1442 2862 1474 2918 Β.
1491 2862 1605 2921 llartiui
1627 2863 1764 2938 liudege-

1003 2948 1099 3007 vensis
1114 2947 1267 3024 prebenda
1282 2946 1388 3006 iaciant
1399 2948 1550 3023 provideri.

1006 3076 1186 3146 Honorius,
1207 3077 1284 3147 etc,
1307 3074 1493 3138 venerabili
1519 3076 1654 3140 tratri...
1675 3076 1767 3156 epis-

967 3191 1067 3254 cope,
1085 3176 1120 3236 et
1144 3174 1274 3236 dilectis
1304 3173 1420 3235 liliis...
1437 3175 1544 3252 priori
1558 3177 1628 3238 et...
1648 3177 1766 3239 archi-

968 3273 1108 3336 diacono
1121 3271 1351 3344 Maeloviensi,
1368 3272 1521 3347 salutem,
1537 3276 1600 3336 etc.

1008 3370 1155 3433 Dilectus
1170 3370 1260 3431 tilius
1277 3373 1315 3431 G.
1335 3386 1462 3447 pauper
1482 3372 1624 3434 clericus
1640 3372 1676 3434 in
1690 3389 1768 3436 nos-

967 3469 1019 3531 tra
1049 3466 1222 3545 proposuit
1247 3468 1426 3543 praesentia
1453 3468 1665 3542 remediatus,
1679 3471 1765 3548 quod

968 3582 1080 3628 cum...
1097 3565 1223 3627 decano
1237 3567 1271 3628 et
1288 3564 1435 3642 capitulo
1454 3566 1658 3629 ecclesiasti.
1674 3570 1768 3631 Mar-

968 3664 1029 3726 tini
1055 3663 1307 3740 Andegavensis
1333 3679 1449 3740 preces
1475 3663 1708 3738 direxerimus,
1735 3669 1769 3731 et

968 3763 1145 3840 praecepta,
1160 3762 1195 3822 ut
1222 3762 1332 3838 ipsum
1357 3776 1456 3838 quam
1482 3762 1547 3824 cito
1567 3764 1770 3827 se'iacultas

969 3859 1105 3922 offerret
1115 3860 1151 3919 in
1166 3858 1364 3920 canonicum
1379 3858 1568 3934 reciperent
1586 3863 1620 3922 et
1643 3861 1679 3921 in
1695 3860 1768 3923 ira-

968 3958 1065 4027 trem,
1078 3955 1173 4017 vobis
1189 3971 1290 4032 super
1302 3954 1366 4017 hoo
1380 3956 1616 4019 executoribus
1628 3957 1691 4020 sibi
1706 3958 1769 4021 da·

968 4052 1237 4128 devacantibus
1259 4052 1393 4115 interim
1409 4052 1537 4115 duabus
1561 4053 1596 4115 iu
1623 4056 1768 4119 ecclesia

969 4151 1109 4230 praelata
1120 4151 1320 4229 praebendis,
1333 4152 1440 4215 dictus
1455 4151 1599 4216 clericus
1614 4155 1650 4216 ut
1667 4171 1767 4218 man-

969 4252 1081 4313 datum
1094 4251 1244 4312 nostrum
1258 4251 1525 4328 exsequeremini
1549 4252 1639 4315 cirea
1658 4253 1769 4331 ipsum

970 4347 1098 4411 anobis
1118 4364 1195 4410 oum
1216 4347 1378 4411 instantia
1401 4349 1594 4425 postulavit.
1610 4351 1674 4413 Sed
1690 4352 1768 4432 qpia

969 4448 1120 4526 ipsorum
1134 4446 1264 4517 decani,
1285 4447 1319 4508 et
1332 4446 1472 4523 capituli
1486 4449 1683 4524 procurator
1708 4465 1769 4511 ex·

970 4543 1123 4622 cipiendo
1136 4543 1319 4621 proposuit,
1333 4545 1467 4606 nostras
1483 4545 1659 4622 superbos
1673 4546 1768 4610 litte-

969 4654 1026 4703 ras
1045 4657 1112 4703 non
1133 4640 1258 4713 valere,
1275 4655 1315 4702 eo
1333 4640 1419 4718 quod
1435 4640 1472 4701 in
1487 4641 1537 4702 eis
1551 4643 1675 4705 mentio
1697 4659 1766 4705 non

970 4739 1081 4812 tiebat,
1096 4738 1181 4816 qnod
1198 4736 1358 4815 praefatus
1370 4738 1516 4800 decanus
1531 4754 1574 4801 ex
1589 4740 1769 4802 donatione

970 4837 1060 4913 regis
1076 4836 1329 4913 praebendarum
1339 4837 1487 4912 ejusdem
1498 4837 1650 4899 ecclesiae
1665 4838 1771 4900 colla·

970 4936 1094 4997 tionem
1116 4932 1336 5005 baberetros
1355 4934 1504 4996 mandati
1526 4934 1632 4997 nostri
1647 4951 1772 4998 execu-

970 5035 1060 5097 tores
1076 5046 1144 5093 non
1161 5047 1235 5094 esse
1246 5031 1502 5108 interloquendo
1516 5032 1661 5104 dixistis,
1675 5036 1709 5095 et
1720 5033 1770 5096 sic

104 5132 144 5194 in
168 5130 292 5208 aliquo
314 5144 351 5190 se
370 5130 540 5206 corrigere
564 5145 633 5192 nou
655 5130 796 5203 curarit,
821 5130 918 5207 qnasi
971 5132 1037 5193 iliae
1066 5130 1140 5192 duae
1160 5128 1357 5207 praebendae,
1383 5144 1457 5204 quae
1486 5129 1595 5191 medio
1621 5132 1770 5208 tempore

103 5228 257 5305 elegerit
268 5226 304 5288 iu
318 5228 531 5305 peccatorum
548 5226 777 5290 tabernaculis
792 5229 918 5306 potins·

104 5342 214 5406 quam
241 5325 279 5385 in
302 5325 398 5386 domo
416 5326 547 5387 Domini
562 5325 727 5399 habitare,
744 5327 778 5389 et
797 5327 845 5389 sie
860 5327 916 5404 qni

104 5425 217 5490 verbo
234 5423 363 5499 pariter
377 5424 411 5484 et
427 5424 579 5500 exemplo
592 5424 728 5486 deberet
742 5423 915 5501 proficere,

101 5524 222 5587 iactus
246 5519 299 5581 est
321 5520 433 5582 multis
457 5521 694 5583 offendiculum
720 5537 780 5599 per
803 5538 919 5585 exem-

102 5622 217 5699 plum.
244 5619 329 5681 Cum
347 5619 450 5694 igitur
464 5619 613 5681 nostrum
633 5620 678 5682 sit
702 5620 916 5693 descendere,

970 5230 1133 5292 vacarunt
1148 5227 1226 5288 aliis
1238 5227 1317 5287 sunt
1329 5225 1472 5298 oollatae,
1495 5227 1529 5288 et
1547 5226 1654 5289 dictus
1669 5228 1771 5291 cleri-

972 5342 1031 5389 cus
1060 5324 1237 5389 occasione
1261 5323 1452 5401 hujusmodi
1475 5338 1574 5401 quam
1588 5340 1647 5387 vos
1671 5325 1772 5388 mali-

970 5426 1058 5487 tiose
1068 5423 1236 5499 recepisse
1246 5419 1419 5493 videmini,
1432 5422 1594 5484 remansit
1608 5422 1771 5487 hactenns

973 5539 1034 5585 sua
1064 5521 1257 5600 provisione
1294 5517 1482 5590 frustratus,
1515 5522 1650 5597 propter
1683 5520 1772 5600 qnod

973 5612 1221 5683 idemnestram
1237 5616 1441 5683 audientiam
1452 5616 1642 5693 appellavit,
1656 5621 1773 5697 appel·
