3930 6206
866 338 1041 401 HONORII
1064 340 1108 399 111
1129 339 1278 400 OPERA.
1801 344 1845 405 tlt

179 636 184 643 ¹
249 664 301 723 Ad
327 664 565 723 dublinensem
582 664 888 738 archiepiscopum,
906 666 1042 727 abbates

289 758 322 819 et
332 757 537 818 conventum
551 761 756 821 morcusterii
772 762 890 822 Sarsctt
907 764 1042 823 Tbonroe

288 857 517 916 braccarensis.

527 986 563 1044 30
576 987 673 1058 aprilis
686 986 766 1044 tait.

346 1110 474 1176 [Thalnam
485 1110 577 1161 Vetera
586 1110 653 1160 llum
670 1109 846 1173 lliberuorum,
857 1125 884 1176 p.
896 1110 949 1176 ἢ]

248 1234 472 1309 Arubiepiscopo
497 1234 673 1303 Dublinensl,
691 1242 722 1292 ut
744 1235 772 1292 in
787 1250 874 1293 cauea
889 1236 962 1292 inter
978 1250 1039 1292 mo·

284 1324 440 1380 naslerium
455 1324 482 1380 S.
498 1322 614 1379 Thonue
626 1322 808 1381 Dublinensis
819 1331 848 1379 et
863 1322 993 1380 baeredes
1007 1326 1040 1381 ll.

284 1410 320 1468 de
331 1410 429 1480 Felda,
444 1417 584 1479 vertente,
600 1411 738 1468 canonice
753 1411 888 1483 procedat
900 1412 962 1468 sine
975 1426 1042 1484 praa

281 1499 388 1572 judicio
401 1500 582 1572 pupillarum.

287 1634 1040 1712 Honoriusepiscopus,seruusserrorumDai,

247 1731 432 1795 venerabili
464 1731 599 1795 fratri...
637 1733 890 1810 archiepiscopo
927 1731 1044 1795 Dubii-

249 1830 356 1902 nensi,
380 1829 532 1901 salutem,
554 1830 616 1891 etc.

287 1928 443 2003 Experto
459 1926 654 1989 dilectorum
669 1926 851 1999 illiorum„
865 1927 995 1989 abbatis
1009 1928 1043 1988 et

248 2023 430 2085 conventus
446 2024 640 2085 monasterii
657 2025 769 2085 Sancti
779 2024 913 2087 Tbomae
926 2022 1043 2085 Dubii·

247 2117 361 2179 nensis
376 2116 438 2179 fuit
461 2116 666 2194 propositum
686 2132 799 2179 coram
827 2117 935 2189 nobis,
954 2117 1040 2194 quod

247 2228 323 2275 cum
338 2212 426 2274 inter
443 2212 532 2288 ipsos
550 2215 702 2289 exparte
724 2229 802 2285 una,
816 2215 850 2276 at
866 2213 1041 2274 Nicolaum

247 2311 289 2370 de
310 2309 411 2371 Felda
439 2309 562 2370 laicum
582 2326 626 2370 ex
644 2310 762 2382 altera,
779 2324 881 2391 super
899 2310 1041 2387 quadam

246 2404 919 2483 terraquaefuitquondamil.patrisdieti
930 2403 1041 2483 N(ico·

247 2501 1040 2580 lai),iulaicalicuriaquaestioverteretur,etipsi

246 2598 386 2676 praefato
398 2600 428 2660 N
432 2641 453 2670 .,
470 2598 526 2675 qui
544 2614 581 2660 se
599 2598 744 2661 defuncti
760 2599 925 2661 baeredem
943 2614 1039 2661 asse-

246 2712 326 2757 rens
351 2695 501 2757 eamdem
522 2696 646 2758 terram
671 2695 735 2757 sibi
752 2699 830 2773 jure
851 2696 1041 2759 vindicabat

245 2793 472 2865 haereditarie,
500 2792 712 2869 objecissent,
742 2793 828 2870 quod
853 2809 918 2856 non
954 2796 1041 2856 esset

245 2890 394 2966 legitimo
427 2891 640 2952 matrimonio
671 2893 875 2968 procreatus,
909 2889 1040 2951 demum

245 3002 347 3064 super
369 2987 561 3062 legitimatis
584 2987 726 3049 articulo
740 3002 852 3049 coram
873 2989 906 3050 te
927 3003 1040 3064 quaes·

244 3084 335 3147 tione
363 3084 498 3146 suborta
519 3084 553 3146 et
582 3100 666 3160 pene
694 3084 857 3156 discussa,
879 3086 926 3146 ita
952 3083 1040 3161 quod

239 3186 311 3259 jam
334 3181 424 3244 aliud
444 3197 510 3243 non
534 3183 691 3253 restaret,
722 3182 788 3242 nisi
813 3184 848 3243 ut
874 3181 1040 3243 sententia

245 3278 1039 3356 proferretur;pupillasquaedam,queincausam

245 3391 414 3453 nunquam
440 3375 525 3435 alias
549 3376 783 3451 apparuerant,
808 3390 867 3452 per
896 3376 1039 3437 tutorem

244 3473 415 3549 proprium
445 3474 633 3533 asserentes
660 3470 724 3531 sibi
752 3487 850 3547 posse
880 3472 1041 3548 praejudi-

244 3571 333 3632 cium
343 3567 510 3645 generari,
525 3569 553 3628 si
566 3568 724 3643 praedicto
739 3570 793 3640 Ν.,
808 3584 905 3645 quem
920 3568 1040 3644 etipse

243 3683 310 3729 non
330 3682 404 3730 esse
424 3665 608 3742 legitimum
633 3664 870 3742 proponebant,
898 3668 1037 3727 senten-

109 3808 126 3814 -
243 3765 324 3827 tiam
359 3761 502 3839 proferri
528 3761 746 3838 contingeret,
770 3777 871 3840 quum
905 3761 1039 3823 easdem

243 3860 403 3940 praefatus
421 3859 597 3922 defunctus
619 3859 659 3921 de
678 3875 785 3921 uxore
802 3860 951 3935 legitima
963 3876 1041 3920 sus·

243 3959 397 4035 cepisset,
423 3973 463 4019 ac
485 3959 601 4018 contra
624 3956 815 4032 hujusmodi
840 3957 1039 4019 sententiam

243 4052 1040 4127 eis,secundumregniconsuetudinemrestitu-

242 4152 291 4215 tio
316 4166 384 4213 non
408 4149 555 4221 daretur,
580 4165 623 4210 ne
648 4150 735 4211 ultra
765 4150 973 4225 procederes,
996 4150 1038 4211 ad

243 4250 391 4310 nostram
419 4247 622 4307 audientiam
649 4247 876 4322 appellarunt;
905 4249 1040 4324 propter

244 4343 331 4422 quod
351 4343 566 4420 supersedisti
582 4344 780 4405 senientiam
800 4343 1036 4421 promulgare:

246 4443 359 4519 sicque
385 4456 488 4502 causa
513 4441 585 4516 ipsa
611 4440 647 4500 in
670 4441 833 4502 dictorum
857 4440 985 4503 abbatis
1006 4442 1040 4503 et

246 4541 428 4602 conuentus
457 4537 665 4615 dispendium
690 4539 852 4601 remansit
878 4539 1039 4600 hactenus

246 4638 410 4711 indecisa;
426 4635 512 4696 unde
538 4650 640 4712 super
661 4635 724 4696 boc
746 4635 811 4697 sibi
837 4636 1038 4712 petierunta

246 4735 341 4797 nobis
368 4732 629 4794 misericorditer
652 4732 832 4808 provideri.
861 4734 912 4794 Ne
937 4732 1039 4808 igitur

246 4849 289 4895 ex
319 4832 479 4892 dilatione
511 4828 701 4906 hujusmodi
728 4829 851 4891 dietum
877 4832 1040 4895 monaste·

247 4930 334 4991 rium
354 4928 407 4988 sui
423 4926 512 5005 juris
528 4926 691 4987 sustineat
710 4926 953 4998 detrimentum,
970 4926 1040 4988 fre·

246 5025 395 5089 ternitati
409 5027 475 5085 tuae
489 5039 549 5100 per
558 5022 746 5098 apostoliea
759 5023 882 5099 scripta
898 5023 1038 5084 manda-

246 5139 331 5195 mus,
343 5122 507 5200 quatenus
521 5119 563 5180 ad
578 5120 704 5197 justam
720 5134 820 5195 super
831 5119 885 5180 bis
899 5122 1037 5181 senten-

245 5222 328 5285 tiam
344 5217 578 5297 proferendam
591 5216 717 5292 praevia
733 5216 864 5278 ratione
878 5218 1038 5293 procedas

247 5318 321 5380 sine
349 5314 544 5394 praejudicio
571 5312 791 5390 pupillarum,
814 5329 955 5389 quarum
984 5315 1039 5375 in-

247 5414 419 5477 demnitati
439 5427 628 5489 praecaveas
647 5410 753 5472 modis
773 5408 938 5487 omnibus,
963 5412 1040 5489 qui-

1443 505 1544 592 CCII

1156 641 1208 701 Ad
1229 640 1501 711 archiepiscopos
1519 639 1553 698 ct
1572 639 1734 712 epbccpcs
1749 655 1804 714 per

1249 814 1252 819 Ι
1266 737 1488 811 Huupartum
1503 734 1707 795 curialitates.

1307 880 1310 885 ·
1372 855 1408 913 3⁰
1420 855 1518 928 aprilis
1536 856 1613 913 ital.

1200 961 1330 1026 [Theium
1341 961 1454 1011 lionam.
1466 960 1587 1019 Polonie,
1596 961 1616 1019 l,
1630 961 1669 1023 tl,
1678 975 1702 1010 a.
1714 960 1771 1026 tiit]

1097 1067 1225 1125 Prelatis
1239 1068 1405 1140 lluugarie,
1425 1075 1456 1124 ut
1473 1065 1600 1123 ordinem
1620 1066 1758 1138 hospitalis
1773 1067 1796 1124 S.
1808 1070 1850 1126 fa

1132 1155 1182 1213 ria
1209 1154 1449 1212 Tbeutooioorum
1478 1162 1641 1226 exompmm
1664 1161 1692 1210 et
1716 1155 1849 1212 incoluit

1132 1250 1207 1301 terra
1220 1245 1301 1300 Bozae
1320 1243 1398 1299 nudo
1413 1241 1499 1298 modo
1512 1242 1671 1299 molestent.

1137 1360 1315 1427 Honorius,
1345 1359 1420 1430 etc,
1449 1358 1693 1419 venerabilibus
1725 1358 1850 1419 fratribus

1096 1457 1221 1517 nostris
1233 1454 1494 1532 archiepiscopis
1505 1456 1540 1516 et
1550 1455 1711 1532 episcopis
1722 1457 1851 1532 perfluo·

1096 1554 1226 1629 gariam
1241 1553 1426 1621 conuiuiis,
1439 1552 1589 1623 salutem,
1605 1554 1666 1613 otu

1136 1650 1339 1710 Dilectorum
1360 1649 1505 1709 tiliorum
1524 1649 1674 1724 magistri
1691 1650 1723 1709 et
1741 1648 1850 1709 fratrum

1098 1748 1130 1806 S.
1153 1745 1268 1806 Mariae
1293 1745 1573 1805 Tbeutonicorum
1592 1743 1850 1821 Hierosolymitari

1097 1844 1163 1903 lieo
1185 1844 1217 1904 et
1238 1841 1428 1902 hominibus
1453 1843 1548 1916 grata
1574 1841 1693 1917 religio
1716 1855 1851 1917 promere·

1095 1941 1151 2003 tur
1171 1941 1207 2002 ut
1237 1940 1306 1999 suis
1339 1938 1579 2000 favorabilibus
1608 1938 1784 2009 desideriis,
1804 1940 1850 1998 etc.

1096 2036 1269 2099 Petierunt
1292 2035 1455 2112 siquidem
1474 2035 1574 2097 iidem
1594 2036 1747 2112 magister
1758 2036 1785 2094 et
1801 2033 1852 2093 fra·

1095 2135 1174 2203 tres,
1191 2136 1227 2195 ut
1238 2134 1329 2194 tarra
1344 2134 1450 2199 Bozae,
1465 2133 1541 2203 etc„
1556 2148 1664 2207 uacare
1678 2131 1802 2192 feliciter
1812 2144 1851 2189 aa

1096 2234 1223 2306 geatur.
1248 2232 1398 2307 Ipsorum
1420 2244 1501 2305 ergo
1520 2230 1673 2305 magistri
1693 2231 1724 2290 et
1744 2228 1850 2288 baron

1096 2329 1160 2404 piis
1189 2326 1344 2403 precibus
1369 2326 1546 2404 benignius
1579 2327 1774 2396 annuentes,
1795 2326 1849 2391 atu,

1095 2439 1201 2498 uscire
1216 2425 1393 2485 sancimus.
1404 2424 1453 2484 Ad
1468 2424 1540 2484 baec
1552 2440 1656 2501 quum
1670 2423 1776 2484 eadem
1785 2422 1851 2482 terra

1096 2521 1276 2582 seeundum
1305 2521 1529 2596 indulgentias
1557 2520 1641 2597 ipsis
1666 2518 1805 2581 fratribus
1821 2514 1852 2576 ab

1094 2619 1283 2694 apostolica
1299 2619 1384 2680 Sede
1396 2634 1582 2689 concessas,
1598 2620 1675 2689 ete,
1686 2631 1781 2690 usuam
1792 2628 1852 2690 pra·

1095 2712 1850 2783 latum:districtiusduximusinbibendum,etc.,

1094 2826 1201 2885 arsque
1226 2812 1257 2872 ei
1286 2813 1515 2889 episcoporum
1540 2812 1720 2887 prouideri.
1742 2810 1852 2882 Ideoque

1095 2909 1336 2970 fraternitatem
1357 2912 1503 2970 vestram
1524 2908 1762 2970 sollicitandam
1775 2903 1852 2964 dun·
1924 2940 1925 2947 κ

1094 3021 1167 3065 mus
1195 3006 1229 3067 et
1259 3006 1457 3067 monendam
1493 3021 1553 3082 per
1577 3006 1762 3083 Apostolica
1782 3000 1852 3061 robis

1095 3103 1217 3179 scripta
1239 3104 1445 3175 mandantes,
1462 3105 1628 3180 qnatenus
1650 3099 1853 3163 dictosfratres
1923 3114 1924 3167 t

1094 3199 1147 3262 rel
1177 3201 1284 3276 ipsius
1316 3202 1416 3262 terrae
1451 3200 1578 3261 incolas
1614 3202 1726 3261 contra
1759 3196 1852 3258 nosue

1095 3298 1340 3358 constitutionis
1351 3296 1604 3358 etinbibitionis
1614 3299 1756 3359 tenorem
1767 3292 1852 3353 nulla·
1922 3364 1923 3371 ἵ

1094 3396 1191 3455 tenus
1224 3393 1421 3467 molestetis;
1456 3394 1666 3470 quinimmo
1699 3393 1781 3469 ipsos
1808 3389 1853 3447 ba·

1093 3488 1208 3551 bentes
1223 3490 1411 3566 specialiter
1425 3504 1484 3565 pro
1506 3489 1602 3549 Sedis
1623 3488 1852 3567 apostolicare·
1921 3554 1922 3557 Ἴ

1082 3588 1242 3667 ¹verentia
1258 3588 1456 3665 propensius
1470 3590 1727 3661 commendatos,
1740 3595 1853 3659 cumpro

1094 3686 1292 3747 clericorum
1313 3685 1579 3747 ordinationibus
1605 3688 1640 3748 et
1654 3687 1738 3755 aliis,
1753 3698 1812 3761 qua
1823 3676 1852 3740 ad

1094 3783 1284 3860 pontificale
1294 3784 1444 3859 spectant
1455 3782 1665 3857 officiumab
1681 3784 1728 3844 eis
1741 3775 1854 3856 requisi·

1094 3881 1121 3942 ti
1140 3880 1282 3947 fueritis,
1304 3878 1447 3955 benigne
1468 3880 1619 3956 ipsorum
1640 3880 1739 3957 justis
1763 3876 1852 3954 postu·

1095 3975 1277 4038 latioribus
1298 3977 1466 4049 annuatis,
1495 3978 1531 4039 ut
1553 3978 1586 4039 et
1606 3977 1672 4054 ipsi
1692 3974 1804 4053 possint
1824 3969 1853 4028 de

1094 4073 1181 4135 bono
1196 4074 1231 4134 in
1251 4073 1371 4134 melius
1392 4072 1508 4135 farore
1527 4076 1640 4135 vestro
1658 4072 1758 4150 adjuti
1775 4065 1852 4147 proil-
1919 4064 1920 4101 ³

1094 4186 1180 4243 cere,
1196 4185 1322 4256 nosque
1343 4170 1516 4232 caritatem
1535 4173 1687 4232 vestram
1707 4169 1853 4230 debeamus
1918 4192 1919 4225 ;

1093 4268 1129 4328 in
1148 4267 1286 4328 Domino
1310 4266 1552 4328 commendere.
1577 4268 1697 4329 Datum
1716 4257 1850 4328 Laterani.

1094 4367 1124 4426 Il
1136 4364 1298 4426 kalendas
1308 4364 1401 4436 maii,
1415 4378 1503 4424 anno
1518 4366 1649 4426 octavo.

1432 4558 1554 4646 uelli

1247 4701 1499 4774 Adcopiiulum
1515 4704 1732 4764 caesariense.
1913 4722 1916 4917 ἵ

1392 4822 1490 4879 inicii
1506 4822 1584 4887 ital.

1242 4934 1371 4998 [Thaiuen
1381 4936 1473 4986 Vetera
1482 4936 1551 4985 lion.
1561 4935 1676 4993 Hibera„
1684 4934 1735 4995 aa]

1110 5041 1238 5114 Capitulo
1261 5040 1431 5100 cassellensi
1454 5041 1639 5099 confirmatur
1668 5047 1793 5098 statutum
1815 5031 1841 5089 le

1145 5128 1322 5187 duodenario
1327 5129 1533 5187 canonicorum
1543 5143 1664 5186 numero
1675 5128 1815 5186 conditum

1132 5247 1310 5316 Honorius,
1327 5245 1401 5315 etc„
1418 5244 1547 5309 dilectis
1559 5245 1638 5306 tiliis
1649 5240 1853 5323 capitulotlas·

1093 5342 1240 5413 sellensi,
1258 5341 1409 5413 salutem,
1428 5343 1491 5403 etc.

1132 5439 1356 5500 Ecclesiarum
1396 5438 1531 5500 utilitati
1572 5454 1611 5500 ac
1650 5426 1852 5515 tranquillitati

247 5512 309 5585 bus
343 5510 468 5573 Videris
507 5508 675 5585 9111θό119·
710 5508 829 5569 Datum
861 5509 1036 5582 Latmia
1092 5535 1289 5603 consulitur,
1311 5550 1385 5596 cum
1404 5549 1563 5597 numerus
1583 5548 1789 5611 personarum
1802 5531 1852 5588 bo·

247 5610 277 5669 Il
288 5608 356 5667 ltal.
369 5606 460 5677 maii,
473 5606 685 5682 pontificatus
696 5605 801 5666 nostri
811 5620 899 5665 anno
908 5606 1035 5667 octauo.

1094 5633 1183 5694 mino
1197 5631 1427 5694 famulantium
1443 5633 1477 5692 in
1493 5632 1617 5693 eisdem
1637 5646 1749 5692 earrun
1766 5620 1851 5688 facul·
