3886 6214
187 331 250 393 235

187 488 314 550 tendes.
339 493 456 553 Datum
486 492 638 565 Labreni,
660 495 704 556 lv
724 494 799 556 idus
822 495 977 568 octobris,

188 600 276 648 anno
291 587 441 664 septimo.

535 828 633 916 XIII

205 977 257 1036 Ad
270 976 437 1038 Periclen.
455 981 663 1052 meorum,
684 986 724 1042 Δ.
740 983 775 1043 S.
796 981 957 1059 decimu.

459 1107 495 1168 id
508 1108 603 1168 octob.
620 1110 698 1170 tais.

211 1227 331 1292 [depost.
344 1229 390 1281 lib.
403 1229 457 1289 llll,
471 1231 544 1295 epist.
554 1231 594 1282 ie.
609 1233 667 1283 llss.
678 1233 714 1284 bs
725 1235 802 1285 Parte
811 1234 846 1286 du
859 1232 953 1301 rnen]

211 1352 327 1411 Mandat
342 1361 374 1411 ut
388 1356 512 1427 inquirat
527 1354 563 1413 de
581 1358 651 1426 rita,
669 1358 746 1417 obitu
763 1366 791 1418 et
806 1360 952 1419 miraculis

309 1441 447 1515 Stephani
461 1443 606 1516 quondam
621 1447 703 1504 Dian.
716 1448 853 1521 episcopt.

224 1566 404 1640 Honorius,
426 1570 503 1637 etc„
525 1570 710 1632 venerabili
733 1571 866 1634 tratri...
889 1575 981 1652 epis·

185 1677 268 1740 copo
284 1665 455 1738 Portuen„
471 1667 779 1743 apostolicaesedis
794 1670 915 1746 legato,
929 1686 980 1733 sa·

177 1760 287 1822 'lutem
300 1760 333 1822 et
344 1763 569 1838 apostolicam
581 1764 857 1830 benedictionem.

225 1858 312 1919 Etsi
332 1874 399 1920 non
423 1860 588 1923 immerito
608 1861 811 1939 gaudeamus
827 1867 979 1942 quotiens

185 1954 345 2049 Domipus
368 1957 552 2019 mirificans
576 1960 709 2022 sanctos
733 1977 812 2023 suos
837 1964 980 2027 ostendit

183 2066 244 2129 per
266 2068 322 2114 eos
342 2053 438 2129 signa
460 2055 633 2128 virtutum,
657 2073 757 2134 quum
779 2060 900 2121 exinde
916 2062 978 2137 ju-

183 2151 303 2212 ventus
322 2152 480 2214 Ecclesiae
502 2153 587 2215 sicut
609 2153 721 2233 aquila
746 2159 926 2219 renouetur
947 2159 979 2219 et

184 2246 978 2332 confortarunrequisiiitamen,utaliquossanc·

183 2345 294 2405 torum
322 2346 473 2423 catalogo
507 2347 747 2423 adscribamus,
773 2350 814 2412 ad
840 2351 875 2413 id
905 2352 978 2414 sine

183 2441 376 2503 maturitate
397 2444 506 2506 debita
520 2447 701 2522 precedere
720 2465 787 2510 non
804 2450 976 2511 audemus.

184 2540 291 2611 Quum
318 2540 429 2618 ltaque
464 2542 666 2605 venerabilis
697 2544 801 2608 irater
826 2548 976 2610 noster...

182 2636 304 2700 Dian...
338 2639 512 2717 episcopus
544 2640 641 2702 nobis
674 2643 871 2721 supplicarit
901 2645 977 2706 ins-

181 2734 303 2804 tanter,
318 2736 354 2796 ut
364 2734 471 2798 felicis
483 2739 652 2800 memoriae
667 2740 870 2817 Stephanum
886 2758 975 2818 prea-

184 2830 393 2894 decessorem
413 2850 520 2906 suum,
538 2836 595 2913 qui
610 2836 740 2899 abacto
760 2837 857 2899 annis
877 2841 926 2902 tot
946 2842 978 2902 et

182 2930 284 2991 tantis
299 2934 470 2994 corruscat
489 2933 672 3008 miraculis,
695 2936 781 3014 quod
800 2936 842 2997 ad
865 2935 976 2998 tumu-

182 3027 252 3088 lum
265 3030 338 3106 ejus
358 3032 537 3092 occurrunt
557 3030 596 3092 de
612 3031 753 3094 diversis
766 3035 881 3096 mundi
894 3051 976 3110 par-

183 3125 272 3187 tibus
296 3127 476 3204 peregrini,
498 3131 688 3191 sanctorum
718 3131 868 3208 catalogo
887 3131 979 3195 iace-

183 3238 295 3285 remus
323 3225 484 3299 adscribi,
516 3242 578 3288 nos
601 3228 751 3289 nolentes
781 3229 816 3290 in
843 3230 906 3290 hoc
928 3230 978 3292 uti

183 3318 297 3398 aliqua
312 3321 458 3394 levitate,
473 3323 722 3401 inquisitionem
738 3325 837 3404 hujus
852 3327 977 3404 negotii

183 3416 377 3479 discretioni
392 3418 470 3492 tuae,
487 3419 527 3481 de
549 3436 614 3498 qua
632 3422 766 3499 plenam
780 3423 815 3484 in
837 3424 977 3487 Domino

183 3512 339 3575 fiduciam
362 3514 561 3587 obtinemus,
587 3517 743 3581 duximus
768 3520 978 3582 committen-

183 3606 271 3684 dam,
286 3610 488 3675 fraternitati
501 3614 567 3675 tuae
580 3629 640 3691 per
653 3615 842 3693 apostolica
854 3618 977 3696 scripta

183 3708 389 3782 mandantes,
411 3711 574 3788 quatenus
596 3711 637 3773 de
659 3712 765 3790 ipsius
782 3713 864 3787 vita,
885 3714 978 3778 obitu

182 3806 217 3868 et
238 3807 408 3869 miraculis
428 3810 505 3870 ante
526 3811 665 3872 moriem
685 3812 718 3872 et
738 3812 822 3888 post,
846 3828 978 3874 necnon

183 3903 260 3965 aliis
288 3903 546 3968 circumstantiis
584 3906 756 3984 inquirens
790 3906 978 3986 diligentis-

184 4001 267 4062 sime
290 4002 475 4074 ueritatem,
496 4019 569 4080 quae
592 4004 761 4066 inveneris
778 4005 873 4067 nobis
896 4006 978 4068 dde-

182 4096 261 4157 liter
293 4097 325 4158 et
353 4097 449 4174 plene
480 4098 657 4173 rescribas,
692 4101 728 4161 ut
760 4089 997 4177 procedemus

183 4192 318 4267 exinde,
343 4195 441 4271 prout
462 4194 644 4257 secundum
666 4200 771 4258 Deum
795 4198 976 4260 viderimus

182 4291 438 4370 procedendum.
453 4293 577 4369 Datum
593 4294 760 4368 Laterani,
782 4296 827 4357 IX
840 4294 974 4357 kalend.

182 4388 382 4463 novembris,
391 4390 601 4466 pontificatus
610 4392 716 4454 nostri
727 4408 814 4454 anno
824 4394 974 4470 septimo.

206 4836 261 4897 Ad
276 4835 446 4896 Por-tuen.
461 4837 668 4909 spumeum,
681 4838 723 4897 A.
733 4838 770 4897 S.
783 4838 945 4913 uenum.

456 4972 492 5030 iii
505 4971 598 5031 octob.
616 4972 695 5031 liii.

200 5097 323 5161 [chesi.,
333 5095 379 5147 lib.
389 5095 446 5158 vn,
456 5095 534 5160 epist.
549 5095 588 5148 ΙΙ.
605 5098 664 5148 blss.
677 5097 714 5148 La
725 5097 799 5149 Parte
810 5098 846 5149 du
857 5098 950 5161 Thali]

179 5222 296 5281 blandai
309 5228 341 5279 ut
354 5235 425 5294 erga
446 5220 581 5278 comitem
596 5221 784 5297 ‘Tolosanum
801 5231 885 5296 prum
902 5222 975 5296 juris

415 5308 548 5367 suadebit
559 5311 634 5367 ratio
643 5309 738 5370 lauat.

218 5435 399 5504 Honorius,
422 5437 497 5510 etc,
520 5436 705 5521 venerabili
727 5436 861 5499 iratri...
885 5439 975 5516 epis-

180 5538 262 5603 copo
277 5532 446 5606 Portuen„
462 5535 663 5612 apostolice
679 5535 773 5597 Sedis
786 5536 907 5614 legato,
924 5553 975 5599 sa-

135 5708 152 5719 ,
179 5624 292 5696 lutem,
309 5628 370 5688 etc.

803 337 979 400 nondun
1000 340 1045 399 111
1067 339 1214 401 OPERA.

1767 341 1824 402 236

1073 500 1179 571 Quum
1198 498 1312 561 dilecti
1333 498 1432 560 dlii...
1457 498 1680 562 cancellarius
1703 498 1823 562 nobilis

1034 594 1098 657 riri
1112 596 1282 668 amalrici,
1298 594 1429 657 comitis
1440 596 1607 668 Tolosani,
1623 598 1693 658 et..
1708 597 1823 659 arebl-

1033 691 1194 754 diaconus
1221 692 1411 755 Narbonen.
1445 694 1642 771 procurater
1671 693 1750 756 tuus
1783 692 1823 754 ed

1035 789 1151 851 sedem
1163 790 1386 867 apostoticam
1397 791 1580 863 venientes,
1593 791 1662 852 tam
1675 805 1719 852 ex
1732 793 1824 867 parte
1873 844 1878 853 .

1033 886 1102 957 tua,
1126 900 1225 965 quam
1246 903 1289 948 ex
1312 889 1407 964 parte
1429 887 1510 949 dicti
1533 887 1664 949 comitis
1687 903 1708 948 a
1730 887 1824 949 uobis

1034 983 1177 1061 plurima
1209 985 1420 1061 postularint,
1456 1000 1517 1047 nes
1548 984 1686 1062 previde
1718 986 1827 1047 aiten-

1034 1081 1159 1153 dentes,
1175 1082 1261 1159 quod
1277 1081 1395 1144 adhoc
1407 1082 1552 1144 maxime
1562 1082 1741 1159 legationis
1753 1081 1826 1144 oid·

1033 1178 1121 1240 cium
1146 1179 1207 1240 tibi
1239 1179 1465 1241 commisimus
1499 1180 1668 1257 generale,
1698 1182 1736 1242 ut
1759 1181 1826 1242 sta-

1033 1278 1128 1338 tuere
1140 1276 1266 1349 valeas,
1283 1293 1357 1355 quae
1373 1277 1506 1353 negotio
1521 1277 1612 1354 pacis
1632 1278 1666 1339 ei
1684 1277 1762 1339 ildei
1776 1278 1828 1340 ri·

1033 1373 1122 1435 deris
1151 1374 1320 1452 expedire,
1354 1374 1657 1447 salernitanus,
1692 1376 1736 1438 de
1763 1390 1826 1453 qua

1033 1472 1165 1547 plenam
1180 1470 1215 1533 in
1229 1472 1370 1534 Domino
1383 1472 1539 1534 ilducism
1553 1471 1752 1545 obtinemus,
1769 1488 1828 1551 per

1033 1570 1223 1646 apostolica
1240 1570 1363 1646 scripta
1383 1569 1590 1642 mandamus,
1607 1572 1772 1648 quatenus
1786 1569 1826 1632 ds

1034 1667 1099 1739 his,
1125 1682 1199 1744 quaa
1220 1667 1386 1744 postulata
1407 1666 1552 1740 luerunt,
1578 1667 1683 1729 iacias
1711 1684 1772 1746 per
1793 1670 1826 1730 te

1033 1764 1154 1841 ipsum,
1171 1766 1269 1841 prout
1285 1764 1374 1841 J'uris
1387 1765 1441 1825 vel
1459 1765 1625 1843 equitatis
1643 1765 1732 1826 ratio
1748 1781 1827 1827 sua-

1034 1860 1133 1933 debit,
1151 1860 1235 1923 alias
1250 1862 1291 1923 ad
1304 1877 1344 1923 ea
1359 1876 1433 1939 qaae
1448 1861 1489 1923 ad
1505 1863 1674 1939 negotium
1689 1864 1782 1938 pacis
1793 1863 1826 1925 et

1033 1957 1111 2019 fidei
1130 1958 1306 2035 pertinent,
1326 1958 1503 2020 intendens
1526 1958 1672 2021 fideliter
1689 1960 1724 2021 et
1746 1976 1825 2037 pru·

1033 2053 1159 2126 denter,
1173 2056 1207 2116 et
1218 2054 1330 2117 comiti
1341 2054 1531 2132 supradicte
1542 2055 1739 2132 impendens
1751 2071 1826 2117 con·

1033 2151 1145 2213 silium
1160 2152 1193 2214 et
1207 2152 1370 2213 auxilium
1385 2154 1617 2229 opportunum.
1632 2153 1752 2214 Datum
1767 2154 1828 2214 La·

1032 2249 1152 2320 terani,
1174 2251 1218 2311 IV
1238 2248 1371 2310 kalend.
1393 2249 1593 2319 novembris,
1613 2249 1824 2327 pontificatus

1032 2346 1139 2408 nerui
1152 2361 1240 2408 anno
1255 2347 1406 2424 septimo.

1393 2668 1464 2754 XV

1031 2819 1501 2881 Adabbetemetcouecnium
1509 2821 1823 2883 Poruirriecenscnn

1303 2950 1320 3007 3
1339 2948 1471 3007 novemb.
1491 2950 1571 3008 liii.

1151 3074 1286 3138 iberiam,
1301 3073 1445 3124 Thesaurus
1457 3073 1557 3132 anecd„
1569 3073 1612 3132 ΙΙΙ,
1624 3072 1709 3139 lite]

1031 3199 1167 3257 inunum
1186 3197 1327 3256 redditum
1348 3196 1556 3271 quinquaginta
1579 3213 1741 3257 marcarum
1763 3198 1823 3258 aS.

1067 3287 1281 3360 archiepiscopo
1307 3286 1504 3346 Cautumiensi
1530 3288 1664 3345 collatum
1685 3288 1730 3345 eis
1754 3303 1822 3346 oon·

1066 3376 1170 3434 ilrmat.

1071 3500 1822 3579 Honoriusepiscopusservusserrorumbei,

1031 3598 1162 3661 dilectis
1177 3598 1256 3660 illlis
1273 3597 1385 3662 abbati
1402 3599 1435 3662 et
1454 3600 1632 3661 conventui
1649 3601 1825 3665 Pontinia-

1031 3698 1134 3769 censi,
1166 3697 1306 3759 salutem
1341 3697 1375 3760 et
1407 3697 1632 3774 Apostolicam
1664 3696 1824 3761 benedic-

1030 3794 1166 3857 tionem.

1070 3891 1174 3954 iustis
1202 3891 1383 3969 petentium
1407 3890 1583 3954 desideriis
1611 3892 1749 3970 dignum
1774 3892 1825 3955 est

1031 4005 1093 4050 nos
1116 3988 1248 4075 iacllem
1274 3988 1423 4066 praebere
1446 4005 1654 4062 consensum,
1678 3992 1712 4052 et
1734 3990 1823 4063 reta,

1031 4102 1104 4163 quae
1117 4102 1137 4148 a
1152 4086 1294 4148 rationis
1309 4086 1443 4148 tramite
1464 4102 1530 4148 non
1551 4087 1753 4159 discordant,
1770 4087 1823 4150 es-

1031 4183 1118 4245 lectu
1134 4184 1352 4260 prosequente
1367 4184 1542 4260 complere.
1558 4186 1752 4262 Eaprepter,
1767 4185 1822 4246 di-

1031 4280 1107 4342 lecti
1123 4281 1156 4340 in
1172 4280 1312 4340 Domino
1328 4279 1399 4351 illii,
1418 4280 1538 4341 restris
1550 4281 1652 4357 justis
1674 4281 1825 4359 postula-

1029 4376 1176 4440 tionibus
1197 4377 1292 4452 grato
1316 4380 1552 4439 concurrentes
1574 4393 1727 4451 assensu,
1758 4394 1822 4440 au-

1031 4490 1133 4534 nuum
1160 4473 1326 4535 redditum
1359 4474 1600 4551 quinquaginta
1634 4490 1823 4537 marcarum

1030 4571 1266 4647 sterlingorum
1286 4586 1305 4632 a
1323 4570 1508 4632 venerabili
1523 4570 1627 4633 tratre
1648 4575 1764 4635 nostro
1789 4572 1822 4634 S.

1030 4666 1280 4745 archiepiscopo
1295 4666 1538 4739 cantuariensi,
1553 4668 1693 4744 capituli
1708 4670 1760 4731 sui
1773 4684 1827 4732 ae·

1030 4762 1167 4824 cedente
1181 4778 1359 4834 consensu,
1372 4762 1427 4839 pia
1436 4761 1531 4824 vobis
1541 4762 1745 4827 liberalitate
1755 4764 1827 4827 col-

1031 4860 1144 4931 latum,
1159 4860 1245 4920 sicut
1259 4874 1333 4919 eum
1345 4861 1436 4935 Juste
1450 4861 1485 4922 ei
1498 4858 1659 4923 canonice
1675 4877 1716 4924 ac
1731 4862 1825 4940 paci·

1031 4958 1091 5018 tice
1117 4955 1304 5034 possidetis,
1335 4957 1368 5018 et
1391 4958 1428 5017 in
1458 4957 1650 5020 authentico
1675 4961 1827 5037 ejusdem

1030 5052 1271 5130 archiepiscopi
1293 5051 1443 5115 confecto
1459 5054 1579 5115 exinde
1594 5053 1730 5132 plenius
1745 5072 1828 5121 cen-

1028 5152 1163 5221 tinetur,
1179 5148 1273 5211 vobis
1294 5151 1326 5211 et
1341 5166 1401 5227 per
1415 5166 1474 5212 vos
1489 5152 1695 5215 monasterio
1712 5159 1827 5219 uestro

1029 5247 1226 5309 auctoritate
1236 5246 1684 5323 Apostollcaconilrmamus,
1700 5253 1735 5315 et
1745 5270 1829 5331 prae·

1029 5344 1131 5406 sentis
1153 5343 1267 5421 scripti
1286 5344 1473 5430 patrocinio
1494 5347 1754 5410 communimus.
1777 5350 1828 5412 nd

1029 5445 1187 5519 majorem
1214 5444 1324 5502 autem
1357 5440 1406 5502 rei
1433 5441 1647 5514 evidentiam,
1673 5445 1829 5509 tenorem

1028 5539 1133 5615 ipsius
1146 5538 1329 5600 authentici
1344 5538 1385 5601 de
1399 5537 1500 5600 verbo
1512 5537 1553 5599 ad
1568 5540 1710 5604 verbum
1726 5543 1830 5606 duxi·

1028 5652 1100 5697 mus
1113 5635 1333 5712 praesentibus
1346 5636 1571 5709 inserendum,
1586 5637 1711 5714 quiesi
1725 5641 1804 5704 talis
1818 5662 1827 5701 ε
