3886 6214
9 5718 12 5863 l

133 2064 137 2071 v
268 2031 435 2096 Honorius
444 2028 1021 2107 episcopus...carissimoinchristo

227 250 288 313 aro
843 247 1087 311 uouonuru
1108 248 1257 314 cruca.
1801 264 1852 326 ω)

228 407 484 489 predecessoris
499 405 606 470 nostrl
623 405 814 468 mandatum
828 404 954 484 absque
968 410 1021 486 ju·
1075 408 1196 473 caetero
1222 411 1298 487 post
1319 409 1373 472 sui
1393 408 1640 486 liberationem,
1669 415 1706 478 in
1737 418 1771 480 te
1805 423 1852 484 vel

227 507 276 570 ris
291 506 392 569 alieni
405 504 597 583 praejudicio
611 503 950 567 tirmiterobservetis.
960 507 1022 567 Da·
1074 506 1201 583 prolem
1216 509 1274 571 aut
1289 509 1414 570 terram
1436 509 1529 571 tuam
1549 509 1650 589 (quod
1662 513 1782 595 absitt)
1804 517 1853 580 in-

228 606 299 668 tum
321 602 487 675 Laterani,
503 604 547 663 Vl
562 601 636 662 idus
659 601 787 678 aprilis,
809 602 1021 680 pontificatus
1075 605 1237 679 surgeret,
1260 605 1327 666 nisi
1343 606 1432 667 inira
1451 608 1673 685 quadraginta
1686 612 1758 672 dies
1774 618 1853 690 post·

228 701 334 765 nostri
347 717 435 763 anno
450 699 601 777 septimo.
1075 715 1173 776 quam
1184 700 1284 763 luerit
1296 702 1452 775 monitus,
1468 705 1505 764 in
1519 706 1614 767 curia
1626 709 1681 768 tua
1694 712 1789 786 juxta
1801 728 1852 788 pa-

1076 797 1162 861 rium
1175 815 1310 860 suorum
1320 800 1484 877 judicium
1495 803 1754 866 satisfactionem
1766 824 1853 885 super

1076 894 1139 956 hoc
1164 895 1362 966 exhibuerit,
1379 898 1530 961 eumdem
1553 901 1708 962 comitem
1731 918 1853 967 excom·

588 1019 659 1108 CH
1076 992 1292 1054 manicationi
1313 995 1346 1056 et
1362 996 1486 1056 terram
1511 1012 1607 1058 suam
1630 998 1792 1062 Flandriae
1809 1002 1853 1063 in·
1923 1076 1928 1085 Ι

1075 1089 1214 1152 terdicto
1228 1094 1425 1167 supponant,
1442 1093 1546 1155 donec
1563 1096 1636 1171 ipse
1655 1096 1752 1157 modo
1766 1099 1853 1159 satis-
1924 1094 1929 1131 ³

298 1194 351 1254 Ad
368 1193 565 1265 Padtppum
580 1203 698 1265 repom
718 1193 948 1251 Francorum.
1076 1184 1194 1248 iecerit
1217 1188 1385 1265 praedicto.
1411 1191 1530 1251 Datum
1558 1193 1726 1265 Laterani,
1746 1196 1774 1253 V
1789 1195 1852 1257 idus

516 1327 733 1400 9aprffissm
1076 1284 1204 1361 aprilis,
1220 1285 1432 1363 pontificatus
1445 1288 1552 1349 nostri
1566 1304 1655 1351 auno
1669 1290 1816 1367 septimo.

255 1455 391 1521 [Bouquet
402 1455 459 1505 lieo.
471 1452 515 1503 des
527 1452 601 1510 litet,
614 1452 680 1581 th'
690 1450 755 1596 ]730;
768 1452 876 1515 seges,
887 1450 998 1511 lib.vl1,

549 1531 622 1596 epist.
682 1568 688 1581 .

229 1643 285 1701 Pro
304 1639 448 1700 Ferrando
467 1636 635 1697 Flandrensi
653 1640 768 1707 comite,
783 1644 868 1710 capto
887 1637 916 1695 in
935 1637 1020 1696 Bovi-
1426 1600 1517 1688 CIII

263 1729 346 1787 nansi
361 1728 458 1802 praello
468 1735 498 1785 et
510 1728 540 1784 in
551 1727 703 1828 vinculisa
723 1725 854 1799 Philippo
867 1740 937 1800 rege
955 1724 1020 1784 diu·
1076 1748 1129 1807 Λα
1140 1749 1371 1810 Laurentium
1386 1752 1580 1826 ⁶1>me
1601 1752 1852 1815 mapulam.

264 1820 320 1876 tius
339 1816 446 1917 habito,
460 1822 523 1874 orat
533 1818 677 1874 Hououus
690 1822 722 1872 ut
735 1814 782 1872 ilie
796 1814 913 1873 tandem
925 1829 942 1873 a
956 1829 1021 1872 car·
1115 1859 1201 1917 sem,
1215 1847 1371 1907 abbatem
1390 1850 1580 1910 Lumen,
1598 1850 1633 1912 et
1652 1850 1854 1913 ,comum

262 1904 507 1965 ceredrmrttetur.
1121 1944 1451 2005 mmmmm,

1358 2075 1486 2147 taprilis
1505 2075 1584 2134 litt.

228 2130 298 2192 tilio
335 2129 396 2190 Ph.
424 2127 547 2188 illustri
583 2126 657 2203 regi
689 2127 906 2199 Francorum,
930 2125 1024 2187 salu·
1235 2194 1241 2206 ,

1168 2182 1297 2260 siberner,
1307 2197 1375 2247 lion.
1388 2196 1511 2257 Poloniaa,
1521 2204 1543 2251 t.
1556 2198 1576 2257 1,
1589 2213 1615 2264 p.
1627 2198 1666 2260 lt,
1681 2212 1708 2250 n.
1723 2199 1775 2265 ts]

227 2228 385 2296 temeto.
1927 2286 1928 2295 ,

269 2322 430 2401 Speclalis
444 2320 504 2383 illa
519 2320 653 2383 dilectio
674 2334 740 2398 qua
755 2319 817 2383 tibi
836 2319 969 2382 laudem
986 2320 1022 2381 in
1075 2319 1221 2379 iudicibus
1229 2327 1260 2377 ut
1271 2320 1399 2394 episcopi
1409 2322 1606 2382 cracoviensis
1615 2324 1778 2382 cessionem
1790 2324 1854 2396 epis·
1927 2304 1928 2337 ³

229 2420 352 2482 saeculo
367 2420 400 2481 et
418 2418 505 2496 apud
524 2420 629 2479 Deum
643 2418 797 2480 meritum
814 2417 1020 2491 affectamus,
1111 2416 1231 2482 0⁰l³⁸111⁸
1255 2410 1414 2482 recipiant,
1437 2425 1473 2468 αθ
1499 2411 1654 2483 capitulum
1681 2411 1856 2470 &imiimi

226 2517 347 2580 fortius
361 2532 423 2578 nos
433 2514 589 2578 admonet
603 2516 636 2577 et
652 2515 788 2587 inducit,
811 2515 892 2577 utte
909 2514 1021 2576 liben-
1112 2494 1148 2554 ⁰⁶
1175 2496 1310 2555 Militum
1339 2505 1483 2571 pastorem
1510 2499 1565 2556 sibi
1588 2499 1758 2573 eligendum
1789 2513 1855 2558 ⁰⁰⁰1·

226 2616 280 2678 ter
300 2628 426 2692 eaquae
446 2613 487 2675 ad
504 2612 717 2674 serenitatem
736 2615 828 2673 tuam
847 2611 976 2684 decent,
989 2612 1024 2674 et
1112 2585 1228 2659 ¹³⁰¹¹⁸¹¹¹·

227 2728 311 2790 opus
332 2712 368 2773 in
393 2726 430 2772 se
455 2710 589 2788 pietatis
612 2709 793 2781 continent,
820 2709 1019 2784 invitemus3
1116 2711 1283 2773 Honorius
1321 2711 1508 2790 episcopus,
1539 2728 1657 2776 servus
1697 2728 1857 2776 servomn

227 2810 346 2872 suadet
371 2809 472 2871 etiam
506 2807 602 2873 nobis
635 2806 757 2868 nobilis
793 2806 858 2869 viri
891 2806 1021 2868 comitis
1076 2807 1146 2880 Dei,
1163 2807 1347 2870 venerabili
1373 2808 1471 2871 fratri
1498 2810 1652 2888 episcopo
1672 2810 1858 2875 Wratvizla·

227 2907 444 2969 Flandrensis
458 2905 636 2984 captivitas
655 2903 824 2977 diuturna,
842 2903 880 2965 ut
899 2902 1023 2966 debea-
1075 2904 1184 2967 viensi
1212 2907 1246 2967 et
1271 2905 1400 2967 dilectis
1427 2906 1545 2968 tiliis...
1579 2888 1691 2970 abbati
1729 2905 1857 2969 Lubensi

227 3020 302 3066 mus
335 3003 451 3081 ipsius,
477 3003 575 3081 prout
605 3002 646 3063 ad
680 3002 847 3079 pastorale
874 3001 1021 3063 officium
1076 3000 1362 3064 wratislaviensis
1372 3001 1537 3076 dioecesis,
1549 3005 1581 3067 et
1589 3004 1768 3067 scolastico
1776 3006 1858 3065 Wra-

227 3101 383 3181 pertinet,
397 3101 561 3170 misereri,
578 3101 612 3163 et
636 3115 696 3178 pro
722 3102 794 3177 ejus
823 3098 1021 3160 liberatione
1075 3098 1273 3171 tizlaviensi‚
1294 3099 1436 3161 salutem
1457 3100 1491 3162 et
1513 3101 1741 3178 apostolicam
1763 3100 1856 3163 bene·

228 3199 314 3277 apud
346 3199 378 3260 te
401 3199 524 3259 nostrae
551 3196 802 3259 intercessionis
824 3196 1020 3271 suffragium
1076 3196 1266 3258 dictionem.

227 3296 396 3361 adhibere.
411 3296 495 3367 Quia
510 3310 589 3371 ergo
599 3294 689 3355 inter
702 3296 735 3356 te
749 3299 782 3355 et
795 3293 947 3355 eumdem
964 3309 1022 3355 co-
1115 3294 1325 3356 Venerabilis
1346 3293 1452 3357 frater
1467 3297 1618 3358 noster...
1635 3294 1857 3360 cracoviensis

227 3395 341 3457 mitem
365 3393 487 3454 dicitur
501 3391 697 3453 convenisse
712 3392 759 3462 ut,
776 3406 836 3468 pro
852 3392 942 3453 certa
957 3407 1020 3468 pe·
1076 3390 1252 3469 episcopus
1285 3390 1381 3454 nobis
1405 3393 1604 3470 supplicavit
1630 3393 1804 3463 instanter,
1829 3393 1858 3453 ut

227 3492 328 3554 cunia
347 3500 445 3568 quam
465 3489 601 3560 taxasti,
626 3504 736 3550 comes
758 3488 847 3549 idem
875 3503 912 3549 se
931 3487 1022 3549 redi·
1076 3505 1178 3569 quum
1202 3491 1270 3551 tam
1289 3491 1366 3552 voto
1390 3506 1488 3567 quam
1504 3493 1698 3568 jnramento
1717 3492 1858 3554 teneatur

227 3590 306 3660 mat,
334 3586 482 3664 praestita
512 3585 573 3647 tibi
607 3584 825 3646 nihilominus
860 3584 900 3645 de
930 3587 1021 3646 terra
1076 3585 1226 3648 habitum
1251 3601 1423 3648 assumere
1450 3588 1693 3660 monachalem,
1726 3588 1789 3650 sibi
1812 3602 1859 3648 ce·

227 3686 394 3750 Flandriae
414 3700 488 3763 quae
507 3684 549 3745 ad
569 3684 751 3745 dominium
770 3685 863 3744 tuum
882 3684 1019 3760 spectat,
1077 3684 1175 3745 dendi
1207 3684 1378 3745 licentiam
1404 3684 1616 3761 largiremur.
1641 3686 1739 3749 Licet
1770 3685 1858 3762 igitur

227 3801 268 3848 ea
296 3799 396 3863 quam
417 3782 611 3859 impendere
638 3781 761 3859 poterit
782 3780 948 3853 cantione,
966 3796 1022 3842 ex·
1076 3781 1266 3858 hujusmodi
1281 3781 1585 3858 supplicationobis
1597 3784 1712 3859 gravis
1725 3780 1858 3844 lueritet

228 3883 417 3947 cellantiam
436 3881 528 3943 tuam
554 3894 726 3940 monemus
748 3878 782 3940 et
799 3894 956 3956 rogamus
975 3879 1022 3940 at·
1076 3894 1202 3952 amara,
1223 3879 1381 3956 eoquod,
1404 3878 1492 3940 sicut
1513 3895 1556 3941 ex
1579 3881 1760 3942 multorum
1776 3878 1857 3941 didi·

227 3981 330 4053 tante,
340 3995 380 4041 ac
394 3977 609 4040 affectuosius
619 3975 847 4049 exhortamur,
857 3976 1021 4052 quatenus
1076 3976 1181 4037 cimus
1213 3976 1422 4048 testimonio,
1452 3975 1541 4038 idem
1575 3977 1752 4054 episcopus
1775 3976 1806 4038 et
1828 3975 1858 4035 iu

227 4077 382 4141 comitem
397 4076 517 4153 ipsum,
534 4088 744 4151 superquam
759 4073 873 4135 oculos
888 4073 1021 4134 miseri·
1075 4068 1305 4150 spiritualibus
1337 4072 1528 4147 salubriter,
1556 4074 1589 4135 et
1611 4074 1647 4135 in
1670 4071 1858 4152 temporali·

228 4175 345 4237 cordes
366 4173 511 4234 clemens
533 4171 621 4232 ultor
635 4170 798 4243 inflectas,
814 4171 913 4248 prout
932 4169 1021 4232 inter
1074 4168 1136 4232 bus
1156 4170 1283 4233 utiliter
1306 4170 1520 4244 ministravit,
1542 4171 1576 4233 et
1598 4171 1783 4233 timendum
1804 4167 1856 4241 est,

226 4274 261 4336 te
275 4287 315 4334 ao
329 4271 423 4332 illum
439 4268 604 4340 convenit,
615 4266 737 4330 divinae
752 4267 886 4344 pietatis
896 4266 1020 4329 intuitu
1075 4284 1117 4330 ne
1140 4267 1352 4330 cracoviensi
1376 4268 1527 4330 ecclesiae
1551 4268 1704 4331 luctuosa
1730 4270 1774 4330 sit
1795 4269 1858 4345 ejus

226 4369 385 4432 restituas
403 4366 570 4429 libertati:
591 4365 726 4442 propter
737 4364 801 4426 hoc
816 4365 916 4437 enim,
929 4364 1018 4436 dum,
1075 4365 1236 4435 absentia,
1249 4367 1344 4443 cujus
1359 4366 1470 4427 extitit
1482 4367 1663 4443 prasentia
1676 4365 1856 4428 fructuosa:

208 4536 212 4547 ¹
228 4467 314 4545 quod
327 4466 361 4526 in
375 4467 408 4527 te
420 4463 634 4526 commissum
653 4464 715 4532 est,
732 4461 886 4524 clementi
902 4461 951 4524 sic
963 4462 1019 4524 di·
1074 4465 1241 4526 notamen
1260 4463 1367 4540 ipsius
1378 4461 1569 4524 videremur
1584 4463 1737 4526 invidere
1751 4459 1855 4540 quieti,

227 4563 360 4626 miseris
368 4562 528 4634 bonitate,
542 4576 563 4621 a
577 4560 729 4631 Domino,
746 4575 842 4637 quem
859 4560 893 4620 in
907 4559 1019 4621 multis
1075 4564 1147 4638 ejus
1162 4560 1258 4638 quasi
1269 4560 1376 4622 coacti
1387 4560 1705 4639 duximusprecibus
1716 4575 1858 4622 annuen-

228 4658 514 4732 offendimus,tibi
533 4656 763 4735 proculdubio
778 4657 971 4729 dimittetur,
987 4657 1021 4718 et
1074 4658 1163 4731 dum,
1192 4673 1253 4735 per
1277 4655 1468 4735 Apostolica
1497 4657 1593 4719 vobis
1621 4659 1746 4736 scripta
1770 4670 1858 4719 man·

227 4759 315 4837 apud
339 4758 492 4820 homines
514 4754 592 4828 eris,
614 4770 689 4815 cum
708 4755 798 4815 omni
813 4769 936 4829 genere
949 4754 1027 4843 vin-U
1074 4753 1201 4823 dantes,
1218 4755 1381 4833 quatenus
1394 4755 1468 4816 vice
1483 4756 1597 4817 nostra
1620 4756 1813 4826 cessionem,
1831 4752 1857 4812 si

226 4856 323 4919 dictae
351 4855 396 4917 sit
416 4856 523 4931 maJus
546 4853 732 4928 ignoscere,
757 4850 1017 4913 commendatus.
1073 4853 1185 4914 tamen
1207 4850 1308 4913 fuerit
1328 4851 1529 4923 voluntaria,
1552 4852 1752 4928 recipientes
1775 4852 1858 4927 ejus·

226 4957 296 5023 Nos
314 4954 435 5024 autem,
452 4953 489 5012 ut
502 4949 608 5026 magis
621 4964 661 5009 ao
675 4948 783 5025 magis
796 4949 863 5010 tuae
878 4948 1019 5009 celsitu·
1074 4949 1159 5020 dem,
1179 4964 1241 5010 usu
1262 4947 1325 5009 sibi
1349 4947 1588 5026 pontificalium
1612 4948 1792 5020 reservato,
1807 4945 1856 5006 la·

227 5052 299 5114 dini
320 5050 489 5120 caveatur,
507 5047 578 5127 ipse
593 5046 723 5108 comitis
739 5045 1019 5121 postulationibus
1074 5046 1171 5109 ciatis
1185 5045 1228 5117 ei,
1241 5045 1327 5106 sicut
1341 5044 1487 5122 expedit,
1503 5043 1650 5108 debonis
1666 5044 1858 5107 cracovien·
1927 5044 1928 5059 ¹

226 5149 422 5218 annuentes,
448 5142 695 5206 venerabilibus
712 5141 871 5205 fratribus
896 5143 1019 5206 nostris
1073 5143 1120 5206 sis
1145 5142 1295 5205 ecclesiae
1328 5141 1507 5219 provideri,
1533 5142 1802 5213 contradictores,
1831 5137 1857 5198 si

226 5244 383 5310 Remensi
396 5240 444 5323 (1)
470 5241 721 5319 archiepiscopo
733 5240 767 5301 et
788 5239 942 5318 episcopo
958 5240 1020 5302 Sil·
1073 5240 1130 5318 qui
1147 5239 1283 5313 luerint,
1301 5238 1355 5301 vel
1375 5237 1517 5301 rebelles
1538 5254 1599 5316 per
1617 5253 1790 5300 censuram
1806 5250 1858 5296 ec·

225 5341 418 5407 vanectensi
440 5337 488 5418 (2)
523 5337 648 5400 nostris
681 5336 799 5398 damus
829 5335 949 5399 litteris
983 5336 1019 5398 in
1073 5337 1306 5408 elesiastioam,
1322 5336 1546 5414 appellatione
1567 5336 1759 5413 postposita,
1772 5347 1857 5395 com-

227 5440 392 5517 mendatis
421 5438 468 5510 ut,
496 5435 524 5496 si
550 5434 812 5512 praenominatus
842 5448 952 5496 comes
978 5434 1019 5496 de
1073 5434 1248 5512 pascendo.
1265 5432 1415 5512 capitulo
1437 5449 1567 5512 quoque
1588 5432 1696 5510 ipsius
1715 5428 1855 5496 ecclesia

240 5556 305 5646 '(l)
325 5565 674 5628 Guillolmodetoinville.
1109 5564 1150 5641 (t)
1171 5565 1305 5625 Guarino.
