4014 6224
117 319 172 381 11¹1
740 330 971 391 EPIB'POLAE.
994 331 1073 391 nin.
1095 331 1151 392 vl.
1710 338 1769 400 tls

115 482 516 563 concambiassem
537 488 580 551 de
598 487 657 551 tna
674 488 813 552 66111616
831 489 919 551 lirim
1011 489 1092 551 dnm
1113 488 1314 554 auctoritate
1331 492 1480 557 mandati
1492 493 1609 570 nostrl,
1626 491 1767 576 6661111

120 581 203 643 man
215 580 414 657 specialem,
425 587 639 661 praesentiam
647 585 709 649 tibi
721 587 917 651 auctoritate
971 585 1121 648 dedimus
1136 588 1331 664 potestatem
1346 588 1490 655 lactendi
1503 592 1539 654 in
1551 592 1609 655 tua
1630 594 1767 657 dioecesi

118 681 330 752 mandamus,
347 684 523 762 quatenus,
543 685 573 745 si
591 700 706 747 verum
726 687 916 758 66166666-
969 685 1004 745 et
1017 684 1189 760 provincia
1207 688 1403 761 i'uronsnsi,
1418 690 1486 751 tam
1498 691 1534 751 in
1547 690 1765 768 indulgentiis

119 777 209 841 lares
223 781 405 843 canonicos
417 781 497 843 olim
512 782 547 842 in
559 782 701 844 ecclesia
712 782 816 845 tuisse
831 794 918 860 praes
970 796 1069 858 quam
1084 781 1120 843 in
1136 782 1224 855 aliis,
1241 785 1352 846 omnia
1370 801 1445 863 6666
1463 788 1506 848 ad
1527 787 1765 852 relevationem

116 874 220 949 «licta,
247 876 282 940 et
304 878 455 955 pensatis
481 879 635 941 omnibus
657 880 916 944 circumstantiis
970 878 1097 954 negotii
1123 879 1201 941 tidei
1226 881 1313 959 quod
1339 884 1374 944 in
1403 884 1553 960 partibus
1577 885 1764 950 Provincia

117 974 246 1037 viderie
268 975 493 1053 expedirent
510 977 551 1038 ad
573 978 694 1040 stabam
716 979 918 1042 reducantur
968 976 1109 1051 geritur,
1131 992 1349 1055 cognosceres
1363 981 1532 1058 expedire,
1547 983 1684 1060 provida
1697 983 1788 1054 de·,

118 1072 305 1150 antiquum,
327 1073 435 1150 ipsius
454 1073 519 1136 1661
543 1074 713 1137 canonicis
731 1075 812 1137 alibi
835 1091 917 1139 con-
970 1070 1167 1136 liberatione
1179 1076 1346 1149 statuaria,
1364 1078 1672 1143 utomnesomnino
1686 1094 1766 1159 pelt-

117 1184 201 1246 grue
214 1168 399 1243 collocatis,
420 1171 456 1232 in
477 1171 593 1233 eadam
606 1172 763 1235 instituas
776 1175 917 1236 canoni-
970 1185 1061 1233 sonae
1074 1172 1310 1236 ecclesiasticae
1325 1173 1359 1235 in
1374 1174 1471 1238 dictis
1488 1175 1622 1239 dioecesi
1637 1179 1670 1239 et
1683 1193 1764 1255 pro·

116 1281 175 1329 cos
203 1267 402 1341 saculares,
431 1268 609 1332 dummodo
636 1266 670 1331 id
699 1270 774 1333 11661
805 1272 916 1335 valeat
968 1267 1081 1329 vincia
1100 1269 1319 1332 consistentes
1340 1271 1533 1335 vicesimam
1558 1274 1765 1336 ecclesiasti·

116 1363 244 1442 666666
257 1364 429 1439 scandalo,
443 1368 480 1428 et
490 1367 577 1445 juris
589 1366 784 1446 prejudicio
798 1370 911 1433 611661.
969 1380 1083 1426 corum
1110 1368 1341 1444 proventuum,
1371 1384 1476 1448 usque
1509 1369 1551 1431 ad
1581 1370 1762 1434 triennium

114 1462 237 1524 Datum
262 1463 444 1539 Anagniae,
471 1466 562 1527 XVII
589 1465 752 1529 kalendae
778 1468 912 1546 aprilis,
967 1461 1098 1539 integit>
1120 1463 1295 1527 conferant
1314 1466 1352 1529 in
1374 1467 1615 1531 relevationem
1635 1467 1763 1546 negotii
1806 1504 1809 1515 ·

113 1558 329 1636 pontificatus
344 1561 451 1625 nostri
465 1576 555 1626 anno
568 1562 677 1626 sexto.

455 1802 573 1893 CXLI

193 1955 248 2015 Art
266 1953 564 2031 arcnteptseopsm
585 1958 831 2021 inhorrentem.

394 2084 429 2143 16
443 2084 537 2145 martii
552 2085 631 2145 1222.

142 2206 267 2272 [Regum
279 2207 325 2259 lib.
336 2208 379 2266 VI,
388 2207 463 2273 epist.
473 2208 529 2261 213.
541 2209 599 2260 1166.
610 2210 646 2261 La
657 2209 733 2260 Forte
742 2209 776 2261 du
785 2209 879 2276 Thali]

57 2390 62 2395 ,
108 2321 248 2397 indulget
262 2330 293 2381 nt
303 2323 332 2381 ln
346 2322 474 2397 pluribus
484 2323 631 2383 beneflciis
641 2340 739 2384 curam
750 2327 910 2387 animarum

126 2410 374 2473 hamndbuscurn
384 2412 475 2471 trihus
484 2413 891 2488 commensalibusdlspenset.

148 2538 331 2609 Honorius,
358 2539 435 2610 ein,
458 2538 643 2602 venerabili
668 2539 766 2602 tratri
790 2540 907 2603 archi-

110 2634 269 2713 episcopo
284 2638 451 2698 Toronen.

147 2734 222 2794 Tua
236 2731 333 2795 nobis
350 2732 544 2797 fraternitas
554 2735 766 2813 supplicavit,
782 2735 820 2799 ut
833 2750 908 2798 cum

107 2832 248 2908 propter
270 2832 383 2892 varias
406 2831 556 2894 ecclcsiae
578 2835 646 2895 tusa
672 2847 793 2895 causas
817 2834 908 2896 viros

103 2928 195 3005 16616
210 2927 335 3005 6661166
349 2928 382 2991 16
397 2928 520 2992 habere
533 2931 685 3007 oporteat
697 2944 907 2994 commensa-

107 3024 171 3096 les,
187 3023 222 3086 et
234 3026 369 3103 propter
382 3026 578 3089 tenuitatem
596 3027 785 3090 reddituum
799 3029 909 3091 eccle-

107 3122 238 3183 siarum
251 3124 317 3184 tuae
328 3124 493 3197 dioeoesis,
505 3125 592 3187 tales
601 3124 660 3186 vix
669 3124 773 3188 velint
785 3125 820 3188 in
832 3125 906 3204 ipsa

107 3219 245 3282 dioecesi
272 3235 486 3297 permanere3
512 3220 727 3301 dispensandi
751 3239 825 3284 cum
846 3225 909 3286 tri-

106 3315 170 3377 bus
197 3312 476 3379 commensalibus
503 3319 568 3380 tuls
596 3319 782 3382 obtinentes
808 3337 907 3399 super

107 3413 260 3492 pluribus
279 3414 452 3477 beneficiis
471 3415 669 3478 habentibus
688 3433 803 3480 curam
825 3420 905 3481 ani-

105 3527 237 3573 marum
252 3527 431 3586 annexam,
449 3512 618 3575 licentiam
638 3513 700 3576 tibi
721 3515 905 3580 concedere

105 3607 334 3685 dignaremur.
357 3611 426 3671 666
440 3609 544 3686 igitur
559 3612 627 3672 tuae
642 3610 842 3675 fraternitati
857 3613 904 3674 li-

106 3705 254 3767 centiam
268 3705 302 3767 in
317 3706 376 3767 tua
387 3706 524 3768 dioeeesi
533 3707 746 3769 concedimus
757 3709 906 3786 postula-

105 3804 186 3876 tam,
203 3802 251 3865 ita
274 3805 386 3865 tamen
399 3804 487 3881 quod
502 3819 665 3868 summam
677 3805 797 3883 viginti
813 3822 905 3869 mar-

104 3916 223 3963 carum
249 3900 381 3978 argenti
411 3902 541 3963 ratione
564 3902 753 3981 huiusmodi
788 3903 902 3965 indul-

103 3999 230 4074 gentiae
266 4014 334 4060 non
367 3999 521 4061 excedas.
561 4001 680 4065 Datum
720 4003 901 4079 Anagniae,

101 4098 193 4159 xvii
215 4096 378 4158 kalendas
392 4096 520 4176 aprilis,
534 4114 622 4161 anno
636 4100 743 4161 sexto.

441 4346 579 4433 CXLII

118 4499 173 4558 Ad
194 4498 375 4558 Simonem
397 4495 653 4559 Biturtcensem
677 4498 879 4574 archiepisc.

229 4594 263 4656 ct
278 4593 479 4667 Apostoltcae
496 4595 593 4656 Sedis
606 4595 770 4670 legatum.

381 4723 416 4782 16
429 4723 523 4781 martii
539 4724 620 4783 1222.

94 4845 352 4913 [66666661166611
365 4846 410 4897 des
421 4845 578 4993 166,ξῇ
591 4847 654 4908 ⁷203
672 4848 783 4913 nepas,
798 4847 897 4911 1116111,

419 4927 493 4992 epist.
556 4965 562 4977 .

93 5042 358 5116 1166116666661
383 5042 520 5100 itemesti
541 5041 757 5118 archiepiscopo
780 5041 897 5103 dederat

129 5133 287 5201 Honorius,
308 5131 416 5189 simoni
432 5138 603 5204 potestatem
622 5129 832 5203 confutatio
848 5134 894 5211 lii·

127 5220 268 5279 turicensi
295 5225 327 5277 et
355 5220 514 5278 turonensi
547 5219 701 5292 pmvinciis
728 5221 895 5280 vicesimam

127 5308 250 5366 indicat.

131 5432 502 5510 Honoriusepiscopns,
514 5438 892 5510 servusservorumhei,

89 5530 282 5595 venerabili
298 5529 395 5594 tratri
415 5530 616 5595 Biturloensi
629 5532 891 5619 archiepiscopo,

89 5634 131 5693 Δ.
147 5631 183 5693 S.
199 5628 323 5706 1681116.

839 1580 842 1587 ’
968 1561 1152 1633 memorati,
1164 1563 1372 1639 Temprlarlis,
1383 1564 1629 1642 hospitalariis,
1637 1566 1764 1629 Cister-

967 1656 1135 1719 aiensibus
1152 1658 1186 1720 et
1204 1660 1498 1724 carthusiensibus
1518 1663 1680 1726 duntaxat
1697 1679 1762 1726 ex-

966 1754 1082 1832 ceptis,
1105 1755 1235 1833 adjecto
1259 1758 1296 1820 ut
1316 1757 1431 1820 clerici
1459 1760 1515 1837 661
1541 1760 1763 1839 personaliter

964 1851 1046 1914 illuc
1064 1852 1160 1915 ibunt
1178 1853 1326 1917 redditus
1347 1870 1426 1917 suos
1440 1873 1500 1934 per
1519 1872 1642 1918 annum
1658 1874 1761 1920 unum

968 1949 1099 2013 valeant
1121 1951 1287 2029 obligare3
1305 1968 1366 2016 nos
1391 1954 1549 2017 statutum
1571 1954 1761 2034 hujusmodi

967 2050 1120 2129 tanquam
1142 2049 1280 2127 provide
1291 2050 1425 2124 tactum,
1443 2053 1762 2131 666166116161666-

963 2144 1064 2208 tolica
1079 2146 1325 2222 confirmamus,
1340 2151 1373 2212 et
1385 2148 1561 2227 praesentis
1572 2150 1685 2229 scripti
1699 2167 1761 2229 pa·

966 2244 1105 2306 trocinio
1119 2245 1370 2318 communimus,
1383 2247 1476 2309 salvo
1488 2248 1644 2311 mandato
1658 2252 1760 2327 Apos-

962 2341 1064 2404 tolico
1078 2342 1165 2421 qrrod
1178 2358 1238 2420 pro
1254 2342 1388 2406 hoiensi
1401 2346 1604 2408 monasterio
1619 2362 1760 2409 emana-

964 2438 1022 2510 vit,
1044 2440 1078 2502 et
1096 2439 1243 2517 quolibet
1260 2439 1327 2503 alio
1348 2458 1369 2503 6
1392 2442 1476 2504 Sede
1496 2443 1687 2520 Apostolica
1708 2443 1762 2506 ia-

962 2535 1093 2609 ciendo,
1109 2537 1226 2599 dantes
1240 2537 1301 2599 tibi
1316 2538 1455 2601 liberam
1468 2540 1664 2618 potestatem
1677 2557 1760 2605 con·

960 2634 1159 2697 tradicteres
1175 2633 1217 2714 (sl
1233 2635 1290 2713 661
1307 2635 1445 2717 1666161)
1461 2638 1502 2699 ad
1520 2638 1758 2702 exsolvendam

961 2730 1069 2809 ipsam
1079 2732 1272 2794 vicesimam
1285 2732 1493 2797 districtione
1503 2737 1761 2799 canonicacom-
1876 2728 1882 2739 .

963 2828 1118 2906 pellendi,
1134 2833 1168 2892 et
1177 2830 1370 2894 absolvendi
1381 2833 1493 2906 etiam,
1505 2835 1603 2912 Juxta
1616 2834 1757 2896 termam

961 2927 1129 2997 Ecclesiae,
1142 2928 1216 2990 vice
1230 2929 1355 3001 nostra,
1365 2930 1431 2993 tuae
1446 2930 1623 3006 legationis
1637 2931 1757 2993 incen-

960 3023 1086 3087 diarios
1106 3025 1141 3088 et
1154 3024 1374 3088 violentarum
1393 3043 1552 3091 manuum
1564 3028 1754 3106 injectores.

961 3122 1052 3183 Nulli
1065 3136 1144 3198 argo
1157 3124 1280 3185 nostroe
1292 3124 1555 3186 confirmationis
1569 3127 1604 3187 et
1617 3140 1756 3188 conces·

960 3219 1065 3282 sionis
1084 3218 1241 3297 paginam
1258 3219 1442 3297 intringere
1467 3219 1603 3303 [liceat].
1621 3221 1656 3284 Si
1678 3222 1754 3300 quis

959 3319 1082 3389 autem,
1098 3319 1160 3379 etc.
1173 3316 1579 3396 natumnnagniae,xv11
1592 3316 1754 3383 kalendas

959 3415 1088 3492 aprilis,
1102 3428 1191 3477 anno
1206 3417 1313 3479 serto.

1273 3717 1432 3807 CXLIII

1100 3869 1154 3930 An
1176 3868 1373 3945 episcopam
1395 3868 1607 3932 Xanctmreo.

1240 4008 1371 4067 limari.
1389 4010 1469 4069 1222.

979 4127 1100 4195 [liegest.,
1112 4129 1158 4182 lib.
1170 4131 1214 4192 Vl,
1227 4130 1302 4196 eplst.
1316 4131 1371 4184 283.
1383 4133 1440 4183 llss.
1450 4090 1620 4185 1626616116
1633 4134 1729 4203 rnen]

954 4252 989 4311 Ei
1001 4252 1130 4327 indulget
1143 4260 1175 4312 ut
1187 4254 1366 4327 prebendas,
1379 4258 1409 4314 in
1421 4257 1542 4316 ecclesia
1554 4260 1751 4320 xanctonensi

989 4341 1061 4400 ultra
1077 4356 1128 4400 sex
1140 4352 1413 4417 menses-vacantes,
1423 4347 1673 4420 pemanisidonels
1684 4364 1751 4408 con·

988 4427 1063 4489 terre
1077 4432 1182 4490 valeat

992 4556 1172 4633 Honorius,
1189 4559 1265 4632 etc..
1281 4558 1464 4623 venerabili
1477 4559 1574 4626 tratri
1591 4563 1749 4643 episcopo

951 4656 1160 4719 xanctonen.

992 4751 1062 4815 Etsi
1088 4753 1293 4830 superfluum
1318 4753 1472 4817 videatur
1495 4756 1649 4833 precibus
1670 4774 1750 4837 pos·

951 4848 1162 4927 1616616661
1190 4850 1385 4913 conceditur
1413 4855 1536 4931 61666
1562 4857 1744 4934 commuei;

950 4947 1153 5026 6616166666
1167 4963 1235 5010 non
1254 4964 1424 5027 nunquam
1437 4950 1656 5014 confidentius
1669 4953 1744 5030 quis

950 5043 1079 5107 indulta
1090 5061 1189 5122 quam
1207 5045 1378 5108 ordinaria
1393 5048 1498 5110 utitur
1507 5050 1679 5127 potestate,
1694 5050 1746 5112 al·

949 5141 1020 5203 tera
1042 5158 1103 5220 per
1115 5141 1256 5205 alteram
1271 5143 1401 5207 reddita
1423 5144 1572 5218 fortiore,
1588 5162 1648 5209 nos
1670 5145 1743 5209 tra-

948 5239 1116 5303 ternitatis
1141 5242 1208 5304 166
1230 5241 1385 5318 precibus
1406 5243 1569 5316 inclinati,
1592 5245 1745 5307 auctori-

948 5338 1016 5400 tate
1033 5337 1094 5400 tibi
1118 5339 1332 5416 praesentium
1360 5338 1582 5416 indulgemus,
1600 5342 1744 5419 61666-

946 5433 1073 5496 166166
1097 5451 1181 5514 6666
1202 5436 1238 5497 16
1259 5437 1403 5499 ecclesia
1426 5439 1634 5501 xanctonen.
1655 5440 1744 5504 ultra

947 5548 1008 5595 sex
1020 5548 1152 5595 menses
1168 5549 1289 5596 vacare
1304 5534 1493 5610 contigerit,
1509 5534 1615 5598 libere
1629 5538 1743 5602 valeas

946 5630 1128 5695 secundum
1141 5631 1265 5709 statuta
1285 5631 1483 5695 Lateranen.
1505 5620 1657 5710 Consilii,
1675 5651 1742 5700 non
