3886 6214
81 308 141 370 aba
692 314 921 375 EPISTOLAE.
944 316 1023 376 nia.
1046 315 1116 378 v11.

1666 324 1726 385 294

82 484 457 550 cremonense-um
481 486 721 565 capitulatam
748 490 878 555 consu-
932 475 1118 565 patrocinio
1149 474 1402 551 communimus,
1418 478 1453 539 in
1480 479 1596 557 primis
1620 481 1727 560 siqui-

81 581 166 646 tuno
194 581 284 645 iacta
310 582 421 656 inerit,
454 584 489 646 et
513 586 705 661 iuramento
735 585 876 659 firmata,
932 571 1006 633 dem
1030 574 1223 645 statuentes,
1238 574 1274 635 Ut
1296 590 1521 685 (1008001οᾞ0
1540 581 1726 654 008003οῙ0·

81 678 169 756 (psod
189 679 528 743 videlicetabbatissa
543 681 650 758 ipsius
666 682 744 755 loci,
761 699 879 760 quam·
933 683 1003 740 ¹¹0⁵»
1029 685 1244 748 (1000001000
1270 670 1356 733 bona
1381 673 1496 735 eadem
1521 676 1663 738 00010οῙ0
1689 677 1725 739 in

80 790 224 854 cumque
250 777 322 839 iore
345 778 552 854 contingeret
574 778 639 851 bis,
667 779 704 840 iu
732 779 879 857 quolibet
933 766 1185 841 praesentiarum
1202 768 1303 844 juste,
1328 770 1541 833 0t08110⁰ice
1564 774 1721 849 00380100,

80 888 182 946 anno,
207 874 352 936 decanus
365 889 456 944 vero,
481 877 514 938 et
532 876 590 936 alii
614 874 721 941 balivi
736 877 877 954 singulis
932 863 991 923 000
1004 863 1041 922 Ῑῐὶ
1055 862 1203 925 futurum
1217 865 1530 941 qUffijustism0d182
1544 873 1724 945 PiaestflsstO

80 970 407 1033 dnobus'mensibus
427 972 528 1034 semel
544 972 586 1035 de
605 958 749 1051 receptis
763 976 796 1036 et
817 990 878 1035 ex-

80 1068 196 1144 pensis
222 1068 375 1131 omnibus
398 1070 576 1133 redderent
601 1070 764 1133 rationem
785 1087 876 1148 pree-

79 1165 231 1226 sentibus
244 1166 418 1227 duodecim
433 1166 634 1230 monialibus
649 1168 764 1230 electis
778 1185 798 1230 a
813 1184 875 1229 ca-

79 1262 187 1340 pitulo
207 1264 242 1324 et
259 1263 442 1337 canonicis,
460 1264 517 1341 qui
540 1265 665 1326 vellent
684 1265 875 1344 hujusmodi

78 1359 259 1423 ratiocinio
283 1360 457 1433 interesse,
476 1362 746 1423 constitutionem
768 1363 876 1439 ipsam

77 1457 278 1530 taceremne,
290 1459 458 1535 tamquam
473 1458 538 1535 ipsi
562 1459 763 1521 monasterio
779 1459 876 1522 valde

78 1555 209 1628 afilem,
231 1554 381 1617 obtinere
403 1555 547 1618 debitam
562 1555 763 1619 firmitatem.
780 1557 877 1618 Ideo-

78 1667 143 1731 que
184 1651 378 1715 discretioni
414 1655 534 1716 vestrae
577 1669 638 1731 per
682 1654 876 1731 apostolica

79 1748 205 1827 scripta
238 1748 444 1822 mandamus,
475 1750 636 1828 quatenus
666 1751 877 1813 constitutio-

78 1862 154 1908 nem
170 1846 291 1924 ipsam,
311 1846 398 1909 sicut
412 1848 549 1926 provide
563 1847 650 1910 iacta
666 1848 727 1920 est,
744 1848 876 1911 faciatis

77 1942 321 2006 inviolabiliter
343 1943 527 2017 observari,
553 1946 825 2016 contradictores,
847 1946 877 2006 si

77 2041 132 2120 qui
161 2040 287 2103 fuerint
300 2042 354 2104 vel
372 2041 526 2116 rebelles,
541 2054 601 2119 per
624 2059 800 2105 censuram
820 2058 877 2105 ec-

77 2138 314 2210 clesiasticam,
336 2139 557 2216 appellatione
573 2140 767 2217 postposita,
785 2157 876 2202 com-

77 2237 263 2317 pescentes.
291 2237 384 2310 Quod
409 2237 438 2297 si
459 2253 525 2298 non
554 2252 670 2299 omnes
695 2238 751 2298 his
777 2254 877 2299 exse-

78 2333 219 2413 quendis
244 2334 408 2394 interesse
432 2332 618 2410 potueritis,
640 2332 705 2394 duo
726 2337 875 2396 vestrum

78 2446 115 2492 ea
137 2430 359 2493 nihilominus
379 2432 615 2508 exsequantur.
641 2432 760 2492 Datum
782 2433 876 2494 Late·

78 2528 164 2599 rani,
178 2529 256 2589 Vlll
268 2527 342 2588 idus
358 2527 530 2603 februarii,
542 2527 754 2607 pontificatus
770 2530 875 2592 nostri

79 2640 164 2688 anne
177 2624 331 2704 septimo.

389 2972 569 3062 LXXVII

76 3144 128 3205 Ad
155 3142 349 3217 capitutum
376 3146 528 3207 eccesie
551 3144 587 3211 S.
620 3143 805 3205 Laurentii
832 3144 874 3204 de

121 3244 297 3303 thleneva
311 3243 570 3331 Arclsteptscopl
580 3255 688 3316 supe-r
703 3245 832 3303 Yooen.

340 3386 509 3445 tiiebruarii
532 3388 611 3447 laia.

92 3520 213 3585 inesset,
225 3519 273 3571 lib.
284 3520 340 3580 vll,
353 3520 428 3585 epist.
441 3521 494 3572 lot.
507 3521 566 3572 ides.
579 3523 616 3573 La
628 3522 703 3575 Porta
715 3520 751 3572 du
764 3520 857 3587 Theti]

110 3652 230 3712 Eessub
240 3653 318 3710 besti
327 3654 403 3712 Petri
415 3661 444 3712 et
455 3670 508 3712 sua
520 3656 699 3727 protectione
707 3655 837 3728 suscipit.

113 3798 295 3870 Honorius,
315 3798 391 3867 ete„
408 3797 538 3860 dilectis
553 3798 632 3860 filiis
652 3798 799 3876 capitulo
812 3815 872 3862 ec·

77 3893 189 3956 clesiae
212 3896 328 3957 Sancti
351 3896 523 3958 Laurentii
547 3896 587 3958 de
610 3897 787 3959 villanova
809 3900 874 3958 Ar-

75 3990 282 4069 chiepiscopi
308 4008 410 4068 super
436 3995 565 4066 Yonen,
591 4009 772 4071 eorumque
796 4009 874 4056 suc-

75 4089 265 4151 cessoribus
292 4090 455 4151 canonice
474 4089 712 4153 substituendis
738 4091 775 4153 in
795 4107 874 4168 per-

74 4187 223 4262 petuum,
238 4186 393 4258 salutem,
408 4188 471 4251 etc.

116 4283 277 4356 Quotiens
293 4283 481 4361 postulatur
495 4297 516 4347 a
529 4282 636 4357 nobis,
649 4285 735 4363 quod
749 4285 873 4350 rationi

75 4381 264 4453 conveniat,
284 4380 319 4443 et
337 4381 507 4442 canonicas
523 4383 680 4443 consonet
695 4383 870 4457 sanctioni,

75 4476 259 4551 petentium
274 4476 451 4538 desideriis
467 4477 598 4539 facilem
614 4477 770 4539 debemus
785 4496 874 4556 prae-

74 4569 159 4635 bere
181 4588 388 4646 consensum,
406 4589 447 4636 ne
464 4575 500 4635 in
528 4590 567 4636 eo
593 4574 746 4636 difficiles
763 4575 874 4638 videa-

932 960 1082 1032 bomino,
1100 961 1317 1022 concessione
1332 964 1525 1038 pontificum
1538 967 1609 1028 sive
1625 966 1722 1030 ebla-

931 1057 1022 1119 tione
1047 1056 1193 1119 fidelium
1221 1058 1362 1135 adipisci
1390 1063 1521 1137 poterit,
1549 1063 1643 1125 firma
1669 1080 1725 1126 ve·

931 1154 983 1215 bis
1021 1155 1208 1232 vestrisque
1241 1157 1491 1221 successoribus
1525 1161 1558 1222 et
1594 1161 1725 1226 illibata

931 1253 1158 1329 permaneant.
1175 1255 1211 1314 ln
1231 1253 1349 1330 quibus
1368 1254 1440 1316 baec
1458 1258 1603 1334 propriis
1625 1260 1727 1321 duxi·

931 1364 1004 1411 mus
1029 1349 1245 1427 exprimenda
1269 1350 1451 1415 vocabulis.
1473 1356 1596 1417 Locum
1617 1357 1725 1435 ipsum

931 1447 966 1508 in
985 1463 1050 1524 qno
1074 1448 1213 1525 praelata
1237 1449 1379 1512 ecclesia
1402 1451 1467 1513 sita
1487 1454 1537 1515 est
1555 1469 1630 1514 cum
1649 1470 1725 1516 om-

930 1544 1027 1605 nibus
1059 1546 1272 1623 pertinentiis
1300 1548 1386 1622 suis;
1419 1549 1552 1611 domum
1581 1551 1614 1612 et
1640 1567 1723 1630 pos-

930 1641 1096 1706 sessiones
1112 1658 1186 1705 cum
1201 1644 1412 1720 pertinentiis
1427 1648 1629 1730 earumdem,
1640 1665 1724 1726 quas
1828 1718 1832 1725 ,

931 1740 1095 1817 quondam
1115 1740 1220 1802 euido
1236 1741 1276 1802 de
1292 1743 1429 1804 (lamera
1444 1744 1551 1805 eidem
1573 1746 1725 1808 ecclesiae

929 1838 1051 1899 vestrae
1070 1838 1126 1914 pia
1149 1836 1351 1900 liberalitate
1379 1815 1561 1917 co‘ncessit3
1577 1841 1722 1917 domum,

931 1950 1004 2011 quas
1012 1935 1076 1996 sita
1087 1935 1238 2012 estJuxta
1252 1936 1479 1998 coemeterium
1490 1941 1637 2001 vestrum
1648 1956 1724 2001 cum

931 2032 1046 2109 pratis,
1062 2031 1182 2106 uineis,
1197 2033 1309 2105 terris,
1320 2034 1522 2108 nemoribus,
1530 2037 1679 2114 usuagiis
1692 2040 1726 2100 et

931 2129 1076 2206 pascuis,
1089 2129 1237 2192 inbosco
1250 2131 1283 2192 et
1297 2130 1408 2206 plano,
1425 2132 1461 2192 in
1474 2133 1580 2211 aqsiis,
1603 2136 1637 2195 et
1652 2151 1726 2196 om-

931 2226 1029 2288 nibus
1055 2227 1133 2288 aliis
1160 2227 1369 2291 libertatibus
1398 2231 1432 2290 et
1459 2220 1724 2294 immunitatibus

931 2325 1012 2386 suis.
1044 2323 1265 2386 Prohibemus
1286 2326 1424 2403 iusuper
1450 2328 1487 2388 ut
1520 2328 1608 2389 inira
1641 2329 1724 2392 lines

930 2421 1098 2499 parocbia
1119 2424 1240 2485 restrae
1264 2423 1378 2485 nullus
1401 2424 1475 2487 sine
1500 2440 1641 2486 assensu
1665 2429 1726 2488 Se-

930 2535 1051 2581 nonen.
1079 2519 1325 2597 archiepiscopi
1350 2521 1532 2583 dioecesani
1557 2523 1661 2586 vestri
1693 2524 1727 2588 et

929 2617 1032 2679 vestri
1059 2617 1236 2694 capellani,
1253 2618 1437 2681 oratorium
1463 2620 1504 2682 de
1531 2636 1618 2683 novo
1644 2637 1726 2684 cen·

930 2717 1060 2777 struere
1095 2715 1227 2788 audeat,
1256 2716 1359 2778 salvis
1394 2717 1580 2794 privilegiis
1614 2720 1728 2798 ponti·

929 2812 1029 2874 ticum
1051 2815 1285 2875 Romanorum.
1304 2813 1515 2891 sepulturam
1535 2828 1666 2895 quoque
1678 2817 1726 2896 ip·

929 2909 999 2971 sius
1014 2909 1079 2971 loci
1093 2909 1234 2972 liberam
1248 2925 1323 2972 esse
1338 2902 1547 2974 decernimus
1564 2916 1725 2976 uteorum

929 3007 1109 3081 deuotioni,
1123 3008 1202 3079 etc,
1218 3021 1326 3082 usque
1341 3024 1481 3086 corpora
1498 3013 1723 3074 assumantur.

928 3106 1080 3169 Decimae
1108 3106 1272 3184 praeterea
1298 3106 1333 3167 et
1358 3107 1587 3181 possessiones
1606 3108 1647 3170 ad
1667 3111 1725 3187 ius

928 3203 1080 3265 ecclesiae
1107 3205 1228 3265 vestrae
1256 3204 1455 3280 spectantes,
1482 3220 1556 3282 quae
1581 3220 1602 3266 a
1626 3206 1724 3268 laicis

928 3300 1120 3363 detinentur
1150 3299 1346 3373 redimendi,
1387 3301 1422 3364 et
1454 3299 1602 3377 legitime
1634 3302 1722 3366 libe·

928 3398 1025 3458 randi
1067 3396 1108 3460 de
1140 3397 1295 3460 manibus
1330 3413 1447 3460 eorum
1480 3401 1516 3461 et
1540 3399 1582 3463 ad
1615 3401 1725 3464 eccle-

928 3496 1028 3568 siam,
1058 3495 1100 3556 ad
1134 3510 1232 3571 quam
1263 3495 1445 3572 pertinent,
1473 3498 1651 3559 revocandi
1680 3498 1725 3560 li·

928 3588 1008 3653 bera
1029 3592 1074 3654 sit
1089 3591 1183 3653 vobis
1204 3592 1245 3654 de
1266 3594 1381 3655 nostra
1400 3594 1597 3657 auctoritate
1616 3594 1724 3657 lacul-

927 3692 990 3753 tas.
1008 3689 1195 3752 Libertates
1210 3690 1387 3767 quoquest
1407 3689 1642 3764 immunitates,
1661 3707 1723 3754 nec

928 3803 995 3849 non
1019 3790 1052 3848 et
1084 3787 1312 3864 exemptiones
1337 3788 1547 3849 saecularium
1578 3789 1723 3851 emotio-

927 3908 1009 3957 num
1032 3892 1073 3955 ab
1101 3891 1270 3969 aliquibus
1298 3891 1451 3954 fidelibus
1476 3893 1721 3956 rationabiliter

927 3990 1022 4053 vebis
1044 3989 1202 4063 indultas,
1214 3990 1412 4052 auctoritate
1431 3991 1620 4069 apostolica
1639 4006 1722 4053 con-

927 4086 1098 4153 firmamus
1125 4088 1157 4150 et
1180 4087 1356 4165 praesentis
1389 4088 1505 4166 scripti
1543 4089 1720 4166 privilegio

928 4183 1182 4248 communimus.
1212 4185 1430 4248 Decernimus
1458 4201 1538 4263 ergo
1566 4186 1602 4250 ut
1635 4187 1721 4249 nulli

927 4283 1062 4344 omnino
1090 4281 1262 4344 hominurn
1288 4282 1388 4345 liceat
1414 4284 1586 4360 praelatam
1610 4284 1745 4347 eccla·

927 4380 1011 4443 siam
1022 4381 1147 4442 temere
1168 4379 1375 4459 perturbare,
1390 4382 1465 4454 etc,
1479 4397 1586 4457 usquc
1601 4382 1720 4460 proin·

927 4478 1015 4550 tura,
1035 4477 1129 4539 selva
1149 4477 1244 4539 Sedis
1254 4477 1453 4554 Apostolicae
1473 4480 1673 4542 auctoritate
1688 4481 1722 4544 ct

928 4576 1094 4637 senonen.
1120 4573 1363 4651 archiepiscopi
1392 4576 1553 4637 canonica
1577 4577 1719 4654 justitia.

75 4686 167 4745 mur,
183 4671 267 4748 quod
286 4673 442 4734 convenit
456 4671 610 4733 celeriter
626 4672 810 4749 indulgere.
826 4676 873 4735 Ea
929 4672 964 4735 Si
977 4688 1042 4749 qna
1057 4672 1160 4748 igitur
1172 4672 1207 4732 in
1217 4671 1376 4745 futurum,
1386 4674 1449 4735 etc.
1466 4674 1599 4735 Cunctis
1609 4674 1721 4736 autem

74 4768 224 4844 propter,
237 4768 351 4831 dilecti
365 4769 401 4829 in
421 4769 561 4829 Domino
574 4768 646 4840 tilii,
662 4770 782 4831 vestris
797 4773 874 4849 jus·
927 4769 1035 4833 eidem
1061 4769 1147 4841 loco,
1169 4770 1250 4841 etc,
1278 4784 1386 4843 usque
1411 4769 1571 4832 inveniat.
1602 4774 1720 4832 Amen.

74 4864 121 4925 tis
141 4864 421 4943 postulationibus
437 4866 618 4927 elementer
631 4866 820 4940 annuimus,
841 4868 874 4930 et
928 4866 1047 4929 Datum
1061 4864 1230 4939 Laterani,
1244 4881 1305 4943 per
1325 4880 1458 4927 manum
1474 4867 1634 4930 cuidonis
1657 4868 1721 4929 do-

74 4959 254 5023 ecclesiam
265 4962 380 5023 Sancti
391 4963 562 5025 Laurentii
575 4963 615 5025 de
629 4963 873 5027 villanovanr·
927 4962 1011 5024 mini
1050 4976 1145 5040 papae
1184 4963 1363 5040 capellani,
1393 4965 1469 5026 vin
1493 4964 1568 5026 idus
1596 4966 1720 5037 martii,

74 5058 577 5136 cbiepiscopisnperYonen‚in
593 5076 658 5138 qua
670 5060 783 5122 divino
793 5062 874 5124 estis
928 5058 997 5121 ind.
1009 5061 1065 5131 XI,
1078 5060 1324 5121 incarnationis
1339 5061 1519 5124 Dominicae
1532 5063 1719 5134 ann01223,

73 5153 236 5232 obsequio
249 5155 440 5233 mancipati,
449 5156 605 5219 subbeati
614 5158 704 5220 Petri
714 5159 748 5220 et
760 5159 874 5221 nostra
929 5156 1141 5234 pontificatus
1161 5172 1241 5219 vero
1256 5156 1381 5220 domini
1402 5158 1541 5219 Houorii
1562 5160 1661 5234 Papae
1677 5160 1722 5219 ΙΙΙ

73 5253 285 5330 protectione
305 5254 514 5331 suscipimus,
525 5253 558 5317 et
571 5255 746 5333 praesentis
759 5255 875 5334 scripti
929 5268 1017 5316 anno
1031 5255 1182 5332 septimo.
