3886 6214
87 288 137 350 eit
662 277 992 345 6666066616
1014 277 1087 340 vil.

87 445 138 507 sla
155 441 185 505 61
203 437 445 502 successoribus
460 436 525 501 1616
533 434 733 501 auctoritate
745 440 856 515 Apos-

87 540 171 604 tolica
201 536 439 607 confirmamus,
472 536 507 597 61
540 535 713 612 praesentis
739 534 855 612 scripti

86 634 250 715 patrocinio
274 633 523 694 communimus.
549 631 642 693 Nulli
669 633 852 709 6666616,

86 728 472 794 66616666611666116616
498 728 691 804 intringere.
721 729 853 806 Siquis

86 829 190 899 antem,
206 827 265 888 616.
279 826 397 887 Datum
412 825 580 897 Laterani,
597 827 658 886 Vll
672 824 747 885 idus
762 825 854 903 apri·

86 922 341 1002 impendiosius
355 921 461 987 nostri
474 937 563 983 anno
580 921 733 1000 septimo.

394 1261 518 1353 XCIX

180 1416 231 1475 Ad
252 1415 449 1489 6616666666
469 1414 732 1475 curmolensem.

347 1544 364 1601 7
379 1542 476 1616 aprilis
495 1542 575 1600 1111.

183 1665 298 1732 [8116166
312 1666 397 1731 Royel
407 1666 513 1723 1611666,
531 1666 552 1725 1,
565 1664 622 1724 1137,
635 1679 660 1715 6.
677 1664 728 1730 ln]

83 1779 222 1854 Respondet
240 1780 319 1854 6661
340 1781 556 1840 constitutiones
576 1779 708 1853 666166
730 1778 852 1854 intelligi

108 1869 246 1928 16166116
259 1869 450 1943 quorumlibet
464 1869 637 1943 generaliter
648 1875 707 1927 tam
717 1868 852 1927 1661116116

107 1973 180 2032 6666
192 1957 371 2016 instituendis
382 1957 448 2016 liliis
461 1957 639 2021 clericorum.

112 2085 204 2156 Quum
219 2083 372 2146 nonnulli
395 2083 555 2147 ecelesias
580 2082 695 2144 161666
715 2081 850 2143 dioecesi

79 2179 212 2253 babeant,
235 2182 271 2242 in
297 2180 418 2258 quibus
437 2180 548 2257 patres
568 2195 683 2241 eorum
698 2179 850 2256 proximo

80 2278 297 2350 ministrarunt,
329 2279 363 2339 et
384 2293 427 2338 ne
459 2278 693 2339 removeantur
720 2275 762 2336 ab
788 2275 848 2344 eis,

80 2373 202 2450 assegent
218 2374 472 2437 constitutiones
488 2373 566 2435 illas
585 2388 658 2450 quae
674 2371 850 2450 prohibent

80 2468 143 2531 illlis
160 2471 191 2532 in
212 2471 280 2531 illis
293 2470 446 2533 ecclesiis
469 2470 639 2547 inquibus
656 2470 767 2547 patres
785 2484 848 2531 eo·

79 2581 137 2628 rum
159 2570 338 2631 noscuntur
365 2567 517 2645 proximo
556 2567 776 2639 ministrasse,
809 2566 849 2628 de

79 2663 143 2724 solis
166 2665 431 2743 presbyterorum
456 2664 545 2737 tiliis,
576 2666 609 2726 61
640 2664 787 2726 noudum
814 2664 849 2724 in

79 2762 205 2824 66166116
219 2762 396 2836 1661116116,
416 2761 535 2824 debere
550 2760 703 2838 intelligi,
717 2763 755 2824 tu
771 2761 850 2823 licet

78 2860 203 2922 6661666
225 2860 422 2921 mandatum
450 2858 618 2936 receperis
651 2858 692 2920 de
723 2858 849 2920 talibus

79 2953 112 3015 ab
123 2955 196 3035 ipsis
206 2957 358 3020 ecclesiis
373 2954 578 3028 amovendis,
595 2958 632 3018 ut
645 2954 756 3018 161666
770 2971 845 3017 666

76 3050 167 3116 debila
195 3048 387 3117 maturitate
423 3053 632 3132 procederes,
670 3068 770 3130 super
794 3052 847 3114 his

75 3147 186 3211 edoceri
207 3166 265 3228 per
286 3151 406 3213 Sedem
418 3151 642 3228 apostolicam
657 3149 845 3227 postulasti.

75 3245 131 3307 Nos
141 3262 212 3325 ergo
226 3248 466 3310 consultationi
480 3248 545 3310 1666
556 3248 703 3310 breviter
713 3262 849 3325 respon·

74 3340 279 3423 (1666661161
295 3346 550 3409 constitutiones
565 3345 735 3424 praedictae
749 3345 847 3408 intel·

74 3437 248 3514 1161161661
266 3443 308 3504 de
327 3441 550 3519 quorumlibet
565 3442 847 3518 generalitertam

74 3534 222 3611 institutis,
248 3556 350 3618 6666(
371 3539 584 3602 instituendis
604 3539 684 3600 liliis
701 3539 846 3601 clerico-

74 3646 142 3694 rum.
154 3637 266 3698 batum
287 3637 458 3709 Laterani,
474 3637 613 3717 septimo
627 3637 702 3698 idus
715 3637 845 3716 aprilis,

74 3731 260 3805 ponddoatus
281 3735 389 3798 nostri
408 3750 497 3797 anno
512 3735 664 3815 septimo.

435 4080 465 4170 G

72 4224 298 4294 11661666666
321 4204 595 4306 archiepiscopos
615 4230 649 4293 ei
670 4234 846 4307 episcopos

358 4328 543 4391 Teutonioe.

333 4457 462 4533 lapillis
481 4458 561 4518 liae.
708 4521 711 4525 .

120 4575 274 4646 [1166661666
293 4578 358 4632 illst.
374 4579 782 4648 6661.(16616(616666616,711.]

71 4697 379 4764 166166611666666111
397 4707 438 4765 111
458 4705 640 4779 privilegium
659 4705 695 4764 de
713 4704 844 4763 libertate

97 4787 256 4863 6111666116,
273 4794 330 4851 6161
350 4794 455 4864 666611,
470 4793 658 4852 ordinationis
676 4794 843 4852 clericorum

97 4884 123 4936 61
133 4883 352 4941 (6666666116616
377 4881 508 4941 altarium
530 4895 743 4956 6666666666
764 4882 841 4954 epis·

98 4978 160 5039 cepo
172 4969 413 5043 accipiendorum.

101 5090 254 5157 Honorius
262 5095 449 5174 episeopus,
460 5111 578 5158 servus
586 5110 759 5158 servorum
769 5094 841 5170 Dei,

69 5190 295 5254 tmerabilibus
309 5192 469 5256 matribus
480 5193 648 5256 universis
663 5193 697 5256 et
708 5194 842 5271 episco-

70 5282 113 5358 pis
135 5303 189 5363 per
209 5290 406 5352 'teutoniam
430 5290 788 5364 666611611666161661
810 5291 844 5354 et

69 5381 273 5457 1666161666
283 5386 556 5449 benedictionem.

101 5481 199 5553 Quum
213 5483 341 5548 dilectis
356 5484 392 5545 in
404 5485 535 5548 Christo
548 5484 717 5546 11116166...
735 5484 842 5549 6116-

69 5572 146 5639 tissae
165 5594 203 5643 66
223 5579 391 5643 sororibus
406 5582 643 5645 (1661666166.
657 5583 736 5645 sita
759 5584 843 5647 Sede

1642 280 1704 343 318

908 436 1099 515 numerica
1120 435 1304 512 indultum,
1330 438 1368 500 61
1399 436 1557 507 61616666,
1592 437 1703 507 oleum

909 536 1071 607 sanetum,
1099 533 1326 596 ordinationes
1349 533 1559 609 clericorum,
1582 550 1704 599 conse-

909 632 1075 694 crationes
1090 631 1248 693 altarium
1269 648 1329 693 seu
1347 631 1574 706 basilicarum,
1587 634 1621 695 et
1634 633 1704 696 alia
1801 630 1809 641 '

908 728 1135 790 ecclesiastica
1157 730 1377 803 sacramenta,
1393 745 1414 791 a
1429 746 1635 809 quocumque
1647 746 1704 794 vo·

908 825 1033 887 luerint
1043 825 1208 887 catholico
1223 826 1379 905 episcopo
1394 829 1543 905 recipere
1555 828 1701 902 valeant,

908 922 1124 1000 praesentium
1138 921 1232 984 vobis
1254 925 1453 987 auctoritate
1477 925 1702 1003 praecipiendo

908 1019 1115 1092 mandamus,
1133 1022 1308 1097 quatenus,
1324 1037 1424 1098 quum
1435 1021 1476 1082 ab
1493 1022 1577 1099 ipsis
1591 1021 1701 1085 fueri-

907 1118 951 1178 tis
968 1117 1132 1194 requisiti,
1149 1117 1222 1178 sine
1249 1116 1445 1181 dittlcultate
1469 1119 1626 1195 qualibet,
1643 1137 1703 1181 su-

907 1213 996 1276 blato
1009 1214 1186 1291 cujuslibet
1205 1215 1478 1277 contradictionis
1497 1217 1530 1278 et
1552 1217 1703 1294 appella-

906 1311 1009 1372 tionis
1038 1310 1220 1384 obstaculo,
1235 1312 1427 1389 supradicta
1449 1313 1497 1374 eis
1518 1312 1703 1375 liberaliter

907 1407 1066 1470 exhibere
1086 1409 1220 1470 curetis.
1235 1411 1354 1470 Datum
1367 1410 1535 1483 Laterani,
1551 1412 1612 1471 Vll
1624 1410 1700 1472 idus

907 1506 1035 1583 aprilis,
1051 1505 1264 1584 pontificatus
1278 1507 1385 1570 nostri
1400 1522 1488 1569 anno
1503 1507 1655 1585 septimo.

1278 1825 1328 1913 tl

945 1975 997 2035 Ad
1011 1976 1416 2050 0666616666616666666
1427 1976 1661 2050 etennensium

1134 2088 1142 2107 ’
1184 2083 1419 2143 concinentes.

1193 2212 1210 2269 e
1223 2212 1321 2285 aprilis
1335 2212 1417 2270 1113.

964 2330 1139 2397 [besselbron
1151 2332 1214 2385 cod.
1230 2334 1420 2392 Pomeranicns,
1432 2334 1452 2393 l,
1464 2333 1555 2394 1116.
1569 2334 1638 2403 lin]

904 2456 1080 2516 1116666161
1091 2466 1122 2515 ut
1133 2459 1292 2516 innocentii
1304 2461 1345 2517 111
1358 2458 1535 2529 mandatum,
1544 2459 1697 2518 obediendi

938 2545 1179 2620 liegdeburgeuti
1192 2548 1324 2605 66616616
1337 2554 1366 2605 61
1385 2549 1504 2606 66116111
1522 2548 1595 2621 eius,
1612 2548 1701 2607 tirmi-

938 2641 981 2695 ter
995 2634 1158 2695 observent.

943 2761 1112 2822 Honorius
1147 2761 1333 2839 episcopus,
1371 2777 1489 2825 servus
1525 2778 1699 2825 servorum

903 2857 973 2930 1161,
1001 2856 1187 2921 venerabili
1209 2857 1306 2919 tratri
1327 2859 1482 2938 episeopo
1508 2859 1542 2922 61
1568 2860 1699 2922 11166116

902 2953 995 3027 tiliis,
1006 2955 1151 3032 capitulo
1166 2955 1368 3027 caminensi,
1386 2956 1528 3020 salutem
1548 2957 1582 3019 et
1597 2960 1700 3034 Apos-

902 3051 1325 3114 iolicambenediotionem.

942 3149 1084 3211 Litteras
1096 3148 1205 3211 felicis
1217 3149 1385 3211 memoriae
1394 3150 1579 3214 innocentii
1589 3166 1696 3229 papae,

902 3246 1157 3323 praedecessoris
1185 3246 1302 3319 nostri,
1319 3247 1550 3326 perspeximus
1570 3250 1607 3311 in
1625 3249 1698 3311 baec

901 3344 1014 3405 verba.
1031 3344 1275 3406 «innocentius
1287 3344 1340 3421 epi
1347 3360 1478 3422 scopus,
1490 3362 1608 3409 servus
1620 3362 1698 3408 ser-

900 3456 1019 3503 vorum
1033 3442 1104 3511 Dei,
1116 3440 1301 3504 venerabili
1315 3442 1411 3504 fratri
1429 3443 1584 3522 episeopo
1597 3447 1630 3507 et
1642 3443 1698 3506 di·

901 3538 997 3601 lectis
1018 3539 1098 3601 tiliis
1119 3539 1265 3618 capitulo
1288 3541 1490 3614 caminensi,
1508 3541 1697 3604 salutemet

900 3635 1125 3712 apostolicam
1140 3634 1417 3698 benedictionem.
1434 3640 1514 3698 Cum
1528 3638 1576 3710 tu,
1592 3637 1698 3700 trater

901 3733 1067 3812 episcope,
1102 3732 1200 3794 tactis
1235 3734 1459 3795 sacrosanctis
1497 3735 1694 3810 evangeliis,

901 3829 1098 3908 praestiteris
1133 3831 1361 3908 juramentum
1384 3831 1470 3908 quod
1498 3830 1636 3893 devotus
1662 3832 1696 3895 et

901 3925 1058 3988 obediens
1080 3926 1148 3988 eris
1171 3925 1452 4003 Magdeburgensi
1476 3926 1638 4001 eeclesiae,
1655 3943 1696 3990 ac

900 4025 972 4101 ejus
1007 4023 1258 4100 archiepiscopo
1286 4022 1421 4086 Alberto
1453 4025 1487 4086 et
1516 4039 1694 4087 successo·

898 4120 992 4182 ribus
1018 4122 1102 4197 ejus,
1119 4119 1155 4180 in
1183 4118 1348 4194 omnibus,
1366 4119 1402 4181 in
1428 4119 1548 4198 quibus
1572 4119 1695 4199 aliquis

899 4232 943 4279 ex
977 4217 1201 4295 suffraganeis
1228 4217 1299 4278 6616
1338 4217 1403 4295 1661
1427 4217 1562 4281 obedire
1595 4219 1695 4281 tene-

838 4394 842 4407 ,
899 4317 954 4378 166
974 4314 1151 4378 dummodo
1165 4315 1200 4376 id
1215 4314 1260 4377 sit
1281 4313 1322 4377 de
1344 4316 1467 4379 nostrae
1485 4316 1695 4394 beneplacito

898 4413 1090 4486 1616616116,
1113 4428 1239 4490 vosque
1265 4412 1338 4485 tilii,
1353 4412 1535 4490 capitulum
1558 4414 1695 4491 plenum

899 4509 1121 4573 adhibueritis
1154 4510 1344 4587 hujusmodi
1370 4510 1586 4588 promissioni
1614 4527 1697 4575 oon-

899 4623 1044 4680 sensum,
1054 4607 1147 4669 salvo
1161 4607 1360 4684 spostolicae
1377 4607 1471 4669 Sedis
1486 4608 1695 4681 mandato‚et

898 4704 1048 4766 eeclesiae
1063 4706 1183 4767 vestrae
1201 4704 1237 4764 in
1251 4705 1482 4782 episcoporum
1501 4706 1534 4768 et
1549 4706 1696 4767 aliarum

898 4816 1118 4879 personarum
1153 4800 1371 4863 electionibus
1409 4801 1578 4873 libertate,
1606 4804 1693 4865 sicut

898 4899 1018 4961 litterae
1036 4900 1156 4961 vestrae
1171 4899 1267 4961 nobis
1291 4899 1449 4962 exhibitae
1466 4899 1690 4974 continebant,

897 4996 1050 5059 volumus
1092 4997 1125 5059 61
1145 5012 1208 5075 666
1234 4997 1425 5074 Apostollca
1453 4997 1576 5075 scripta
1596 4996 1692 5060 vobis

897 5094 1093 5156 mandamus
1119 5095 1157 5158 ut
1185 5094 1292 5156 eidem
1325 5093 1602 5171 Magusum-gensi
1630 5109 1691 5157 ec·

897 5190 1008 5252 616616
1039 5207 1079 5254 66
1120 5194 1193 5270 ejus
1228 5190 1381 5265 antistiti,
1411 5192 1509 5269 juxta
1548 5190 1694 5267 promis-

897 5288 1037 5361 sionem,
1055 5288 1219 5350 obediatis
1243 5289 1361 5352 devote
1385 5302 1425 5349 ac
1446 5286 1619 5349 humiliter
1642 5288 1695 5350 in-

896 5383 1052 5460 tendatis,
1073 5386 1198 5465 absque
1218 5387 1306 5469 juris
1329 5384 1524 5464 praejudicio
1546 5385 1693 5449 alieni.»

897 5483 1040 5562 Ideoque
1061 5472 1271 5547 universitati
1287 5485 1408 5547 vestrae
1427 5484 1693 5561 6661666161166

897 5582 1021 5661 scripta
1031 5582 1239 5658 mandamus,
1253 5583 1289 5644 ut
1304 5581 1575 5662 suprascriptum
1586 5582 1692 5661 ipsius
