3930 6206
110 419 162 481 657

112 583 140 644 et
153 577 264 640 hauno.
279 575 316 636 ln
329 574 582 651 Cunegesheim,
599 574 726 636 curtem
740 588 814 635 enm
828 572 880 635 al·

111 677 185 740 lodio
203 674 368 735 vinearum
384 674 417 735 et
430 687 587 748 agrorum
609 687 684 733 cum
706 672 796 732 omni
815 672 877 733 de-

110 776 182 838 cima
208 787 274 842 sua,
300 768 387 847 quod
424 769 603 846 Ringardis
632 769 748 846 regina
783 768 878 831 vohis

110 871 199 942 dedit;
213 870 344 943 insuper
358 867 516 929 allodium
531 867 567 928 in
587 867 660 945 ipsa
679 866 771 938 villa,
790 866 877 944 quod

109 967 262 1031 odalricus
273 962 366 1026 vobis
381 964 481 1026 dedit.
496 968 534 1025 In
547 964 736 1036 scerwilre,
751 966 877 1025 curtem

108 1063 292 1128 Dominicam
316 1077 390 1122 cum
422 1061 542 1135 vineis,
572 1061 675 1137 agris,
705 1063 821 1138 pratis,
846 1063 879 1124 et

108 1177 170 1224 com
193 1158 323 1220 decimis
348 1162 382 1220 et
406 1158 516 1221 banno
548 1159 654 1236 ipsius
682 1158 809 1235 praedii.
840 1163 876 1220 ln

107 1257 275 1328 l'amvilre,
291 1254 450 1317 allodium
466 1272 542 1318 cum
556 1256 647 1332 agris
661 1257 695 1318 et
712 1257 828 1333 pratis,
845 1259 879 1318 et

107 1368 248 1431 aquarum
262 1351 467 1424 decursibus,
490 1354 523 1414 et
544 1350 707 1429 capellam
726 1367 800 1413 cum
819 1351 879 1412 de·

107 1450 199 1512 cimis.
224 1451 259 1510 ln
283 1448 488 1519 Ebersheim,
518 1451 644 1511 cumam
672 1449 877 1511 Dominicam

107 1562 169 1608 cum
187 1545 315 1609 forestis
336 1548 369 1609 et
387 1546 506 1624 quarta
529 1548 623 1623 parte
646 1545 749 1608 hanni
772 1546 877 1623 ipsius

105 1644 191 1706 villa.
219 1646 255 1705 ln
277 1644 489 1721 Gagenheim,
519 1644 646 1706 curtem
672 1644 877 1706 Dominicam

106 1757 169 1802 cum
181 1741 327 1804 omnibus
342 1741 548 1819 appendiciis
566 1741 681 1804 suiset
698 1740 819 1804 banno.
840 1743 878 1802 ln

105 1839 319 1911 sermesheim,
345 1839 471 1902 curtem
491 1837 697 1901 Dominicam
719 1854 793 1901 oum
815 1838 877 1901 de-

105 1935 178 1997 cima
187 1937 285 1998 salice
295 1938 407 2008 terrae,
422 1937 455 1998 et
467 1936 643 1999 ecclesiam
653 1952 727 1998 cum
740 1936 878 1999 decimis

104 2032 195 2109 ipsius
208 2034 305 2096 villae.
326 2036 363 2096 ln
383 2034 597 2106 Hittenheim,
614 2034 759 2097 decimas
778 2035 878 2096 unius

104 2130 266 2193 Dominicae
290 2130 405 2193 curtis.
431 2132 469 2192 ln
492 2131 710 2204 Mazenheim,
733 2131 878 2193 decimas

105 2227 259 2302 angina
285 2227 359 2290 octo
393 2231 559 2304 jugerum.
581 2220 634 2289 'ln
667 2227 875 2299 outenheim,

104 2324 213 2385 curtem
236 2325 442 2387 Dominicam
464 2326 497 2387 et
521 2324 697 2388 ecclesiam
721 2341 796 2387 cum
819 2324 879 2386 de-

103 2419 185 2481 cimis
211 2421 314 2498 ipsius
349 2422 449 2484 villae.
478 2425 517 2484 ln
546 2422 706 2490 Northus,
731 2422 877 2484 decimas

102 2517 188 2578 unius
208 2519 388 2582 Dominicae
411 2520 527 2581 curtis.
549 2522 585 2581 In
608 2519 877 2581 Hundenesheim

101 2613 129 2674 et
154 2615 186 2674 in
220 2617 462 2690 Lumersheim,
492 2617 656 2680 similiter.
691 2619 729 2678 ln
759 2616 875 2690 Vulva,

103 2712 215 2772 curtem
229 2713 436 2776 Dominicam
449 2731 522 2776 cum
539 2716 656 2791 quarta
671 2715 764 2791 parte
776 2714 877 2795 banni

100 2802 194 2879 ipsius
209 2807 309 2870 villae.
334 2811 371 2870 ln
393 2809 594 2877 Birenheim,
615 2812 741 2871 curtem
764 2809 878 2871 Domi·

100 2900 195 2963 nicam
207 2919 280 2965 cum
293 2906 471 2968 medietate
485 2905 598 2966 banni.
615 2907 652 2966 ln
667 2905 875 2979 Hiltesheim,

100 3000 210 3061 cortem
222 3003 429 3064 Dominicam
440 3019 515 3065 cum
528 3002 655 3064 decima
668 3003 775 3080 ipsius
787 3003 876 3066 villae

99 3096 253 3162 ethanno
278 3100 466 3162 cumomni
492 3100 719 3162 Mundehurde
745 3115 806 3162 sua
837 3115 876 3162 ac

98 3189 246 3258 libertate.
263 3197 346 3260 Item
365 3197 400 3258 in
418 3198 491 3274 ipsa
505 3197 598 3270 villa,
618 3198 744 3260 curtem
763 3197 877 3258 Domi-

99 3288 194 3352 nicam
208 3292 249 3354 ad
264 3295 450 3356 sacrarium
463 3294 632 3371 pertinens
649 3310 723 3357 cum
739 3294 876 3356 decimis

98 3387 126 3447 et
145 3390 292 3454 omnihus
319 3392 521 3470 appenditiis
543 3393 624 3465 suis,
651 3392 779 3454 scilicet
800 3393 877 3454 Cel-

97 3480 232 3559 leaheim,
272 3489 488 3562 conenheim,
525 3490 559 3551 et
588 3489 800 3566 hagenheim.
837 3492 875 3551 ln

96 3580 330 3660 haelvesvilre,
351 3587 477 3649 curtem
496 3587 702 3653 Dominicam
721 3603 795 3649 oum
815 3602 874 3650 ec-

96 3675 185 3741 clesia
204 3684 237 3744 et
256 3683 371 3746 banno
391 3685 425 3747 et
447 3684 538 3747 omni
561 3685 718 3747 dominio.
741 3687 778 3746 In
800 3686 877 3748 Mu·-

95 3771 233 3851 terholtz,
256 3783 386 3843 curtem
409 3781 616 3847 Dominicam
636 3797 711 3842 cum
732 3781 874 3843 ecclesia

95 3870 123 3929 et
133 3871 263 3938 decimis
279 3878 388 3955 ipsius
403 3878 505 3949 villae,
522 3879 555 3940 et
569 3878 745 3940 medietate
758 3877 872 3939 hanni.

94 3966 126 4026 ln
144 3970 369 4047 Baldenheim,
403 3975 564 4052 capellam
591 3991 665 4037 cum
698 3974 874 4038 medietate

94 4061 284 4132 decimarum
310 4072 416 4149 ipsius
438 4072 541 4135 villae.
563 4074 601 4134 ln
625 4072 871 4144 wittensheim,

93 4164 209 4226 comem
248 4170 457 4231 Dominicam
484 4186 558 4231 cum
583 4168 690 4232 tribus
725 4171 874 4249 partibus

93 4253 184 4320 banni
196 4265 229 4325 et
242 4267 420 4328 ecclesiam
433 4267 538 4344 ipsius
552 4266 617 4329 loci
632 4283 706 4330 cum
724 4268 872 4330 decimis.

92 4354 125 4415 ln
146 4358 423 4435 Niveratesheim,
449 4364 608 4437 allodium
639 4367 672 4428 et
699 4366 874 4428 ecclesiam

92 4464 157 4514 cum
175 4456 313 4522 decimis
333 4460 438 4537 ipsius
456 4460 556 4523 villae.
576 4464 612 4523 lh
633 4462 871 4536 swavesheim,

91 4554 206 4616 curtem
229 4557 438 4619 Dominicam
460 4574 534 4619 cum
560 4559 736 4622 medietate
758 4558 871 4622 banni.

91 4647 123 4707 ln
141 4653 393 4728 artolvesheim,
418 4658 545 4719 curtem
567 4658 775 4719 Dominicam
798 4673 873 4720 cum

89 4747 219 4812 ecclesia
242 4754 276 4815 et
300 4754 438 4814 decimis
460 4755 567 4830 ipsius
588 4754 677 4816 villae
694 4756 728 4817 et
749 4754 871 4817 banno.

89 4842 245 4921 capellam
273 4850 310 4911 in
339 4851 512 4912 Birnheim
533 4868 607 4913 cum
632 4852 768 4914 decimis
790 4854 871 4914 suis.

89 4940 121 5001 ln
130 4946 360 5020 Gruzenheim,
376 4942 502 5011 curtem
513 4949 720 5011 Dominicam
733 4966 806 5012 cum
817 4950 874 5012 tri·

88 5033 143 5099 bus
156 5043 309 5117 partibus
323 5044 426 5106 hanni
445 5048 479 5107 et
494 5047 584 5108 omni
602 5046 748 5108 dominio
767 5048 872 5124 ipsius

86 5135 166 5199 villae
181 5144 214 5203 et
225 5143 403 5204 ecclesiam
419 5158 494 5204 oum
511 5143 649 5205 decimis
662 5145 742 5205 suis.
758 5152 792 5205 ln
804 5148 871 5206 hr-

86 5234 239 5310 zenheim,
252 5242 381 5302 curtem
392 5242 598 5302 Dominicam
611 5257 686 5303 cnm
699 5243 787 5303 omni
795 5245 872 5319 jure

85 5344 150 5392 sno.
164 5336 200 5395 In
214 5338 406 5409 Burcheim,
422 5338 567 5400 decimas
586 5340 768 5400 Dominioae
789 5355 870 5400 cur-

85 5426 134 5487 tis.
151 5432 187 5491 ln
206 5434 388 5506 castineto,
404 5436 565 5512 praedium
584 5451 697 5496 unum.
719 5438 755 5497 ln
773 5439 873 5497 Tam-

83 5520 173 5600 baco,
202 5532 366 5606 praedium
403 5547 517 5593 unum.
558 5534 596 5594 In
629 5533 869 5607 lllichirchem,

83 5622 146 5683 tres
165 5641 316 5689 mansos.
337 5632 375 5691 ln
400 5629 596 5698 offenheim,
619 5629 702 5692 duos
724 5646 869 5693 mansos.

84 5719 116 5779 ln
141 5739 226 5800 pago
252 5725 491 5804 Brisaugiensi,
518 5729 643 5790 curtem
665 5728 870 5790 Dominicam

684 411 913 474 urrsronm.
937 412 1015 473 ure.
1037 412 1123 474 vur.
1147 474 1157 493 ,

1667 412 1728 475 658

932 573 968 633 in
982 571 1064 634 villa
1074 571 1257 646 Wisvilre,
1270 587 1344 635 cum
1360 572 1513 636 omnihus
1526 572 1728 652 appenditiis

933 670 1003 730 suis
1017 670 1051 732 et
1064 670 1241 732 ecclesiam
1257 687 1331 733 cum
1347 672 1486 734 decimis
1499 672 1605 751 ipsius
1624 672 1727 744 villa,

932 765 1041 828 banno
1059 769 1093 830 et
1111 769 1201 829 omni
1223 768 1381 839 dominio,
1403 770 1497 833 salva
1519 771 1554 831 in
1573 770 1728 832 omnibus

932 865 1159 926 moderatione
1179 867 1318 928 concilii
1337 868 1516 943 generalis.
1535 870 1573 928 ln
1587 867 1726 930 Baldol-

931 961 1092 1034 vesheim,
1121 978 1239 1024 novem
1272 979 1416 1026 mansos.
1454 967 1491 1025 In
1525 964 1725 1036 Ihensheim,

932 1073 1085 1119 mansum
1100 1075 1213 1119 unum.
1231 1061 1268 1119 ln
1280 1061 1509 1132 Widensolen,
1526 1076 1678 1123 mansum
1693 1062 1729 1123 et

932 1154 1117 1217 dimidium.
1135 1159 1172 1217 ln
1189 1155 1376 1228 Uresheim,
1390 1173 1542 1219 mansum
1558 1174 1671 1219 unum.
1689 1160 1727 1218 ln

931 1252 1165 1324 Atratesheim,
1177 1255 1246 1314 tres
1257 1268 1402 1314 mansos,
1414 1257 1451 1313 In
1463 1254 1621 1326 ostheim,
1636 1270 1729 1317 man·

932 1365 1007 1410 sum
1032 1366 1146 1410 unum.
1171 1352 1207 1410 ln
1234 1350 1386 1421 Onheim,
1412 1350 1495 1412 dnos
1519 1367 1664 1414 manses.
1689 1354 1728 1413 In

931 1446 1159 1519 Veltchirhen,
1197 1447 1331 1508 mnsam
1363 1462 1464 1509 unam
1497 1447 1530 1510 et
1555 1447 1728 1509 dimidium

932 1560 1096 1606 mansum.
1119 1547 1155 1605 ln
1177 1545 1386 1618 Roleswilre,
1404 1545 1487 1608 duos
1506 1561 1652 1618 mansos,
1668 1546 1727 1607 in-

932 1657 1033 1719 super
1050 1643 1184 1705 vineam
1202 1643 1304 1703 trium
1314 1645 1471 1720 Jugerum
1487 1659 1561 1704 cum
1577 1642 1728 1705 curtibus

932 1740 1022 1816 snis3
1043 1740 1121 1800 item
1141 1738 1243 1800 aliam
1263 1739 1408 1801 vineam.
1430 1743 1468 1801 ln
1486 1741 1727 1815 Bateresheim,

932 1835 1014 1898 dnos
1029 1852 1172 1898 mansos.
1189 1840 1228 1898 In
1241 1839 1430 1911 Burcheim,
1445 1838 1619 1923 dimidium
1635 1853 1728 1900 man·

933 1950 1017 1995 sum.
1039 1936 1076 1995 In
1096 1934 1358 2010 Berelvesheim,
1382 1952 1501 1998 novem
1523 1951 1668 1998 mansos.
1690 1938 1728 1997 ln

931 2029 1217 2103 Bliemaresheim,
1238 2033 1390 2109 quartam
1405 2034 1533 2110 partem
1553 2033 1671 2095 mansi.
1690 2034 1728 2093 In

932 2127 1141 2197 Hocesheim,
1164 2129 1248 2190 duos
1271 2145 1404 2191 mansos
1425 2133 1457 2191 et
1479 2130 1663 2192 dimidium.
1689 2132 1728 2191 In

931 2225 1162 2298 Hessenheim,
1174 2225 1347 2287 dimidium
1359 2242 1522 2289 mansum.
1535 2227 1729 2289 lnhmrich·

931 2323 1040 2395 wilre,
1063 2323 1197 2386 vineam
1215 2339 1331 2395 unam.
1355 2327 1392 2385 In
1416 2323 1648 2396 Ptaffenheim,
1669 2325 1727 2386 vi-

932 2434 1030 2480 neam
1045 2435 1156 2481 unam.
1174 2424 1212 2482 In
1231 2419 1455 2494 Duhelsheim,
1476 2421 1559 2482 duos
1578 2436 1725 2482 mansos.

932 2518 970 2577 ln
982 2517 1249 2591 Hedolvesheim,
1265 2534 1417 2580 mansum
1437 2520 1470 2579 et
1489 2517 1674 2579 dimidium.
1688 2518 1729 2580 nt

931 2613 967 2673 in
986 2615 1230 2688 Mochenheim,
1251 2615 1423 2677 dimidium
1444 2631 1596 2678 mansum
1617 2617 1651 2678 et
1669 2630 1729 2676 ca·

933 2711 1056 2788 pellam
1077 2711 1112 2774 in
1128 2711 1322 2773 Ehersheim
1346 2713 1455 2785 sitam,
1479 2728 1553 2774 cum
1573 2711 1728 2774 omnibus

931 2809 1143 2886 pertinentiis
1156 2810 1237 2870 suis.

972 2908 1061 2966 sane
1083 2906 1254 2966 novalium
1275 2908 1461 2969 vestrorum
1484 2923 1557 2983 quae
1581 2905 1727 2982 propriis

931 3000 1085 3063 manibus
1099 3003 1158 3064 ant
1179 3002 1364 3079 sumptibus
1378 3002 1499 3076 colitis,
1519 3003 1591 3064 sive
1608 3001 1648 3063 de
1661 3018 1728 3064 nu-

930 3099 1096 3161 trimentis
1120 3099 1315 3160 animalium
1340 3102 1540 3168 vestrorum,
1569 3099 1726 3161 nullnsa

930 3195 1024 3258 vobis
1040 3196 1186 3257 decimas
1201 3196 1337 3273 exigere
1351 3198 1409 3260 aut
1423 3200 1622 3275 extorquere
1637 3210 1727 3273 prae-

930 3294 1049 3355 sumat.
1075 3293 1190 3355 Liceat
1211 3309 1342 3372 qnoque
1370 3294 1465 3355 vohis
1495 3295 1646 3366 clericos,
1672 3292 1725 3354 vel

930 3390 1035 3453 laicos
1058 3406 1077 3451 e
1103 3390 1226 3452 saecnlo
1246 3390 1411 3468 fugientes
1435 3392 1469 3453 et
1490 3390 1660 3454 absolutos
1682 3389 1726 3451 ad

930 3488 1182 3550 conversionem
1195 3490 1358 3565 recipere,
1375 3490 1408 3551 et
1427 3504 1484 3551 eos
1499 3489 1622 3566 absque
1639 3503 1725 3550 con-

928 3585 1128 3647 tradictione
1141 3585 1255 3663 aliqua
1266 3586 1424 3648 retinere
1440 3585 1658 3647 Prohihemns
1671 3585 1726 3646 in-

929 3699 1040 3760 super,
1069 3686 1105 3746 ut
1133 3683 1217 3745 nulli
1250 3683 1390 3746 fratrum
1421 3685 1620 3755 vestrorum,
1650 3684 1727 3760 post

929 3779 1050 3842 factam
1065 3781 1100 3842 in
1115 3781 1230 3842 eodem
1251 3781 1324 3843 loco
1343 3780 1596 3858 professionem,
1616 3779 1727 3841 fassit

928 3877 1053 3955 absque
1076 3878 1207 3940 abbatis
1231 3879 1283 3939 sui
1305 3878 1452 3949 licentia,
1477 3878 1543 3938 nisi
1567 3876 1724 3938 arctioris

929 3974 1105 4051 religionis
1118 3973 1255 4036 obtentu
1264 3975 1304 4036 de
1319 3974 1435 4036 eodem
1449 3975 1523 4037 loco
1536 3973 1723 4046 discedere;

929 4070 1153 4134 discedentem
1174 4087 1255 4135 vero
1277 4071 1402 4149 absque
1421 4071 1646 4134 communium
1668 4070 1726 4132 lit-

928 4169 1075 4231 terarum
1090 4171 1276 4231 vestrarum
1291 4170 1458 4241 cautione,
1474 4169 1588 4231 nullus
1601 4168 1725 4230 audeat

928 4265 1084 4328 retinere.
1097 4269 1204 4338 Quum
1218 4266 1330 4328 autem
1342 4266 1499 4342 generale
1511 4266 1724 4328 interdictum

928 4364 1026 4426 terrae
1042 4363 1152 4436 tuerit,
1167 4364 1267 4425 liceat
1281 4363 1377 4425 vobis
1392 4363 1516 4425 clausis
1527 4362 1653 4440 januis,
1668 4377 1725 4424 ex·

928 4461 1031 4546 clusis
1054 4461 1350 4523 excommunicatis
1373 4462 1407 4523 et
1429 4460 1628 4533 interdictis,
1656 4475 1723 4521 non

927 4558 1071 4637 pulsatis
1087 4560 1269 4635 campanis,
1294 4574 1473 4636 suppressa
1494 4573 1588 4631 voce,
1609 4557 1724 4618 divina

928 4656 1036 4718 officia
1052 4655 1233 4718 celebrare.
1251 4657 1463 4733 sepulturam
1483 4658 1645 4734 praeterea
1664 4655 1720 4730 ip-

928 4754 998 4813 sios
1013 4754 1077 4815 loci
1092 4752 1233 4814 liberam
1244 4768 1317 4815 esse
1328 4754 1547 4826 decernimus,
1561 4754 1596 4814 ut
1606 4766 1721 4813 eorum

928 4850 1095 4912 devotioni
1111 4851 1145 4912 et
1159 4851 1317 4912 extremae
1335 4851 1511 4923 voluntati,
1528 4851 1585 4929 qui
1599 4866 1636 4911 se
1650 4848 1721 4909 illic

927 4947 1063 5024 sepeliri
1076 4945 1346 5029 deliberaverint,
1358 4949 1424 5009 nisi
1436 4947 1521 5010 torte
1533 4962 1721 5009 exeommu-

927 5044 1030 5106 nicati
1053 5045 1105 5105 vel
1131 5044 1301 5107 interdicti
1330 5046 1407 5118 sint,
1434 5046 1547 5106 nullus
1568 5043 1718 5115 obsistat,

927 5141 1020 5203 salva
1032 5143 1142 5203 mmen
1154 5142 1286 5218 justitia
1300 5142 1434 5204 illarum
1453 5142 1682 5215 ecclesiarum,
1698 5157 1719 5202 a

927 5239 1046 5315 quihus
1082 5242 1286 5302 mortuorum
1321 5255 1462 5316 corpora
1491 5240 1717 5302 assumuntur.

927 5337 1075 5398 Obeunte
1089 5354 1170 5399 vero
1185 5339 1229 5409 te,
1244 5352 1333 5399 nunc
1347 5337 1496 5415 ejusdem
1510 5337 1575 5399 loci
1588 5335 1717 5409 abbate,

926 5435 1134 5496 veltuorum
1164 5435 1310 5512 quolibet
1339 5450 1579 5507 successorum,
1605 5435 1719 5496 nullus

925 5531 971 5592 ihi
994 5532 1143 5610 qualibet
1163 5532 1387 5610 subreptionis
1413 5533 1548 5605 astutia,
1573 5548 1632 5595 seu
1652 5534 1721 5596 vio-

925 5629 1027 5693 lentia
1044 5631 1268 5708 preponatur,
1284 5629 1349 5692 nisi
1371 5645 1468 5707 qoem
1487 5630 1609 5694 tratres
1628 5646 1719 5694 com-

926 5729 1016 5789 muni
1043 5742 1219 5800 consensu,
1235 5729 1288 5789 vel
1319 5727 1457 5790 fratrum
1485 5744 1563 5807 pars
1586 5728 1718 5791 consilii
