3916 6204
121 272 172 333 257
698 265 927 330 EPISTOLAE.

121 427 224 492 debean
241 424 425 503 brnusmodi
443 422 562 500 copula
580 425 720 486 tolerari
734 424 793 505 (2).
817 428 890 491 Νο-

120 527 213 589 lantes
224 523 320 599 igitur
333 520 366 583 id
381 520 436 584 vel
449 521 673 583 indiscussum
686 523 890 601 relinquere,

120 623 175 691 val.
189 622 216 682 si
227 635 337 681 verum
352 618 413 690 est,
434 617 496 679 sub
511 618 779 683 dissimulacone
792 622 891 682 tran-

121 720 188 790 sire,
214 716 401 779 discretioni
428 718 561 788 vestrae,
589 717 665 788 etc,
690 721 825 791 relicua
852 719 891 779 ut

117 830 222 891 supra.
236 816 352 877 uatum
364 812 533 886 Laterani,
556 815 647 875 XVII
667 813 735 876 kal.
756 814 891 876 decem-

118 911 186 975 bris.

949 268 1028 329 LIB.
1052 269 1138 329 v111.
1681 272 1744 334 458

945 443 1019 488 mus
1034 427 1067 488 et
1080 427 1262 505 rogandam
1274 430 1449 505 quatenns,
1465 429 1495 491 sl
1510 429 1594 492 torte
1609 429 1650 492 ab
1665 431 1740 508 lpsa

945 523 1061 598 regina
1076 524 1130 585 vel
1144 525 1268 586 nuncio
1292 527 1377 601 ejus,
1401 541 1461 587 seu
1486 525 1634 604 quolibet
1659 526 1739 599 alio,

945 636 1047 697 super
1056 621 1120 684 hoc
1135 621 1239 682 fueris
1253 622 1445 699 requisitus,
1458 638 1574 701 eornm
1585 623 1740 700 precibus

945 732 1044 778 aures
1071 717 1193 794 regias,
1217 719 1321 781 donec
1345 722 1413 795 jam
1439 720 1528 783 dicta
1552 737 1654 783 causa
1678 737 1734 782 na-

945 814 1062 875 talium
1083 815 1272 891 apostolico
1291 815 1420 893 judicio
1444 817 1542 879 tinem
1561 818 1738 895 acceperit,

945 927 1012 972 non
1024 911 1178 973 inclines.
1192 914 1311 974 Datum
1327 915 1495 986 Laterani,
1509 917 1600 976 XVII
1617 914 1739 978 kalen-

945 1006 1063 1069 darum
1084 1008 1280 1081 decembris,
1302 1011 1513 1086 pontificatus
1527 1012 1633 1075 nostri
1648 1027 1737 1074 anno

874 1096 879 1105 '
945 1106 1074 1167 octavo.

458 1196 527 1282 XL

117 1365 373 1428 AdLudootcum
399 1366 492 1437 ΠΗ,
514 1368 735 1428 Francorum
757 1379 887 1441 repom.

343 1511 378 1572 lli
400 1510 533 1570 novemb.
560 1513 639 1571 2223.

215 1653 349 1719 [ccupat
366 1653 426 1705 Rea.
438 1653 484 1705 des
497 1652 574 1716 ilict,
585 1654 653 1712 xix,
669 1667 695 1719 p.
717 1652 771 1705 733.

305 1734 416 1798 Regnat,
426 1732 472 1783 lib.
489 1733 556 1792 VIII,
567 1748 607 1798 sp.
622 1733 675 1799 822]

114 1869 257 1927 Pramouet
271 1882 372 1943 regem
387 1866 530 1926 Honorius
543 1874 584 1937 ut,
600 1867 626 1924 si
639 1867 723 1942 cypri
737 1866 838 1941 regina
851 1867 888 1927 da
920 1854 933 1879 '

142 1956 291 2031 campanie
298 1957 435 2015 comitatu
446 1955 632 2029 questionem
641 1970 802 2028 proponere
812 1954 887 2029 apud

142 2060 199 2103 eum
208 2045 282 2115 velit,
297 2057 356 2102 non
367 2043 497 2102 audiatur
505 2044 563 2113 illo,
574 2042 666 2101 donec
677 2043 739 2116 eius
749 2045 886 2102 natalium

141 2144 218 2188 causa
232 2132 330 2189 Rome
344 2131 495 2188 terminata
510 2129 603 2187 luerit.

145 2275 299 2336 Honorius
306 2274 520 2352 episcopus...
530 2273 705 2335 carissimo
713 2274 749 2335 in
755 2273 886 2336 christo

112 2369 170 2433 tilio
180 2371 355 2444 Ludovico,
370 2371 443 2447 regi
456 2372 660 2432 Francorum
676 2370 810 2443 illustri,
825 2386 884 2432 sa-

30 2498 32 2503 ·
112 2467 210 2541 lutam,
225 2469 286 2532 etc.

142 2568 236 2629 Tuam
249 2583 317 2628 non
342 2565 509 2628 credimus
530 2564 636 2629 latere
659 2564 884 2641 prudentiam,

111 2676 229 2724 causam
242 2663 404 2726 natalium
416 2663 599 2725 carissimae
613 2662 648 2724 in
660 2663 793 2724 Christo
806 2662 885 2725 tiliae

110 2760 217 2822 nostrae
226 2760 368 2822 illustris
377 2760 503 2837 reginae
515 2760 614 2837 cypri
623 2756 671 2839 (2)
684 2757 726 2820 ad
742 2774 885 2821 examen

111 2857 253 2930 nostrum,
269 2859 385 2935 utpote
399 2873 472 2934 quaa
488 2857 529 2918 ad
553 2857 662 2917 iorum
681 2856 886 2918 ecclesiasti·

110 2967 173 3014 cum
181 2955 332 3031 pertinet,
340 2953 535 3031 jamdudum
543 2969 618 3015 esse
627 2952 781 3015 delatam.
791 2953 885 3015 Unde

110 3049 195 3112 clara
208 3051 377 3114 memoriae
388 3050 577 3128 Philippum
591 3065 704 3126 regem
718 3050 882 3123 Franciae,

110 3147 221 3224 patrem
249 3150 355 3221 tuum,
382 3147 502 3209 litteris
531 3146 654 3208 nostris
692 3147 884 3209 curavimus

109 3246 360 3320 praemonerent,
377 3245 407 3306 si
421 3244 534 3306 forsan
548 3244 666 3319 regina
690 3243 762 3320 ipsa
785 3259 886 3322 super

110 3343 303 3405 successione
319 3342 495 3404 comitatus
508 3341 699 3418 campaniae
720 3341 881 3419 quaestio·

108 3453 173 3500 nem
186 3441 384 3518 proponeret
393 3453 505 3500 coram
516 3454 567 3510 ec,
579 3453 646 3500 non
659 3437 790 3500 audiret
799 3454 886 3500 eam·

107 3533 181 3609 dem,
208 3551 380 3615 quousque
403 3535 583 3598 terminata
612 3535 702 3598 esset
725 3535 885 3612 praedicta

1299 1455 1386 1542 XLI

982 1622 1034 1681 Ad
1050 1623 1279 1683 Laurentium
1293 1626 1489 1698 episcopum
1516 1625 1696 1688 Wrcttstu·

1254 1722 1420 1781 alcusam.

1225 1868 1259 1925 27
1278 1881 1344 1925 nov.
1366 1868 1446 1927 2223.

1050 2007 1179 2071 [chainan
1190 2008 1304 2059 Monam.
1318 2009 1440 2070 rotante,
1451 2011 1470 2068 1,
1482 2010 1522 2072 22,
1532 2026 1558 2061 ιι.
1568 2010 1621 2077 cb]

940 2147 1058 2207 Mandat
1076 2157 1106 2208 ut
1128 2149 1261 2208 insistant
1281 2149 1357 2224 apud
1377 2151 1544 2224 episcopum
1561 2154 1731 2212 cracovien-

975 2245 1092 2303 camut
1107 2237 1238 2309 deposito
1258 2237 1357 2296 habitu
1376 2238 1538 2298 monachali
1553 2240 1588 2299 ad
1604 2244 1734 2317 regimen

975 2340 1036 2384 sue
1049 2327 1180 2385 ecclesie
1194 2324 1302 2385 redeat.
1442 2308 1455 2340 '

979 2470 1149 2532 Honorius
1163 2469 1351 2547 episcopus,
1365 2472 1441 2543 etc,
1460 2472 1644 2535 venerabili
1659 2472 1734 2536 cra·

940 2566 1022 2628 tri...
1038 2567 1194 2644 episcopo
1208 2567 1491 2641 wratislaviensi,
1510 2570 1579 2632 et..
1602 2570 1734 2633 dilectis

940 2663 1055 2725 tiliis...
1096 2663 1208 2727 abbati
1246 2664 1390 2727 Lubensi
1429 2666 1463 2728 et
1496 2667 1531 2727 c.
1569 2668 1734 2730 monacho

940 2760 1105 2836 quondam
1120 2761 1320 2824 scholastico
1335 2762 1615 2836 wratislaviensi,
1636 2765 1736 2826 saln-

939 2857 1017 2928 tem,
1031 2858 1094 2919 etc.

979 2953 1127 3025 Quodam
1147 2955 1265 3017 nuntio
1288 2955 1489 3017 venerabilis
1512 2955 1631 3019 fratris
1648 2974 1737 3019 nos-

938 3050 1020 3112 tri...
1037 3052 1267 3113 cracoviensis
1291 3053 1440 3130 episcopi
1460 3054 1540 3115 olim
1561 3054 1598 3114 in
1614 3054 1733 3117 nostra

940 3148 1117 3223 praesentia
1133 3149 1349 3225 proponente,
1373 3149 1459 3227 quod
1483 3150 1570 3211 idem
1596 3150 1731 3226 episco-

939 3260 1001 3322 pus
1015 3245 1093 3307 voto
1108 3246 1141 3307 et
1150 3246 1342 3322 juramento
1357 3246 1534 3308 tenebatur
1552 3246 1743 3335 adstrictus,

939 3356 1109 3405 assumere
1123 3341 1274 3405 habitum
1294 3343 1494 3419 regularem,
1513 3360 1554 3406 ac
1573 3360 1616 3405 ex
1638 3345 1733 3421 parte

939 3439 1045 3515 ipsius
1061 3439 1235 3503 humiliter
1253 3440 1471 3516 supplicante,
1495 3441 1531 3504 ut
1550 3441 1656 3503 eidem
1671 3457 1734 3503 ce-

939 3535 1039 3598 dendi
1049 3535 1219 3597 licentiam
1232 3536 1443 3612 largiremur,
1458 3552 1519 3600 nos
1530 3537 1610 3600 licet
1620 3538 1735 3616 hujus·

107 3646 197 3695 causa
210 3635 384 3706 natalium,
399 3648 441 3695 ex
456 3648 521 3710 qua
531 3631 590 3693 illa
603 3632 751 3694 noscitur
760 3632 886 3710 depen-
939 3632 1028 3694 modi
1044 3632 1243 3710 supplicatio
1258 3632 1354 3695 nobis
1369 3635 1457 3696 esset
1480 3635 1593 3710 gravis
1616 3634 1733 3697 admo-

107 3727 174 3793 dere
185 3729 242 3811 (3).
259 3732 354 3795 Licet
367 3746 458 3807 ergo,
482 3729 569 3793 sicut
592 3729 698 3791 eidem
718 3720 805 3805 patri
826 3730 884 3791 tuo
939 3729 1016 3791 dum
1031 3731 1065 3791 ot
1078 3745 1205 3803 amara,
1221 3745 1261 3791 ao
1276 3730 1362 3807 qnod
1379 3729 1486 3791 dictus
1509 3730 1681 3792 dicebatur
1694 3732 1730 3792 in

107 3828 296 3905 scripsimus,
314 3828 456 3891 velimus
471 3826 622 3903 reginam
643 3827 750 3903 ipsam
765 3827 801 3887 in
813 3826 884 3888 suis
939 3818 1167 3903 spiritualibus
1182 3826 1372 3896 salubriter,
1388 3828 1422 3888 et
1442 3826 1476 3888 in
1492 3827 1734 3904 temporalibus

102 3924 191 4000 tastis
213 3924 430 4004 petitionibus
459 3923 625 3995 exaudiri,
655 3923 733 4000 quia
758 3925 884 3997 tamen,
938 3922 1066 3984 utiliter
1077 3922 1296 3995 ministrasse,
1317 3938 1360 3984 ne
1380 3924 1492 3984 tamen
1511 3925 1584 3999 ejus
1599 3923 1732 3986 ridere-

106 4020 266 4097 untequam
280 4020 445 4082 natalium
456 4034 559 4081 causa
571 4017 749 4081 terminata
759 4018 814 4085 sit,
830 4018 885 4079 de·
939 4035 1013 4080 mur
1026 4019 1178 4081 invidere
1191 4019 1306 4096 quieti,
1319 4018 1414 4080 vobis
1427 4020 1577 4082 dedimus
1592 4020 1628 4083 in
1640 4036 1731 4085 man·

106 4116 418 4191 pandentemenilla
434 4115 657 4181 successionis
673 4129 810 4176 causam
825 4114 886 4176 in·-
938 4116 1036 4189 datis,
1062 4118 1099 4178 ut
1123 4117 1308 4178 cessionem
1341 4132 1435 4177 suam
1468 4117 1674 4195 reciperetis,
1701 4118 1731 4180 si

107 4211 204 4289 cipere
216 4215 303 4276 nihil
327 4213 419 4275 aliud
433 4212 522 4274 esset
535 4227 633 4290 quam
649 4212 884 4288 diversispro»
937 4214 1048 4277 tamen
1064 4216 1154 4275 esset
1165 4212 1365 4285 voluntaria,
1382 4214 1456 4275 vice
1479 4215 1605 4283 nostra,
1622 4231 1684 4276 usu
1700 4214 1732 4278 ei

108 4309 241 4373 nasibus
255 4311 417 4374 intricare
430 4310 612 4386 negotium,
628 4310 662 4371 et
685 4308 882 4371 contusione
937 4309 1177 4387 pontificalium
1202 4312 1382 4382 reservato,
1408 4310 1569 4374 iacientes
1598 4311 1662 4389 ipsi
1689 4312 1730 4375 de

105 4407 232 4482 matam
253 4409 406 4471 ordinem
423 4407 545 4485 judicii
566 4406 774 4484 perturbare,
791 4407 884 4468 tuam
936 4406 1033 4467 bonis
1049 4405 1279 4467 cracoviensis
1303 4406 1455 4468 ecclesias
1478 4423 1627 4483 congrue
1648 4424 1731 4486 pro-

104 4515 220 4585 auoque
244 4504 462 4571 serenitatem
488 4503 756 4580 praemonendam
784 4502 884 4564 duxi-
937 4502 1055 4566 videri.
1071 4503 1188 4578 Nuper
1206 4504 1317 4563 antam
1337 4503 1480 4576 vestras,
1499 4504 1732 4568 cracoviensis

131 4722 169 4797 (2)
191 4726 223 4783 ln
243 4739 334 4809 opere
352 4723 388 4782 de
411 4723 621 4797 investigandis
641 4721 785 4780 chronicis
807 4722 884 4805 notis
938 4721 986 4779 nlo
1004 4722 1131 4805 vulgata,
1148 4727 1168 4778 t.
1189 4723 1202 4779 l
1221 4721 1398 4805 collectionis
1410 4722 1632 4807 Amplisr.,·col.
1651 4723 1733 4795 lico,

102 4791 180 4862 (tart
192 4797 225 4853 de
235 4797 350 4870 suaper
366 4796 405 4853 tes
418 4796 506 4864 duca,
527 4804 604 4852 tome
618 4795 669 4863 lll,
690 4808 718 4866 p.
736 4793 793 4866 26),
809 4794 881 4865 legr-
938 4807 999 4851 rem
1008 4792 1113 4850 diserte
1124 4792 1292 4862 adstrueret,
1304 4808 1328 4849 ει
1338 4792 1453 4850 aliunde
1461 4793 1644 4866 probationes
1652 4793 1734 4852 dees·

101 4868 140 4920 tur
152 4866 341 4994 Margaretom
357 4866 488 4937 nupsisse
504 4864 653 4923 cuillelmo
667 4862 703 4920 de
716 4865 881 4935 Dampetra,
937 4869 1019 4920 sent:
1036 4884 1047 4913 ι
1065 4863 1167 4920 Sciatis
1181 4863 1307 4933 insuper,
1328 4863 1419 4936 inquit
1437 4864 1637 4937 ingelrannus,
1656 4864 1732 4937 quod

101 4945 168 4991 anno
190 4937 203 4992 2
226 4938 269 4995 lc.
297 4936 408 4994 Erroris
427 4940 524 4993 antem
543 4935 671 5007 arguitur
691 4941 799 5001 auctor,
824 4941 883 4990 tum
939 4934 999 5005 ipsa
1015 4931 1072 5001 dle,
1094 4932 1209 5004 quando
1228 4932 1328 4990 littere
1349 4940 1451 4991 vestre
1468 4933 1503 4992 ad
1524 4942 1732 5004 mevenerunt,

102 5002 314 5064 Hononiverbis
327 5004 562 5077 inbacepistola,
578 5018 654 5061 nuuc
667 5005 885 5061 contractiorem
938 5002 1008 5060 aiibi
1023 5002 1170 5059 verIssime
1191 5001 1297 5060 dictum
1312 5002 1446 5076 estquod
1464 5003 1597 5061 dominus
1615 5004 1731 5063 culllel·
1790 5027 1794 5033 ⁴

100 5074 151 5135 olto
166 5077 399 5146 naumann
418 5084 477 5134 tum
496 5075 625 5148 ejusdem
643 5074 743 5132 litteris
754 5074 885 5146 superins
938 5088 1002 5130 mus
1016 5072 1052 5129 de
1067 5075 1220 5145 nampetra
1234 5087 1362 5131 sororem
1374 5073 1528 5131 comitisse
1549 5073 1740 5137 rtanorensis.

100 5146 225 5216 recitatis,
239 5146 442 5218 lib.Vl,epist.
459 5144 589 5213 bbettrti,
603 5144 884 5216 qulbusltoueruar·
938 5142 1083 5200 dominam
1107 5143 1339 5201 llannoniensem
1368 5144 1487 5202 duxerat
1516 5143 1544 5198 in
1570 5158 1698 5203 uxorem.
1719 5167 1735 5197 ι

99 5223 229 5368 eIs'IIIffi,
243 5212 885 5346 &miticiesacanIInItuIcIlIIIdIotIgnIevmesnIgl
939 5211 1141 5366 (BIffiIIcIoe,
1161 5281 1255 5367 vidum
1278 5290 1346 5341 tunc
1366 5283 1498 5365 lingonis
1523 5281 1737 5366 de-Leziniacn

130 5357 390 5415 rturcollocandum
409 5356 520 5414 videtur
541 5357 789 5427 Margareuecum
805 5355 881 5412 curl-
938 5369 952 5411 r
992 5369 1027 5423 rs,
1043 5352 1108 5411 tiliae
1129 5352 1243 5411 llenrrcr
1263 5356 1290 5411 ll
1309 5355 1473 5426 campanie
1491 5359 1604 5410 comitis
1627 5357 1731 5413 ctlsa·

98 5422 176 5482 leno
199 5427 236 5484 de
264 5430 417 5501 campetra
438 5425 658 5507 matrimonium·
680 5426 753 5483 eirca
776 5440 884 5508 annum
938 5369 1020 5482 beeIla
1034 5424 1412 5508 reginas..terosolymitanoe.
1436 5423 1591 5497 conquat.)

99 5493 170 5553 naa.
192 5498 332 5555 Preterea
353 5496 472 5570 epistola
494 5494 661 5569 ingelranni
677 5495 714 5552 da
733 5496 845 5554 codicia
987 5493 1016 5567 3)
1038 5494 1111 5556 Vide
1131 5493 1180 5551 nb.
1204 5496 1255 5561 lll,
1274 5500 1358 5565 epist.
1374 5493 1438 5563 222,
1463 5492 1509 5553 ad¹
1522 5508 1629 5554 annum
1652 5496 1744 5566 2229,

99 5563 130 5623 ad
143 5566 335 5627 theobaldum
349 5567 513 5641 &nnana
526 5565 670 5636 comitem,
692 5579 708 5622 a
727 5567 759 5624 u.
775 5567 837 5626 ilar
868 5595 879 5609 ·
938 5573 961 5624 t.
993 5568 1029 5636 ll,
1043 5565 1098 5624 col.
1112 5564 1174 5623 233.
